{"gold_per_floor":[14,28,4,14,27,53,53,83,83,117,117,132,163,163,163,256,256,280,14,14,14,30,30,61,61,86,86,127,127,177,177,177,177],"floor_reached":33,"playtime":1934,"items_purged":[],"score":693,"play_id":"f638d92e-bb55-428f-a3be-abee7f9aea6f","local_time":"20190508122908","is_ascension_mode":true,"campfire_choices":[{"floor":7,"key":"REST"},{"data":"Finisher","floor":11,"key":"SMITH"},{"data":"Neutralize","floor":15,"key":"SMITH"},{"data":"A Thousand Cuts","floor":23,"key":"SMITH"},{"data":"Well Laid Plans","floor":25,"key":"SMITH"},{"floor":27,"key":"REST"},{"data":"Panache","floor":32,"key":"SMITH"}],"neow_cost":"NO_GOLD","seed_source_timestamp":1361296375447009,"circlet_count":0,"master_deck":["AscendersBane","Defend_G","Defend_G","Defend_G","Defend_G","Defend_G","Strike_G","Strike_G","Strike_G","Strike_G","Strike_G","Survivor","Neutralize+1","Die Die Die","Flying Knee","Finisher+1","Backflip","Sucker Punch","Well Laid Plans+1","Dash","Crippling Poison+1","Backflip+1","Cloak And Dagger+1","A Thousand Cuts+1","PiercingWail+1","Backflip+1","Panache+1","Footwork","Backflip+1","Backflip+1","Writhe"],"relics":["Ring of the Snake","Toxic Egg 2","Centennial Puzzle","Lantern","Shuriken","Happy Flower","Golden Idol","Black Star","Juzu Bracelet","PreservedInsect","Smiling Mask","Blood Vial","Boot","Vajra"],"potions_floor_usage":[6,8,10,13,22,33],"damage_taken":[{"damage":4,"enemies":"Cultist","floor":1,"turns":6},{"damage":0,"enemies":"Small Slimes","floor":2,"turns":2},{"damage":2,"enemies":"2 Louse","floor":4,"turns":3},{"damage":13,"enemies":"Lots of Slimes","floor":5,"turns":4},{"damage":15,"enemies":"3 Sentries","floor":6,"turns":6},{"damage":10,"enemies":"Lagavulin","floor":8,"turns":4},{"damage":0,"enemies":"Gremlin Nob","floor":10,"turns":3},{"damage":0,"enemies":"Blue Slaver","floor":12,"turns":2},{"damage":8,"enemies":"Lagavulin","floor":13,"turns":8},{"damage":1,"enemies":"The Guardian","floor":16,"turns":11},{"damage":0,"enemies":"3 Byrds","floor":18,"turns":4},{"damage":1,"enemies":"Spheric Guardian","floor":22,"turns":3},{"damage":33,"enemies":"Book of Stabbing","floor":24,"turns":6},{"damage":16,"enemies":"Slavers","floor":28,"turns":5},{"damage":23,"enemies":"Collector","floor":33,"turns":9}],"seed_played":"315413671556618910","potions_obtained":[{"floor":1,"key":"Poison Potion"},{"floor":2,"key":"Swift Potion"},{"floor":6,"key":"FearPotion"},{"floor":10,"key":"Dexterity Potion"},{"floor":13,"key":"SkillPotion"},{"floor":18,"key":"GhostInAJar"},{"floor":20,"key":"Energy Potion"},{"floor":22,"key":"Explosive Potion"}],"is_trial":false,"path_per_floor":["M","M","$","M","M","E","R","E","T","E","R","M","E","?","R","B",null,"M","$","?","$","M","R","E","R","T","R","E","?","?","?","R","B"],"character_chosen":"THE_SILENT","items_purchased":["Backflip","Backflip+1","Panache"],"campfire_rested":2,"item_purchase_floors":[3,19,19],"current_hp_per_floor":[55,55,55,53,40,25,44,34,34,34,34,34,26,26,26,25,51,51,51,51,51,50,50,17,17,17,35,19,19,19,19,19,0],"gold":177,"neow_bonus":"THREE_RARE_CARDS","is_prod":false,"is_daily":false,"chose_seed":false,"campfire_upgraded":5,"win_rate":0,"timestamp":1557332948,"path_taken":["M","M","?","M","M","E","R","E","T","E","R","M","E","?","R","BOSS","M","$","?","$","?","R","E","R","T","R","E","?","?","?","R","BOSS"],"build_version":"2019-01-23","purchased_purges":0,"victory":false,"max_hp_per_floor":[66,66,66,66,66,66,66,66,66,66,66,66,66,60,60,60,60,60,60,60,60,60,60,60,60,60,60,60,60,60,60,60,60],"card_choices":[{"not_picked":["Burst","Phantasmal Killer"],"picked":"Die Die Die","floor":0},{"not_picked":["Flechettes","Masterful Stab"],"picked":"Flying Knee","floor":1},{"not_picked":["Accuracy","Catalyst"],"picked":"Finisher","floor":2},{"not_picked":["Choke","Backflip"],"picked":"Sucker Punch","floor":4},{"not_picked":["Acrobatics","Bane"],"picked":"Well Laid Plans","floor":5},{"not_picked":["Blade Dance","Eviscerate","Venomology"],"picked":"SKIP","floor":6},{"not_picked":["Bane","Slice"],"picked":"Dash","floor":8},{"not_picked":["Underhanded Strike","Accuracy"],"picked":"Crippling Poison+1","floor":10},{"not_picked":["Eviscerate","Sucker Punch"],"picked":"Backflip+1","floor":12},{"not_picked":["Blur+1","Blade Dance+1"],"picked":"Cloak And Dagger+1","floor":13},{"not_picked":["Glass Knife","Wraith Form v2"],"picked":"A Thousand Cuts","floor":16},{"not_picked":["Quick Slash","Backstab"],"picked":"PiercingWail+1","floor":18},{"not_picked":["Poisoned Stab","Blur+1"],"picked":"Footwork","floor":22},{"not_picked":["Quick Slash","Underhanded Strike"],"picked":"Backflip+1","floor":24},{"not_picked":["Expertise+1","Acrobatics+1"],"picked":"Backflip+1","floor":28}],"player_experience":2468288,"relics_obtained":[{"floor":6,"key":"Toxic Egg 2"},{"floor":8,"key":"Centennial Puzzle"},{"floor":9,"key":"Lantern"},{"floor":10,"key":"Shuriken"},{"floor":13,"key":"Happy Flower"},{"floor":24,"key":"Juzu Bracelet"},{"floor":24,"key":"PreservedInsect"},{"floor":26,"key":"Smiling Mask"},{"floor":28,"key":"Blood Vial"},{"floor":28,"key":"Boot"}],"event_choices":[{"damage_healed":0,"gold_gain":0,"player_choice":"Lose Max HP","damage_taken":0,"relics_obtained":["Golden Idol"],"max_hp_gain":0,"max_hp_loss":6,"event_name":"Golden Idol","floor":14,"gold_loss":0},{"damage_healed":0,"gold_gain":0,"player_choice":"Got Potions","damage_taken":0,"max_hp_gain":0,"max_hp_loss":0,"event_name":"Lab","floor":20,"gold_loss":0},{"damage_healed":0,"gold_gain":0,"player_choice":"Opened","damage_taken":0,"relics_obtained":["Vajra"],"max_hp_gain":0,"max_hp_loss":0,"event_name":"The Mausoleum","floor":29,"gold_loss":0,"cards_obtained":["Writhe"]},{"damage_healed":0,"gold_gain":100,"player_choice":"Bet on Murderer","damage_taken":0,"max_hp_gain":0,"max_hp_loss":0,"event_name":"The Joust","floor":30,"gold_loss":50},{"damage_healed":0,"gold_gain":0,"player_choice":"0 cards matched","damage_taken":0,"max_hp_gain":0,"max_hp_loss":0,"event_name":"Match and Keep!","floor":31,"gold_loss":0,"cards_obtained":[]}],"is_beta":false,"boss_relics":[{"not_picked":["Ectoplasm","Snecko Eye"],"picked":"Black Star"}],"items_purged_floors":[],"is_endless":false,"potions_floor_spawned":[1,2,6,10,13,18,22],"killed_by":"Collector","ascension_level":20}