{"gold_per_floor":[118,118,128,148,168,13,43,43,68,84,159,159,172,184,184,283,333,345,1,14,14,28,60,60,75,121,121,138,138,163,4,4,109,109,119,129,149,0,19,19,33,33,57,57,57,82,97,3,3,3,3,3,3,29,29],"floor_reached":55,"playtime":4165,"items_purged":["Pain","Strike_R","Strike_R","Parasite"],"score":791,"play_id":"4fa0553e-89f1-44e2-8578-b85d2313053e","local_time":"20190320020604","is_ascension_mode":false,"campfire_choices":[{"data":"Feed","floor":8,"key":"SMITH"},{"data":"Armaments","floor":12,"key":"SMITH"},{"data":"Whirlwind","floor":15,"key":"SMITH"},{"data":"Barricade","floor":24,"key":"SMITH"},{"data":"Feel No Pain","floor":27,"key":"SMITH"},{"data":"Flame Barrier","floor":29,"key":"SMITH"},{"floor":32,"key":"REST"},{"floor":40,"key":"REST"},{"floor":42,"key":"RECALL"},{"data":"Flame Barrier","floor":44,"key":"SMITH"},{"data":"Limit Break","floor":49,"key":"SMITH"},{"data":"Inflame","floor":52,"key":"SMITH"}],"neow_cost":"PERCENT_DAMAGE","seed_source_timestamp":257467022311374,"circlet_count":0,"master_deck":["Strike_R","Strike_R+1","Defend_R","Defend_R","Defend_R","Defend_R","Bash","Feed+1","Headbutt","Flame Barrier+1","Armaments+1","Feel No Pain+1","Whirlwind+1","Rampage","Pommel Strike","Barricade+1","Flame Barrier+1","Pommel Strike+1","Shrug It Off","Shockwave+1","Ghostly Armor","Inflame+1","Carnage","Limit Break+1","Evolve+1","Warcry+1","Body Slam+1","Panache","Flame Barrier","Inflame","Flex+1"],"relics":["Burning Blood","WarpedTongs","Anchor","Tiny House","Membership Card","PreservedInsect","Smiling Mask","Vajra","Bronze Scales","Runic Dome","Red Mask","Oddly Smooth Stone","Blood Vial","StoneCalendar"],"potions_floor_usage":[7,7,18,20,22,23,28,33,33,33,47,47,50,55],"damage_taken":[{"damage":0,"enemies":"2 Louse","floor":1,"turns":2},{"damage":8,"enemies":"Cultist","floor":3,"turns":4},{"damage":9,"enemies":"Small Slimes","floor":4,"turns":5},{"damage":7,"enemies":"Gremlin Gang","floor":5,"turns":6},{"damage":22,"enemies":"Gremlin Nob","floor":7,"turns":6},{"damage":2,"enemies":"Blue Slaver","floor":10,"turns":4},{"damage":0,"enemies":"Looter","floor":13,"turns":2},{"damage":0,"enemies":"Gremlin Gang","floor":14,"turns":7},{"damage":40,"enemies":"Slime Boss","floor":16,"turns":12},{"damage":3,"enemies":"Chosen","floor":18,"turns":8},{"damage":7,"enemies":"Shell Parasite","floor":20,"turns":14},{"damage":0,"enemies":"Centurion and Healer","floor":22,"turns":11},{"damage":77,"enemies":"Gremlin Leader","floor":23,"turns":16},{"damage":15,"enemies":"Shelled Parasite and Fungi","floor":25,"turns":9},{"damage":17,"enemies":"Snake Plant","floor":28,"turns":6},{"damage":35,"enemies":"Book of Stabbing","floor":30,"turns":8},{"damage":61,"enemies":"Automaton","floor":33,"turns":14},{"damage":15,"enemies":"Orb Walker","floor":35,"turns":7},{"damage":14,"enemies":"3 Darklings","floor":36,"turns":4},{"damage":8,"enemies":"Writhing Mass","floor":37,"turns":10},{"damage":52,"enemies":"Maw","floor":39,"turns":9},{"damage":0,"enemies":"4 Shapes","floor":41,"turns":9},{"damage":0,"enemies":"Giant Head","floor":46,"turns":9},{"damage":38,"enemies":"Transient","floor":47,"turns":5},{"damage":76,"enemies":"Donu and Deca","floor":50,"turns":14},{"damage":85,"enemies":"Shield and Spear","floor":54,"turns":10},{"damage":83,"enemies":"The Heart","floor":55,"turns":8}],"seed_played":"2717684677849361465","potions_obtained":[{"floor":4,"key":"Weak Potion"},{"floor":5,"key":"SkillPotion"},{"floor":14,"key":"LiquidBronze"},{"floor":16,"key":"GamblersBrew"},{"floor":17,"key":"Energy Potion"},{"floor":18,"key":"EssenceOfSteel"},{"floor":23,"key":"SteroidPotion"},{"floor":25,"key":"Regen Potion"},{"floor":36,"key":"Fire Potion"},{"floor":37,"key":"Fire Potion"},{"floor":41,"key":"Swift Potion"},{"floor":46,"key":"SteroidPotion"},{"floor":54,"key":"Dexterity Potion"}],"is_trial":false,"path_per_floor":["M","?","M","M","M","$","E","R","T","M","?","R","M","M","R","B",null,"M","$","M","?","M","E","R","M","T","R","M","R","E","$","R","B",null,"M","M","M","?","M","R","M","R","T","R","?","E","M","$","R","B",null,"R","$","E","B"],"character_chosen":"IRONCLAD","items_purchased":["Feel No Pain","Membership Card","PreservedInsect","Shrug It Off","AttackPotion","Inflame","AttackPotion","Carnage","Inflame","AttackPotion"],"campfire_rested":2,"item_purchase_floors":[6,19,19,19,31,31,31,31,48,48],"current_hp_per_floor":[65,65,67,67,70,70,58,58,58,66,56,56,66,76,76,46,119,123,123,126,126,131,64,64,59,59,59,67,67,38,38,80,25,143,134,126,128,128,82,126,136,136,136,136,136,146,116,116,116,52,156,156,156,81,0],"gold":29,"neow_bonus":"THREE_RARE_CARDS","is_prod":false,"is_daily":false,"chose_seed":false,"campfire_upgraded":9,"win_rate":0,"timestamp":1553061964,"path_taken":["M","?","M","M","?","$","E","R","T","M","?","R","M","?","R","BOSS","M","$","M","?","M","E","R","M","T","R","M","R","E","$","R","BOSS","M","M","?","?","M","R","M","R","T","R","?","E","M","$","R","BOSS","R","$","E","BOSS"],"build_version":"2019-01-23","purchased_purges":4,"victory":false,"max_hp_per_floor":[83,83,87,90,94,94,98,98,98,102,102,102,106,110,110,114,119,123,123,127,127,131,135,135,139,139,139,143,143,143,143,143,143,143,143,143,147,147,147,147,151,151,151,151,151,155,155,152,152,156,156,156,156,160,160],"card_choices":[{"not_picked":["Impervious","Offering"],"picked":"Feed","floor":0},{"not_picked":["Rupture","Pummel"],"picked":"Headbutt","floor":1},{"not_picked":["Cleave","Headbutt","Anger"],"picked":"SKIP","floor":3},{"not_picked":["Corruption","Warcry"],"picked":"Flame Barrier","floor":4},{"not_picked":["Rage","Iron Wave"],"picked":"Armaments","floor":5},{"not_picked":["Clothesline","Spot Weakness"],"picked":"Whirlwind","floor":7},{"not_picked":["Seeing Red","Anger","Armaments"],"picked":"SKIP","floor":10},{"not_picked":["Heavy Blade","Seeing Red"],"picked":"Rampage","floor":13},{"not_picked":["Bloodletting","Entrench"],"picked":"Pommel Strike","floor":14},{"not_picked":["Berserk","Double Tap"],"picked":"Barricade","floor":16},{"not_picked":["Power Through","Wild Strike"],"picked":"Flame Barrier","floor":17},{"not_picked":["Pummel","Metallicize"],"picked":"Pommel Strike+1","floor":18},{"not_picked":["Pommel Strike","Wild Strike"],"picked":"Shockwave+1","floor":20},{"not_picked":["Armaments","Havoc"],"picked":"Ghostly Armor","floor":22},{"not_picked":["Thunderclap","Armaments+1","Evolve"],"picked":"SKIP","floor":23},{"not_picked":["Clothesline","Dropkick","Flex+1"],"picked":"SKIP","floor":25},{"not_picked":["Anger","Combust","Sever Soul+1"],"picked":"SKIP","floor":28},{"not_picked":["Whirlwind+1","Reckless Charge","Intimidate+1"],"picked":"SKIP","floor":30},{"not_picked":["Fiend Fire","Double Tap"],"picked":"Limit Break","floor":33},{"not_picked":["Flex","Heavy Blade"],"picked":"Evolve+1","floor":35},{"not_picked":["Hemokinesis+1","Twin Strike+1","Clash"],"picked":"SKIP","floor":36},{"not_picked":["Iron Wave","Infernal Blade","Perfected Strike+1"],"picked":"SKIP","floor":37},{"not_picked":["Body Slam","Thunderclap+1"],"picked":"Warcry+1","floor":39},{"not_picked":["Wild Strike+1","Dropkick"],"picked":"Body Slam+1","floor":41},{"not_picked":["Transmutation","Violence"],"picked":"Panache","floor":45},{"not_picked":["Perfected Strike+1","Flame Barrier","Combust"],"picked":"SKIP","floor":46},{"not_picked":["Perfected Strike+1","Combust"],"picked":"Flame Barrier","floor":46},{"not_picked":["Rampage+1","Thunderclap","Sentinel+1"],"picked":"SKIP","floor":47},{"not_picked":["Perfected Strike","Thunderclap"],"picked":"Flex+1","floor":54}],"player_experience":1279977,"relics_obtained":[{"floor":7,"key":"Anchor"},{"floor":23,"key":"Smiling Mask"},{"floor":26,"key":"Vajra"},{"floor":30,"key":"Bronze Scales"},{"floor":43,"key":"Oddly Smooth Stone"},{"floor":46,"key":"Blood Vial"},{"floor":54,"key":"StoneCalendar"}],"event_choices":[{"damage_healed":0,"gold_gain":0,"player_choice":"Rummage","damage_taken":0,"relics_obtained":["WarpedTongs"],"max_hp_gain":0,"max_hp_loss":0,"event_name":"Accursed Blacksmith","floor":2,"gold_loss":0,"cards_obtained":["Pain"]},{"damage_healed":0,"gold_gain":75,"player_choice":"Touch","damage_taken":10,"max_hp_gain":0,"max_hp_loss":0,"event_name":"FaceTrader","floor":11,"gold_loss":0},{"cards_removed":["Strike_R"],"damage_healed":0,"gold_gain":0,"player_choice":"Card Removal","damage_taken":0,"max_hp_gain":0,"max_hp_loss":0,"event_name":"Wheel of Change","floor":21,"gold_loss":0},{"damage_healed":0,"gold_gain":0,"player_choice":"Paid","damage_taken":0,"relics_obtained":["Red Mask"],"max_hp_gain":0,"max_hp_loss":0,"event_name":"Tomb of Lord Red Mask","floor":38,"gold_loss":149},{"damage_healed":0,"gold_gain":0,"player_choice":"Memory 1","damage_taken":0,"max_hp_gain":0,"max_hp_loss":0,"event_name":"SensoryStone","floor":45,"gold_loss":0}],"is_beta":false,"boss_relics":[{"not_picked":["Runic Pyramid","Runic Cube"],"picked":"Tiny House"},{"not_picked":["Empty Cage","Eternal Feather"],"picked":"Runic Dome"}],"items_purged_floors":[6,19,31,48],"is_endless":false,"potions_floor_spawned":[4,5,14,16,18,23,25,36,37,41,46,54],"killed_by":"The Heart","ascension_level":0}