{"gold_per_floor":[115,40,58,58,70,70,70,70,70,98,128,140,170,182,194,279,291,322,334,261,273,304,316,46,46,71,26,26,39,39,52,52,52],"floor_reached":33,"playtime":891,"items_purged":[],"score":636,"play_id":"c57dea38-131d-465b-91ac-e2b0f226b11f","local_time":"20190105174933","is_ascension_mode":true,"campfire_choices":[{"data":"Defragment","floor":6,"key":"SMITH"},{"data":"Zap","floor":8,"key":"SMITH"},{"data":"Biased Cognition","floor":12,"key":"SMITH"},{"data":"Dualcast","floor":15,"key":"SMITH"},{"data":"Creative AI","floor":23,"key":"SMITH"},{"floor":28,"key":"REST"},{"floor":32,"key":"REST"}],"neow_cost":"TEN_PERCENT_HP_LOSS","seed_source_timestamp":325335162938066,"circlet_count":0,"master_deck":["AscendersBane","Defend_B","Defend_B","Defend_B","Defend_B","Zap+1","Dualcast+1","Biased Cognition+1","Leap","Cold Snap","Tempest","Defragment+1","Stack","Compile Driver","Creative AI+1","Coolheaded","Buffer","Defragment+1","Loop","Ball Lightning","Chill"],"relics":["Cracked Core","Matryoshka","MawBank","Dodecahedron","Runic Dome","Mercury Hourglass","CultistMask","Kunai","Question Card","Pen Nib"],"potions_floor_usage":[33],"damage_taken":[{"damage":4,"enemies":"Jaw Worm","floor":1,"turns":3},{"damage":2,"enemies":"2 Louse","floor":3,"turns":3},{"damage":0,"enemies":"Cultist","floor":5,"turns":3},{"damage":0,"enemies":"Gremlin Nob","floor":10,"turns":3},{"damage":3,"enemies":"Exordium Thugs","floor":11,"turns":4},{"damage":0,"enemies":"Large Slime","floor":13,"turns":3},{"damage":0,"enemies":"Slime Boss","floor":16,"turns":6},{"damage":23,"enemies":"Shell Parasite","floor":18,"turns":10},{"damage":14,"enemies":"2 Thieves","floor":22,"turns":4},{"damage":25,"enemies":"Centurion and Healer","floor":29,"turns":13},{"damage":9,"enemies":"3 Cultists","floor":31,"turns":4},{"damage":29,"enemies":"Champ","floor":33,"turns":5}],"seed_played":"264912867612570432","potions_obtained":[{"floor":3,"key":"Dexterity Potion"},{"floor":10,"key":"SpeedPotion"},{"floor":22,"key":"Fire Potion"}],"is_trial":false,"path_per_floor":["M","?","M","?","M","R","$","R","T","E","M","R","M","T","R","B",null,"M","?","?","?","M","R","$","?","T","$","R","M","?","M","R","B"],"character_chosen":"DEFECT","items_purchased":["Kunai","Loop"],"campfire_rested":2,"item_purchase_floors":[24,27],"current_hp_per_floor":[60,60,58,58,58,58,58,58,58,58,55,55,55,55,55,55,62,39,39,39,39,25,25,25,25,25,25,44,19,19,10,29,0],"gold":52,"neow_bonus":"THREE_RARE_CARDS","is_prod":false,"is_daily":false,"chose_seed":false,"campfire_upgraded":5,"win_rate":0,"timestamp":1546735773,"path_taken":["M","?","M","?","M","R","$","R","T","E","?","R","M","?","R","BOSS","M","?","?","?","?","R","$","?","T","?","R","M","?","M","R","BOSS"],"build_version":"2019-01-03v4","purchased_purges":0,"victory":false,"max_hp_per_floor":[64,64,64,64,64,64,64,64,64,64,64,64,64,64,64,64,64,64,64,64,64,64,64,64,64,64,64,64,64,64,64,64,64],"card_choices":[{"not_picked":["Buffer","Seek"],"picked":"Biased Cognition","floor":0},{"not_picked":["Streamline","Gash"],"picked":"Leap","floor":1},{"not_picked":["Rebound","Machine Learning"],"picked":"Cold Snap","floor":3},{"not_picked":["Sweeping Beam","Steam"],"picked":"Defragment","floor":5},{"not_picked":["Melter","Chaos"],"picked":"Stack","floor":10},{"not_picked":["Heatsinks","Gash"],"picked":"Compile Driver","floor":11},{"not_picked":["Self Repair","Genetic Algorithm","Sweeping Beam"],"picked":"SKIP","floor":13},{"not_picked":["Reboot","Seek"],"picked":"Creative AI","floor":16},{"not_picked":["Recycle","Barrage","Streamline"],"picked":"SKIP","floor":18},{"not_picked":["Hologram","Streamline"],"picked":"Defragment+1","floor":22},{"not_picked":["Stack","Biased Cognition","Go for the Eyes"],"picked":"Ball Lightning","floor":29},{"not_picked":["Sweeping Beam","Reprogram","Consume+1"],"picked":"Chill","floor":31}],"player_experience":1025973,"relics_obtained":[{"floor":9,"key":"Matryoshka"},{"floor":10,"key":"MawBank"},{"floor":14,"key":"Dodecahedron"},{"floor":26,"key":"Question Card"},{"floor":26,"key":"Pen Nib"}],"event_choices":[{"cards_removed":["Strike_B"],"damage_healed":0,"gold_gain":0,"player_choice":"Card Removal","damage_taken":0,"max_hp_gain":0,"max_hp_loss":0,"event_name":"The Cleric","floor":2,"gold_loss":75},{"damage_healed":0,"gold_gain":0,"cards_transformed":["Strike_B"],"player_choice":"Transformed","damage_taken":0,"max_hp_gain":0,"max_hp_loss":0,"event_name":"Transmorgrifier","floor":4,"gold_loss":0,"cards_obtained":["Tempest"]},{"damage_healed":0,"gold_gain":0,"cards_transformed":["Strike_B","Strike_B"],"player_choice":"Became Test Subject","damage_taken":0,"max_hp_gain":0,"max_hp_loss":0,"event_name":"Drug Dealer","floor":19,"gold_loss":0,"cards_obtained":["Coolheaded","Buffer"]},{"damage_healed":0,"gold_gain":0,"player_choice":"Obtained Relic","damage_taken":0,"relics_obtained":["Mercury Hourglass"],"max_hp_gain":0,"max_hp_loss":0,"event_name":"Addict","floor":20,"gold_loss":85},{"damage_healed":0,"gold_gain":0,"player_choice":"Trade","damage_taken":0,"relics_obtained":["CultistMask"],"max_hp_gain":0,"max_hp_loss":0,"event_name":"FaceTrader","floor":21,"gold_loss":0},{"damage_healed":0,"gold_gain":0,"player_choice":"Ignored","damage_taken":0,"max_hp_gain":0,"max_hp_loss":0,"event_name":"The Mausoleum","floor":25,"gold_loss":0},{"damage_healed":0,"gold_gain":0,"player_choice":"Ignored","damage_taken":0,"max_hp_gain":0,"max_hp_loss":0,"event_name":"Beggar","floor":30,"gold_loss":0}],"is_beta":true,"boss_relics":[{"not_picked":["Eternal Feather","Coffee Dripper"],"picked":"Runic Dome"}],"items_purged_floors":[],"is_endless":false,"potions_floor_spawned":[3,10,22],"killed_by":"Champ","ascension_level":20}