{"path_per_floor":["M","M","?","?","?","R","M","R","T","M","E","M","$","M","R","B",null,"M","?","?","M","M","R","M","R","T","R","M","?","R","M","R"],"character_chosen":"IRONCLAD","items_purchased":["Bag of Preparation"],"gold_per_floor":[117,131,81,81,81,81,100,100,100,119,147,166,12,25,25,125,125,145,95,95,111,131,131,149,149,149,149,168,168,168,179,179],"floor_reached":33,"campfire_rested":0,"playtime":2509,"current_hp_per_floor":[79,71,71,59,59,63,54,58,58,55,27,21,21,21,27,14,80,80,80,64,66,36,42,43,49,49,55,26,26,32,32,40],"items_purged":[],"gold":179,"score":274,"play_id":"aeabd54e-e3bd-4d66-bed4-d6f93c3794d3","is_prod":false,"is_daily":false,"is_ascension_mode":false,"campfire_upgraded":5,"path_taken":["M","M","?","?","?","R","?","R","T","M","E","M","?","M","R","BOSS","M","?","?","M","?","R","M","R","T","R","M","?","R","M","R","BOSS"],"build_version":"2018-02-08-PROD1","purchased_purges":1,"victory":false,"master_deck":["Bash","Brutality","Body Slam","Spot Weakness","Sword Boomerang","Metallicize","Fire Breathing+1","Reckless Charge","Pommel Strike","Feed","Cleave","Seeing Red","Wild Strike","Flame Barrier+1","Dual Wield+1","Bloodletting","Heavy Blade+1","Thunderclap+1","Armaments+1","Body Slam+1"],"max_hp_per_floor":[80,80,80,80,80,80,80,80,80,80,80,80,80,80,80,80,80,83,83,88,91,94,94,97,97,97,97,97,97,97,97,97],"relics":["Eternal Feather","Girya","Art of War","Bag of Preparation","Pandora\u0027s Box","Juzu Bracelet"],"card_choices":[{"not_picked":["True Grit","Twin Strike"],"picked":"Brutality"},{"not_picked":["Perfected Strike","Warcry"],"picked":"Body Slam"},{"not_picked":["Wild Strike","Havoc"],"picked":"Sword Boomerang"},{"not_picked":["Sword Boomerang","Wild Strike"],"picked":"Metallicize"},{"not_picked":["Shrug It Off","Clothesline"],"picked":"Fire Breathing"},{"not_picked":["Power Through","Clash"],"picked":"Reckless Charge"},{"not_picked":["Searing Blow","Second Wind"],"picked":"Pommel Strike"},{"not_picked":["Offering","Brutality"],"picked":"Feed"},{"not_picked":["Rampage","Perfected Strike"],"picked":"Heavy Blade"},{"not_picked":["Clash","Shrug It Off"],"picked":"Thunderclap"},{"not_picked":["Twin Strike","Havoc"],"picked":"Armaments"},{"not_picked":["Headbutt","Inflame"],"picked":"Body Slam"}],"player_experience":132487,"potions_floor_usage":[18,22,33,33],"damage_taken":[{"damage":1,"enemies":"2 Louse","floor":1,"turns":2},{"damage":8,"enemies":"Jaw Worm","floor":2,"turns":3},{"damage":9,"enemies":"Cultist","floor":7,"turns":4},{"damage":3,"enemies":"Large Slime","floor":10,"turns":4},{"damage":28,"enemies":"3 Sentries","floor":11,"turns":7},{"damage":6,"enemies":"Red Slaver","floor":12,"turns":3},{"damage":0,"enemies":"2 Fungi Beasts","floor":14,"turns":2},{"damage":13,"enemies":"Slime Boss","floor":16,"turns":4},{"damage":3,"enemies":"Chosen","floor":18,"turns":4},{"damage":1,"enemies":"Spheric Guardian","floor":21,"turns":2},{"damage":33,"enemies":"Centurion and Healer","floor":22,"turns":4},{"damage":2,"enemies":"Snecko","floor":24,"turns":3},{"damage":29,"enemies":"Snake Plant","floor":28,"turns":3},{"damage":0,"enemies":"Chosen and Byrds","floor":31,"turns":2},{"damage":86,"enemies":"Automaton","floor":33,"turns":6}],"event_choices":[{"event_name":"The Cleric","player_choice":"Card Removal","floor":3,"damage_taken":0},{"event_name":"Scrap Ooze","player_choice":"success","floor":4,"damage_taken":12},{"event_name":"Living Wall","player_choice":"Change","floor":5,"damage_taken":0},{"event_name":"The Joust","player_choice":"Bet on Murderer","floor":19,"damage_taken":0},{"event_name":"Forgotten Altar","player_choice":"Shed Blood","floor":20,"damage_taken":0},{"event_name":"Back to Basics","player_choice":"Elegance","floor":29,"damage_taken":0}],"boss_relics":[{"not_picked":["Astrolabe","Velvet Choker"],"picked":"Pandora\u0027s Box"}],"potions_floor_spawned":[7,12,16,18],"seed_played":"1427107449985580557","killed_by":"Automaton","ascension_level":0,"is_trial":false}