{"gold_per_floor":[117,136,62,62,78,78,78,78,78,78,78,78,253,267,267,393,456,471,471,489,514,539,539,560,560,560,574,574,673,673,691,691,816,816,836,836,836,850,30,30,50,50,97,16,59,79,118,132,132,132],"floor_reached":50,"playtime":3347,"items_purged":["Doubt"],"score":542,"play_id":"f540d94d-4381-48bd-ae40-5ff3b34686a9","local_time":"20190304180459","is_ascension_mode":false,"campfire_choices":[{"data":"Blade Dance","floor":6,"key":"SMITH"},{"data":"Noxious Fumes","floor":8,"key":"SMITH"},{"floor":10,"key":"REST"},{"data":"Leg Sweep","floor":12,"key":"SMITH"},{"data":"Bane","floor":15,"key":"SMITH"},{"floor":23,"key":"REST"},{"data":"Storm of Steel","floor":25,"key":"SMITH"},{"data":"Bouncing Flask","floor":30,"key":"SMITH"},{"floor":32,"key":"REST"},{"floor":40,"key":"RECALL"},{"floor":42,"key":"REST"},{"floor":49,"key":"REST"}],"neow_cost":"NONE","seed_source_timestamp":259789434503203,"circlet_count":0,"master_deck":["Defend_G","Defend_G","Defend_G","Defend_G","Defend_G","Strike_G+1","Strike_G","Strike_G","Strike_G+1","Survivor+1","Neutralize","Blade Dance+1","Noxious Fumes+1","Caltrops+1","Leg Sweep+1","Injury","Bane+1","Storm of Steel+1","Bouncing Flask+1","Blade Dance+1","Burst","Footwork+1","Blade Dance","Corpse Explosion","Backflip+1","After Image","Flechettes+1","A Thousand Cuts","Caltrops+1","Mind Blast","Cloak And Dagger+1","Catalyst","Infinite Blades+1","Adrenaline+1","Deflect+1"],"relics":["Ring of the Snake","Centennial Puzzle","Gremlin Horn","Golden Idol","Nloth\u0027s Gift","FossilizedHelix","Pantograph","Fusion Hammer","Du-Vu Doll","DollysMirror","Calipers","Bag of Marbles","Toxic Egg 2","StoneCalendar"],"potions_floor_usage":[20,20,22,24,48,48,50],"damage_taken":[{"damage":6,"enemies":"Cultist","floor":1,"turns":5},{"damage":0,"enemies":"Jaw Worm","floor":2,"turns":3},{"damage":0,"enemies":"Small Slimes","floor":5,"turns":3},{"damage":4,"enemies":"Blue Slaver","floor":14,"turns":3},{"damage":34,"enemies":"The Guardian","floor":16,"turns":10},{"damage":15,"enemies":"Chosen","floor":18,"turns":5},{"damage":12,"enemies":"Spheric Guardian","floor":20,"turns":5},{"damage":16,"enemies":"Shelled Parasite and Fungi","floor":21,"turns":6},{"damage":12,"enemies":"Centurion and Healer","floor":22,"turns":8},{"damage":1,"enemies":"Snecko","floor":24,"turns":5},{"damage":6,"enemies":"Chosen and Byrds","floor":27,"turns":6},{"damage":0,"enemies":"3 Cultists","floor":31,"turns":3},{"damage":73,"enemies":"Champ","floor":33,"turns":12},{"damage":14,"enemies":"Orb Walker","floor":35,"turns":5},{"damage":0,"enemies":"3 Shapes","floor":38,"turns":5},{"damage":21,"enemies":"Maw","floor":41,"turns":8},{"damage":11,"enemies":"Reptomancer","floor":45,"turns":10},{"damage":8,"enemies":"Spire Growth","floor":46,"turns":5},{"damage":46,"enemies":"Giant Head","floor":47,"turns":9},{"damage":0,"enemies":"4 Shapes","floor":48,"turns":4},{"damage":76,"enemies":"Awakened One","floor":50,"turns":6}],"seed_played":"3931247796257825933","potions_obtained":[{"floor":16,"key":"AttackPotion"},{"floor":17,"key":"Energy Potion"},{"floor":21,"key":"Energy Potion"},{"floor":22,"key":"SneckoOil"},{"floor":33,"key":"FairyPotion"},{"floor":35,"key":"GamblersBrew"},{"floor":46,"key":"Fire Potion"},{"floor":47,"key":"GamblersBrew"},{"floor":48,"key":"Regen Potion"}],"is_trial":false,"path_per_floor":["M","M","$","?","M","R","?","R","T","R","?","R","?","M","R","B",null,"M","?","M","M","M","R","M","R","T","M","T","?","R","M","R","B",null,"M","?","?","M","$","R","M","R","T","$","E","M","E","M","R","B"],"character_chosen":"THE_SILENT","items_purchased":["Caltrops","DollysMirror","Calipers","Bag of Marbles","Mind Blast","Catalyst"],"campfire_rested":5,"item_purchase_floors":[3,39,39,39,39,44],"current_hp_per_floor":[64,64,64,64,64,64,50,50,50,70,70,70,70,66,66,32,75,60,60,48,32,20,42,41,41,41,35,35,35,35,35,57,2,75,61,61,61,61,61,61,40,62,62,62,51,43,7,7,29,0],"gold":132,"neow_bonus":"RANDOM_COMMON_RELIC","is_prod":false,"is_daily":false,"chose_seed":false,"campfire_upgraded":6,"win_rate":0,"timestamp":1551740699,"path_taken":["M","M","$","?","M","R","?","R","T","R","?","R","?","M","R","BOSS","M","?","M","?","M","R","M","R","T","M","?","?","R","M","R","BOSS","M","?","?","?","$","R","M","R","T","?","E","M","E","M","R","BOSS"],"build_version":"2019-01-23","purchased_purges":1,"victory":false,"max_hp_per_floor":[70,70,70,70,70,70,70,70,70,70,70,70,70,70,70,70,75,75,75,75,75,75,75,75,75,75,75,75,75,75,75,75,75,75,75,75,75,75,75,75,75,75,75,75,75,75,75,75,75,75],"card_choices":[{"not_picked":["Backflip","Acrobatics"],"picked":"Blade Dance","floor":1},{"not_picked":["Dagger Throw","Flying Knee"],"picked":"Noxious Fumes","floor":2},{"not_picked":["Sucker Punch","Dagger Throw"],"picked":"Leg Sweep","floor":5},{"not_picked":["Predator","Deadly Poison"],"picked":"Bane","floor":14},{"not_picked":["Unload","Venomology"],"picked":"Storm of Steel","floor":16},{"not_picked":["Deadly Poison","Bane"],"picked":"Bouncing Flask","floor":17},{"not_picked":["Acrobatics","Backstab"],"picked":"Blade Dance+1","floor":18},{"not_picked":["Bane","Dagger Throw"],"picked":"Burst","floor":20},{"not_picked":["Deadly Poison+1","Concentrate"],"picked":"Footwork+1","floor":21},{"not_picked":["Poisoned Stab","Dagger Throw","Concentrate"],"picked":"SKIP","floor":22},{"not_picked":["Reflex","Riddle With Holes"],"picked":"Blade Dance","floor":24},{"not_picked":["Prepared","Deadly Poison"],"picked":"Corpse Explosion","floor":27},{"not_picked":["Outmaneuver","Deflect"],"picked":"Backflip+1","floor":31},{"not_picked":["Night Terror","Venomology"],"picked":"After Image","floor":33},{"not_picked":["Deadly Poison","Backflip+1"],"picked":"Flechettes+1","floor":35},{"not_picked":["Poisoned Stab+1","Backflip"],"picked":"A Thousand Cuts","floor":38},{"not_picked":["Deflect+1","Leg Sweep"],"picked":"Cloak And Dagger+1","floor":41},{"not_picked":["Heel Hook+1","Flying Knee"],"picked":"Infinite Blades+1","floor":45},{"not_picked":["Backflip+1","Slice","Underhanded Strike+1"],"picked":"SKIP","floor":46},{"not_picked":["Poisoned Stab","Wraith Form v2"],"picked":"Adrenaline+1","floor":47},{"not_picked":["Backflip+1","PiercingWail+1"],"picked":"Deflect+1","floor":48}],"player_experience":628168,"relics_obtained":[{"floor":9,"key":"Gremlin Horn"},{"floor":26,"key":"FossilizedHelix"},{"floor":28,"key":"Pantograph"},{"floor":45,"key":"Toxic Egg 2"},{"floor":47,"key":"StoneCalendar"}],"event_choices":[{"damage_healed":0,"gold_gain":0,"player_choice":"Grow","damage_taken":0,"max_hp_gain":0,"max_hp_loss":0,"event_name":"Living Wall","floor":4,"gold_loss":0,"cards_upgraded":["Caltrops"]},{"damage_healed":0,"gold_gain":0,"player_choice":"Entered Light","damage_taken":14,"max_hp_gain":0,"max_hp_loss":0,"event_name":"Shining Light","floor":7,"gold_loss":0,"cards_upgraded":["Strike_G","Survivor"]},{"damage_healed":0,"gold_gain":0,"player_choice":"Take Wound","damage_taken":0,"relics_obtained":["Golden Idol"],"max_hp_gain":0,"max_hp_loss":0,"event_name":"Golden Idol","floor":11,"gold_loss":0,"cards_obtained":["Injury"]},{"damage_healed":0,"gold_gain":175,"player_choice":"AGREE","damage_taken":0,"max_hp_gain":0,"max_hp_loss":0,"event_name":"Liars Game","floor":13,"gold_loss":0,"cards_obtained":["Doubt"]},{"damage_healed":0,"gold_gain":0,"player_choice":"Traded Relic","damage_taken":0,"relics_obtained":["Nloth\u0027s Gift"],"max_hp_gain":0,"max_hp_loss":0,"event_name":"N\u0027loth","floor":19,"relics_lost":["Tiny House"],"gold_loss":0},{"damage_healed":0,"gold_gain":99,"player_choice":"Stole From Cult","damage_taken":0,"max_hp_gain":0,"max_hp_loss":0,"event_name":"Nest","floor":29,"gold_loss":0},{"cards_removed":["Strike_G"],"damage_healed":0,"gold_gain":0,"player_choice":"Removed Attack","damage_taken":0,"max_hp_gain":0,"max_hp_loss":0,"event_name":"Falling","floor":36,"gold_loss":0},{"damage_healed":0,"gold_gain":0,"player_choice":"Gave Potion","damage_taken":0,"relics_obtained":["Du-Vu Doll"],"max_hp_gain":0,"max_hp_loss":0,"event_name":"WeMeetAgain","floor":37,"gold_loss":0}],"is_beta":false,"boss_relics":[{"not_picked":["Ectoplasm","Runic Pyramid"],"picked":"Tiny House"},{"not_picked":["Coffee Dripper","Calling Bell"],"picked":"Fusion Hammer"}],"items_purged_floors":[39],"is_endless":false,"potions_floor_spawned":[16,21,22,33,35,46,47,48],"killed_by":"Awakened One","ascension_level":0}