{"gold_per_floor":[110,124,124,142,152,152,180,180,180,210,210,240,255,267,267,338,338,352,367,367,385,310,310,344,344,344,344,57,87,87,106,106,180,180,193,210,108,121,41,54,71,106,106,106,206,237,237,254,254,254,254,254,31,62,62],"floor_reached":56,"playtime":4782,"items_purged":["Normality","Regret"],"score":2673,"play_id":"f346915c-dc0d-47de-9abb-8fdf0d8091ca","local_time":"20190325013948","is_ascension_mode":true,"campfire_choices":[{"data":"Neutralize","floor":6,"key":"SMITH"},{"data":"Deadly Poison","floor":8,"key":"SMITH"},{"floor":11,"key":"REST"},{"data":"After Image","floor":15,"key":"SMITH"},{"data":"Catalyst","floor":23,"key":"SMITH"},{"data":"Backstab","floor":25,"key":"SMITH"},{"data":"Doppelganger","floor":27,"key":"SMITH"},{"data":"Footwork","floor":30,"key":"SMITH"},{"data":"Cloak And Dagger","floor":32,"key":"SMITH"},{"floor":44,"key":"RECALL"},{"data":"After Image","floor":49,"key":"SMITH"},{"data":"After Image","floor":52,"key":"SMITH"}],"neow_cost":"NONE","seed_source_timestamp":687329184605005,"circlet_count":0,"master_deck":["AscendersBane","Survivor","Neutralize+1","Deadly Poison+1","Catalyst+1","Cloak And Dagger+1","Doppelganger+1","Predator","Escape Plan","Deflect+1","After Image+1","Deadly Poison+1","Cloak And Dagger+1","Prepared+1","Adrenaline+1","Malaise+1","Backflip+1","Bane","Calculated Gamble+1","Backstab+1","Flechettes","Dash","Bouncing Flask+1","Leg Sweep+1","Adrenaline+1","Concentrate+1","Calculated Gamble+1","Storm of Steel+1","Footwork+1","Reflex+1","Expertise+1","Deadly Poison+1","After Image+1","Doubt","Reflex+1","After Image+1","Backflip+1","Escape Plan+1","Tactician+1","PiercingWail+1","Prepared+1","Adrenaline+1","Dodge and Roll+1","Catalyst+1","Backstab"],"relics":["Ring of the Snake","Toxic Egg 2","Sundial","Darkstone Periapt","FossilizedHelix","Pandora\u0027s Box","Calipers","Bottled Lightning","PreservedInsect","Happy Flower","Calling Bell","Orichalcum","The Courier","Ginger","The Specimen","Tough Bandages","Gremlin Horn","Letter Opener","StoneCalendar"],"potions_floor_usage":[7,14,33,36,50,55],"damage_taken":[{"damage":5,"enemies":"Jaw Worm","floor":1,"turns":5},{"damage":0,"enemies":"Cultist","floor":2,"turns":4},{"damage":1,"enemies":"Small Slimes","floor":4,"turns":5},{"damage":0,"enemies":"2 Fungi Beasts","floor":5,"turns":3},{"damage":26,"enemies":"3 Sentries","floor":7,"turns":10},{"damage":7,"enemies":"Lagavulin","floor":10,"turns":5},{"damage":29,"enemies":"Gremlin Nob","floor":12,"turns":4},{"damage":0,"enemies":"Exordium Wildlife","floor":13,"turns":3},{"damage":0,"enemies":"Exordium Thugs","floor":14,"turns":4},{"damage":0,"enemies":"The Guardian","floor":16,"turns":8},{"damage":0,"enemies":"Spheric Guardian","floor":18,"turns":4},{"damage":0,"enemies":"Shell Parasite","floor":19,"turns":5},{"damage":0,"enemies":"Snecko","floor":21,"turns":5},{"damage":0,"enemies":"Gremlin Leader","floor":24,"turns":7},{"damage":0,"enemies":"Book of Stabbing","floor":29,"turns":4},{"damage":0,"enemies":"Centurion and Healer","floor":31,"turns":4},{"damage":20,"enemies":"Collector","floor":33,"turns":8},{"damage":0,"enemies":"3 Darklings","floor":35,"turns":6},{"damage":0,"enemies":"3 Shapes","floor":36,"turns":4},{"damage":0,"enemies":"Jaw Worm Horde","floor":38,"turns":4},{"damage":0,"enemies":"4 Shapes","floor":40,"turns":6},{"damage":0,"enemies":"Transient","floor":41,"turns":6},{"damage":0,"enemies":"Giant Head","floor":42,"turns":6},{"damage":0,"enemies":"Mind Bloom Boss Battle","floor":45,"turns":8},{"damage":0,"enemies":"Reptomancer","floor":46,"turns":3},{"damage":0,"enemies":"Maw","floor":48,"turns":6},{"damage":0,"enemies":"Time Eater","floor":50,"turns":6},{"damage":0,"enemies":"Shield and Spear","floor":54,"turns":8},{"damage":1,"enemies":"The Heart","floor":55,"turns":8}],"seed_played":"77161183722465865","potions_obtained":[{"floor":4,"key":"AttackPotion"},{"floor":7,"key":"GamblersBrew"},{"floor":13,"key":"FairyPotion"},{"floor":16,"key":"EssenceOfSteel"},{"floor":21,"key":"GamblersBrew"},{"floor":33,"key":"Explosive Potion"},{"floor":36,"key":"EssenceOfSteel"}],"is_trial":false,"path_per_floor":["M","M","?","M","M","R","E","R","T","E","R","E","M","M","R","B",null,"M","M","?","M","?","R","E","R","T","R","$","E","R","M","R","B",null,"M","M","$","M","$","M","M","E","T","R","?","E","?","M","R","B",null,"R","$","E","B",null],"character_chosen":"THE_SILENT","items_purchased":["Footwork","Reflex+1","PreservedInsect","Backflip+1","Letter Opener"],"campfire_rested":1,"item_purchase_floors":[28,28,28,37,53],"current_hp_per_floor":[60,60,60,59,59,59,33,33,33,26,47,18,18,18,18,18,59,59,59,59,59,59,59,59,59,59,59,59,59,59,59,59,39,82,82,82,82,82,82,82,82,82,82,82,82,82,82,82,82,82,88,88,88,88,87],"gold":62,"neow_bonus":"TEN_PERCENT_HP_BONUS","is_prod":false,"is_daily":false,"chose_seed":false,"campfire_upgraded":10,"win_rate":0,"timestamp":1553492388,"path_taken":["M","M","?","?","M","R","E","R","T","E","R","E","M","M","R","BOSS","M","M","?","M","?","R","E","R","T","R","?","E","R","?","R","BOSS","M","?","$","M","$","M","M","E","T","R","?","E","?","M","R","BOSS","R","$","E","BOSS"],"build_version":"2019-01-23","purchased_purges":2,"victory":true,"max_hp_per_floor":[72,72,72,72,72,72,72,72,72,72,72,72,72,72,72,72,72,72,72,72,72,72,72,72,72,72,72,72,72,72,72,72,72,90,90,90,90,90,90,90,90,90,90,90,90,90,90,90,90,90,90,90,90,90,90],"card_choices":[{"not_picked":["Underhanded Strike","Backflip"],"picked":"Deadly Poison","floor":1},{"not_picked":["PiercingWail","Sucker Punch"],"picked":"Catalyst","floor":2},{"not_picked":["Catalyst","Acrobatics"],"picked":"Predator","floor":4},{"not_picked":["Flying Knee","Dodge and Roll"],"picked":"Escape Plan","floor":5},{"not_picked":["Endless Agony","Underhanded Strike"],"picked":"Deflect","floor":7},{"not_picked":["Prepared+1","Dagger Throw"],"picked":"After Image","floor":10},{"not_picked":["Deflect+1","Skewer"],"picked":"Deadly Poison+1","floor":12},{"not_picked":["Backflip+1","Calculated Gamble+1"],"picked":"Cloak And Dagger+1","floor":13},{"not_picked":["Underhanded Strike","Quick Slash"],"picked":"Prepared+1","floor":14},{"not_picked":["Venomology+1","Corpse Explosion+1"],"picked":"Adrenaline+1","floor":16},{"not_picked":["PiercingWail+1","Deadly Poison+1"],"picked":"Bouncing Flask+1","floor":18},{"not_picked":["Escape Plan+1","Outmaneuver+1"],"picked":"Leg Sweep+1","floor":19},{"not_picked":["Blade Dance+1","Bane"],"picked":"Calculated Gamble+1","floor":21},{"not_picked":["Concentrate+1","Quick Slash"],"picked":"Storm of Steel+1","floor":24},{"not_picked":["Concentrate+1","Outmaneuver+1"],"picked":"Expertise+1","floor":29},{"not_picked":["Deflect+1","Quick Slash"],"picked":"Deadly Poison+1","floor":31},{"not_picked":["Doppelganger+1","Glass Knife"],"picked":"After Image","floor":33},{"not_picked":["Bane+1","Masterful Stab"],"picked":"Reflex+1","floor":35},{"not_picked":["Dagger Throw+1","Acrobatics+1"],"picked":"After Image","floor":36},{"not_picked":["Blade Dance+1","Deflect+1"],"picked":"Escape Plan+1","floor":38},{"not_picked":["Deadly Poison+1","Outmaneuver+1"],"picked":"Tactician+1","floor":40},{"not_picked":["Backflip+1","Underhanded Strike"],"picked":"PiercingWail+1","floor":41},{"not_picked":["Deadly Poison+1","Underhanded Strike"],"picked":"Prepared+1","floor":42},{"not_picked":["Leg Sweep+1","Acrobatics+1"],"picked":"Adrenaline+1","floor":45},{"not_picked":["Quick Slash","Bane"],"picked":"Dodge and Roll+1","floor":46},{"not_picked":["Poisoned Stab","Flying Knee"],"picked":"Catalyst+1","floor":48},{"not_picked":["Masterful Stab","Dagger Throw"],"picked":"Backstab","floor":54}],"player_experience":1393188,"relics_obtained":[{"floor":7,"key":"Toxic Egg 2"},{"floor":9,"key":"Sundial"},{"floor":10,"key":"Darkstone Periapt"},{"floor":12,"key":"FossilizedHelix"},{"floor":24,"key":"Calipers"},{"floor":26,"key":"Bottled Lightning"},{"floor":29,"key":"Happy Flower"},{"floor":34,"key":"Orichalcum"},{"floor":34,"key":"The Courier"},{"floor":34,"key":"Ginger"},{"floor":42,"key":"The Specimen"},{"floor":45,"key":"Tough Bandages"},{"floor":46,"key":"Gremlin Horn"},{"floor":54,"key":"StoneCalendar"}],"event_choices":[{"damage_healed":0,"gold_gain":0,"player_choice":"2 cards matched","damage_taken":0,"max_hp_gain":0,"max_hp_loss":0,"event_name":"Match and Keep!","floor":3,"gold_loss":0,"cards_obtained":["Cloak And Dagger","Doppelganger"]},{"damage_healed":0,"gold_gain":0,"cards_transformed":["Grand Finale","Backstab"],"player_choice":"Became Test Subject","damage_taken":0,"max_hp_gain":0,"max_hp_loss":0,"event_name":"Drug Dealer","floor":20,"gold_loss":0,"cards_obtained":["Adrenaline","Concentrate"]},{"cards_removed":["Bullet Time"],"damage_healed":0,"gold_gain":0,"player_choice":"Gave Gold","damage_taken":0,"max_hp_gain":0,"max_hp_loss":0,"event_name":"Beggar","floor":22,"gold_loss":75},{"damage_healed":0,"gold_gain":0,"player_choice":"Fight","damage_taken":0,"max_hp_gain":0,"max_hp_loss":0,"event_name":"MindBloom","floor":45,"gold_loss":0},{"damage_healed":0,"gold_gain":0,"player_choice":"Ignored","damage_taken":0,"max_hp_gain":0,"max_hp_loss":0,"event_name":"SecretPortal","floor":47,"gold_loss":0}],"is_beta":false,"boss_relics":[{"not_picked":["Orrery","White Beast Statue"],"picked":"Pandora\u0027s Box"},{"not_picked":["Cursed Key","Sozu"],"picked":"Calling Bell"}],"items_purged_floors":[37,39],"is_endless":false,"potions_floor_spawned":[4,7,13,16,21,33,36,40,41,42,48],"ascension_level":19}