{"gold_per_floor":[113,18,18,18,18,47,47,62,87,87,114,128,128,156,156,232,232,242,192,192,107,107,133,133,149,203,233,233,246,265,299,299,373,373,389,282,382,382,173,173,207,224,224,224,259,259,271,221,221,221,221,221,221,26,56,56],"floor_reached":57,"playtime":4887,"items_purged":["Strike_B","Zap+1","Defend_B","Ball Lightning+1","Ball Lightning+1"],"score":3160,"play_id":"e995b083-1db6-4a9e-af45-39f511b884e1","local_time":"20190504214011","is_ascension_mode":true,"campfire_choices":[{"data":"Zap","floor":7,"key":"SMITH"},{"data":"Coolheaded","floor":10,"key":"SMITH"},{"data":"Ball Lightning","floor":13,"key":"SMITH"},{"data":"Defend_B","floor":15,"key":"SMITH"},{"data":"Dualcast","floor":24,"key":"SMITH"},{"data":"Conserve Battery","floor":28,"key":"SMITH"},{"data":"Darkness","floor":32,"key":"SMITH"},{"data":"Multi-Cast","floor":40,"key":"SMITH"},{"data":"Recycle","floor":44,"key":"SMITH"},{"floor":46,"key":"RECALL"},{"data":"Steam","floor":49,"key":"SMITH"},{"floor":53,"key":"REST"}],"neow_cost":"NONE","seed_source_timestamp":385191119897371,"circlet_count":0,"master_deck":["AscendersBane","Defend_B+1","Defend_B","Dualcast+1","Glacier+1","Core Surge+1","Coolheaded+1","All For One","Redo+1","Steam+1","Conserve Battery+1","Darkness+1","Compile Driver","Multi-Cast+1","Double Energy+1","Coolheaded","Coolheaded","Blizzard+1","Recycle+1","Redo+1","Defragment","Redo","Stack+1"],"relics":["Astrolabe","Anchor","Orichalcum","Smiling Mask","DataDisk","Lantern","Incense Burner","Runic Pyramid","Vajra","Darkstone Periapt","Potion Belt","Bag of Preparation","Regal Pillow","Velvet Choker","Ginger","Bottled Flame","Letter Opener","Bronze Scales"],"potions_floor_usage":[6,56,56,56,56,56,56,56],"damage_taken":[{"damage":0,"enemies":"2 Louse","floor":1,"turns":3},{"damage":0,"enemies":"Gremlin Nob","floor":6,"turns":3},{"damage":0,"enemies":"Jaw Worm","floor":8,"turns":3},{"damage":5,"enemies":"3 Sentries","floor":11,"turns":5},{"damage":0,"enemies":"Small Slimes","floor":12,"turns":2},{"damage":0,"enemies":"Gremlin Nob","floor":14,"turns":3},{"damage":0,"enemies":"The Guardian","floor":16,"turns":9},{"damage":0,"enemies":"2 Thieves","floor":18,"turns":3},{"damage":8,"enemies":"Gremlin Leader","floor":23,"turns":5},{"damage":0,"enemies":"Spheric Guardian","floor":25,"turns":3},{"damage":6,"enemies":"Book of Stabbing","floor":27,"turns":4},{"damage":0,"enemies":"Shelled Parasite and Fungi","floor":29,"turns":4},{"damage":0,"enemies":"Snake Plant","floor":30,"turns":3},{"damage":0,"enemies":"Slavers","floor":31,"turns":5},{"damage":4,"enemies":"Champ","floor":33,"turns":8},{"damage":1,"enemies":"3 Darklings","floor":35,"turns":3},{"damage":0,"enemies":"Mind Bloom Boss Battle","floor":37,"turns":3},{"damage":0,"enemies":"Giant Head","floor":41,"turns":5},{"damage":0,"enemies":"Orb Walker","floor":42,"turns":3},{"damage":5,"enemies":"Reptomancer","floor":45,"turns":4},{"damage":23,"enemies":"4 Shapes","floor":47,"turns":7},{"damage":0,"enemies":"Awakened One","floor":50,"turns":25},{"damage":4,"enemies":"Time Eater","floor":51,"turns":6},{"damage":0,"enemies":"Shield and Spear","floor":55,"turns":5},{"damage":12,"enemies":"The Heart","floor":56,"turns":8}],"seed_played":"-8715034621367652494","potions_obtained":[{"floor":8,"key":"Strength Potion"},{"floor":11,"key":"Explosive Potion"},{"floor":14,"key":"SkillPotion"},{"floor":30,"key":"LiquidBronze"},{"floor":33,"key":"EssenceOfSteel"},{"floor":37,"key":"EntropicBrew"},{"floor":45,"key":"Fire Potion"}],"is_trial":false,"path_per_floor":["M","$","?","?","T","E","R","M","T","R","E","M","R","E","R","B",null,"M","$","?","?","?","E","R","M","T","E","R","M","M","E","R","B",null,"M","$","?","?","$","R","E","M","T","R","E","R","M","$","R","B","B",null,"R","$","E","B",null],"character_chosen":"DEFECT","items_purchased":["Fire Potion","FTL","Coolheaded","Coolheaded","PowerPotion","SpeedPotion","Defragment","Redo","Weak Potion"],"campfire_rested":1,"item_purchase_floors":[2,2,36,39,39,39,54,54,54],"current_hp_per_floor":[64,64,59,59,59,59,59,59,59,59,54,54,54,54,54,54,67,67,67,67,67,67,59,59,59,59,53,53,53,53,53,53,49,66,65,65,65,65,65,65,65,65,65,65,60,60,37,37,37,37,33,62,71,71,71,59],"gold":56,"neow_bonus":"BOSS_RELIC","is_prod":false,"is_daily":false,"chose_seed":false,"campfire_upgraded":10,"win_rate":0,"timestamp":1557031211,"path_taken":["M","$","?","?","?","E","R","M","T","R","E","M","R","E","R","BOSS","M","$","?","?","?","E","R","M","T","E","R","M","?","E","R","BOSS","M","$","?","?","$","R","E","M","T","R","E","R","?","?","R","BOSS","BOSS","R","$","E","BOSS"],"build_version":"2019-04-23","purchased_purges":5,"victory":true,"max_hp_per_floor":[71,71,71,71,71,71,71,71,71,71,71,71,71,71,71,71,71,71,71,71,71,71,71,71,71,71,71,71,71,71,71,71,71,71,71,71,71,71,71,71,71,71,71,71,71,71,71,71,71,71,71,71,71,71,71,71],"card_choices":[{"not_picked":["Coolheaded","Sunder"],"picked":"Ball Lightning","floor":1},{"not_picked":["Turbo","Cold Snap","Steam"],"picked":"SKIP","floor":6},{"not_picked":["Recycle","Steam"],"picked":"Coolheaded","floor":8},{"not_picked":["Stack","Auto Shields","Cold Snap"],"picked":"SKIP","floor":11},{"not_picked":["Stack","Steam","Redo"],"picked":"SKIP","floor":12},{"not_picked":["Redo","Heatsinks","Aggregate"],"picked":"SKIP","floor":14},{"not_picked":["Reboot","Hyperbeam"],"picked":"All For One","floor":16},{"not_picked":["Fusion","Ball Lightning"],"picked":"Redo+1","floor":18},{"not_picked":["Sunder","Steam Power","Chaos+1"],"picked":"SKIP","floor":23},{"not_picked":["FTL","Turbo"],"picked":"Steam","floor":25},{"not_picked":["Stack","Rebound"],"picked":"Conserve Battery","floor":27},{"not_picked":["Static Discharge","Conserve Battery+1"],"picked":"Darkness","floor":29},{"not_picked":["Steam","Blizzard","Chaos"],"picked":"SKIP","floor":30},{"not_picked":["Reinforced Body","Rip and Tear"],"picked":"Compile Driver","floor":31},{"not_picked":["Creative AI","Hyperbeam"],"picked":"Multi-Cast","floor":33},{"not_picked":["Conserve Battery","Cold Snap"],"picked":"Double Energy+1","floor":35},{"not_picked":["Sweeping Beam","Ball Lightning+1"],"picked":"Blizzard+1","floor":41},{"not_picked":["Sweeping Beam","Go for the Eyes+1"],"picked":"Recycle","floor":42},{"not_picked":["Glacier","Recycle"],"picked":"Redo+1","floor":45},{"not_picked":["Leap","Lockon","Fission"],"picked":"SKIP","floor":47},{"not_picked":["Skim","Seek"],"picked":"Stack+1","floor":55}],"player_experience":6150654,"relics_obtained":[{"floor":5,"key":"Orichalcum"},{"floor":6,"key":"Smiling Mask"},{"floor":9,"key":"DataDisk"},{"floor":11,"key":"Lantern"},{"floor":14,"key":"Incense Burner"},{"floor":23,"key":"Darkstone Periapt"},{"floor":26,"key":"Potion Belt"},{"floor":27,"key":"Bag of Preparation"},{"floor":31,"key":"Regal Pillow"},{"floor":37,"key":"Ginger"},{"floor":41,"key":"Bottled Flame"},{"floor":45,"key":"Letter Opener"},{"floor":55,"key":"Bronze Scales"}],"event_choices":[{"damage_healed":0,"gold_gain":0,"player_choice":"Success","damage_taken":5,"relics_obtained":["Anchor"],"max_hp_gain":0,"max_hp_loss":0,"event_name":"Scrap Ooze","floor":3,"gold_loss":0},{"damage_healed":0,"gold_gain":0,"player_choice":"Ignored","damage_taken":0,"max_hp_gain":0,"max_hp_loss":0,"event_name":"Liars Game","floor":4,"gold_loss":0},{"damage_healed":0,"gold_gain":0,"player_choice":"Ignored","damage_taken":0,"max_hp_gain":0,"max_hp_loss":0,"event_name":"The Mausoleum","floor":20,"gold_loss":0},{"damage_healed":0,"gold_gain":0,"player_choice":"Obtained Relic","damage_taken":0,"relics_obtained":["Vajra"],"max_hp_gain":0,"max_hp_loss":0,"event_name":"Addict","floor":21,"gold_loss":85},{"cards_removed":["Defend_B"],"damage_healed":0,"gold_gain":0,"player_choice":"Offered Basic","damage_taken":0,"max_hp_gain":0,"max_hp_loss":0,"event_name":"Bonfire Elementals","floor":22,"gold_loss":0},{"damage_healed":0,"gold_gain":0,"player_choice":"Fight","damage_taken":0,"max_hp_gain":0,"max_hp_loss":0,"event_name":"MindBloom","floor":37,"gold_loss":0},{"cards_removed":["FTL"],"damage_healed":0,"gold_gain":0,"player_choice":"Purged","damage_taken":0,"max_hp_gain":0,"max_hp_loss":0,"event_name":"Purifier","floor":38,"gold_loss":0}],"is_beta":true,"boss_relics":[{"not_picked":["Nuclear Battery","Black Star"],"picked":"Runic Pyramid"},{"not_picked":["Lizard Tail","Snecko Eye"],"picked":"Velvet Choker"}],"items_purged_floors":[19,36,39,48,54],"is_endless":false,"potions_floor_spawned":[8,11,12,14,23,30,33,37,45,47],"ascension_level":20}