{"gold_per_floor":[115,132,206,206,225,225,251,251,275,306,330,350,362,373,373,373],"floor_reached":16,"playtime":855,"items_purged":[],"score":224,"play_id":"db7a6e45-db9f-48c7-a7d1-9bef820df7ea","local_time":"20190504141718","is_ascension_mode":true,"campfire_choices":[{"data":"Dash","floor":6.0,"key":"SMITH"},{"data":"Neutralize","floor":8.0,"key":"SMITH"},{"data":"Noxious Fumes","floor":15.0,"key":"SMITH"}],"neow_cost":"NONE","seed_source_timestamp":1023024193051956,"circlet_count":0,"master_deck":["AscendersBane","Defend_G","Defend_G","Defend_G","Defend_G","Defend_G","Strike_G","Strike_G","Strike_G","Strike_G","Strike_G","Survivor","Neutralize+1","Dash+1","Deadly Poison","Dodge and Roll","Noxious Fumes+1","Bouncing Flask"],"special_seed":0,"relics":["Ring of the Snake","Potion Belt","Lantern","Ancient Tea Set","Omamori","Anchor"],"potions_floor_usage":[16,16],"damage_taken":[{"damage":4.0,"enemies":"Jaw Worm","floor":1.0,"turns":5.0},{"damage":2.0,"enemies":"Cultist","floor":2.0,"turns":5.0},{"damage":0.0,"enemies":"Small Slimes","floor":5.0,"turns":4.0},{"damage":25.0,"enemies":"3 Sentries","floor":7.0,"turns":11.0},{"damage":14.0,"enemies":"Gremlin Nob","floor":10.0,"turns":5.0},{"damage":6.0,"enemies":"Exordium Thugs","floor":12.0,"turns":6.0},{"damage":0.0,"enemies":"3 Louse","floor":13.0,"turns":3.0},{"damage":0.0,"enemies":"Looter","floor":14.0,"turns":3.0},{"damage":17,"enemies":"Slime Boss","floor":16,"turns":5}],"seed_played":"5030305274096148864","potions_obtained":[{"floor":1.0,"key":"GhostInAJar"},{"floor":5.0,"key":"Explosive Potion"},{"floor":7.0,"key":"Fire Potion"},{"floor":10.0,"key":"SkillPotion"}],"is_trial":false,"path_per_floor":["M","M","?","?","M","R","E","R","T","E","T","M","M","M","R","B"],"character_chosen":"THE_SILENT","items_purchased":[],"campfire_rested":0,"item_purchase_floors":[],"current_hp_per_floor":[55,53,53,53,53,53,28,28,28,14,14,8,8,8,8,0],"gold":373,"neow_bonus":"RANDOM_COMMON_RELIC","is_prod":false,"is_daily":false,"chose_seed":false,"campfire_upgraded":3,"win_rate":0,"timestamp":1556993838,"path_taken":["M","M","?","?","?","R","E","R","T","E","?","M","?","M","R","BOSS"],"build_version":"2019-01-23","purchased_purges":0,"victory":false,"max_hp_per_floor":[66,66,66,66,66,66,66,66,66,66,66,66,66,66,66,66],"card_choices":[{"not_picked":["Acrobatics","Backflip"],"picked":"Cloak And Dagger","floor":1.0},{"not_picked":["Blur","Bane"],"picked":"Dash","floor":2.0},{"not_picked":["Dagger Throw","Bouncing Flask"],"picked":"Deadly Poison","floor":5.0},{"not_picked":["Heel Hook","Blur"],"picked":"Dodge and Roll","floor":7.0},{"not_picked":["Tools of the Trade","Quick Slash"],"picked":"Noxious Fumes","floor":10.0},{"not_picked":["Predator","Deflect","Expertise"],"picked":"SKIP","floor":12.0},{"not_picked":["Dagger Spray","Sucker Punch"],"picked":"Bouncing Flask","floor":13.0},{"not_picked":["Tactician","Accuracy","Deflect"],"picked":"SKIP","floor":14.0}],"player_experience":2348511,"relics_obtained":[{"floor":7.0,"key":"Ancient Tea Set"},{"floor":9.0,"key":"Omamori"},{"floor":10.0,"key":"Anchor"}],"event_choices":[{"damage_healed":0.0,"max_hp_gain":0.0,"max_hp_loss":0.0,"gold_gain":74.0,"event_name":"Golden Wing","player_choice":"Gained Gold","floor":3.0,"gold_loss":0.0,"damage_taken":0.0},{"cards_removed":["Cloak And Dagger"],"damage_healed":0.0,"max_hp_gain":0.0,"max_hp_loss":0.0,"gold_gain":0.0,"event_name":"WeMeetAgain","player_choice":"Gave Card","floor":4.0,"gold_loss":0.0,"damage_taken":0.0,"relics_obtained":["Lantern"]}],"is_beta":false,"boss_relics":[],"items_purged_floors":[],"is_endless":false,"potions_floor_spawned":[1,5,7,10],"killed_by":"Slime Boss","ascension_level":20}