{"gold_per_floor":[116,41,41,41,41,41,74,74,74,35,35,52,83,101,101,173,173,186,209,209,219,237,237,264,264,264,264,6,26,44,77,77,149,149,159,159,174,191,205,221,171,171],"floor_reached":42,"playtime":2324,"items_purged":["Decay"],"score":992,"play_id":"7c13382a-2bbe-4866-a1ef-df6ff4c3b4b6","local_time":"20190428071640","is_ascension_mode":true,"campfire_choices":[{"data":"Survivor","floor":6,"key":"SMITH"},{"data":"Deadly Poison","floor":8,"key":"SMITH"},{"data":"Crippling Poison","floor":11,"key":"SMITH"},{"data":"Well Laid Plans","floor":15,"key":"SMITH"},{"data":"Dagger Spray","floor":23,"key":"SMITH"},{"data":"Footwork","floor":25,"key":"SMITH"},{"data":"Crippling Poison","floor":32,"key":"SMITH"}],"neow_cost":"NONE","seed_source_timestamp":478048037800400,"circlet_count":0,"master_deck":["AscendersBane","Defend_G+1","Defend_G","Defend_G+1","Defend_G","Defend_G","Strike_G","Strike_G","Strike_G","Survivor+1","Neutralize+1","PiercingWail+1","Deadly Poison+1","Crippling Poison+1","Well Laid Plans+1","Footwork+1","Dodge and Roll+1","Adrenaline","Dagger Spray+1","Backstab","Skewer","Noxious Fumes+1","Backflip","Dash","Crippling Poison+1","Malaise","Leg Sweep","Caltrops+1","PiercingWail"],"relics":["Ring of the Snake","NeowsBlessing","Calipers","Letter Opener","War Paint","Philosopher\u0027s Stone","Blood Vial","Centennial Puzzle","Oddly Smooth Stone","Strawberry","Omamori","Black Star","WarpedTongs"],"potions_floor_usage":[16,31,42],"damage_taken":[{"damage":0,"enemies":"Jaw Worm","floor":1,"turns":1},{"damage":0,"enemies":"Gremlin Nob","floor":7,"turns":1},{"damage":0,"enemies":"Small Slimes","floor":12,"turns":1},{"damage":6,"enemies":"Lagavulin","floor":13,"turns":7},{"damage":0,"enemies":"Cultist","floor":14,"turns":3},{"damage":3,"enemies":"Hexaghost","floor":16,"turns":10},{"damage":3,"enemies":"Spheric Guardian","floor":18,"turns":3},{"damage":11,"enemies":"Shell Parasite","floor":21,"turns":6},{"damage":0,"enemies":"Snake Plant","floor":22,"turns":5},{"damage":7,"enemies":"Slavers","floor":24,"turns":5},{"damage":1,"enemies":"Snecko","floor":29,"turns":5},{"damage":0,"enemies":"Sentry and Sphere","floor":30,"turns":4},{"damage":0,"enemies":"Gremlin Leader","floor":31,"turns":6},{"damage":27,"enemies":"Champ","floor":33,"turns":16},{"damage":19,"enemies":"3 Darklings","floor":35,"turns":3},{"damage":0,"enemies":"Orb Walker","floor":37,"turns":4},{"damage":34,"enemies":"Transient","floor":38,"turns":6},{"damage":0,"enemies":"Sphere and 2 Shapes","floor":39,"turns":4},{"damage":1,"enemies":"4 Shapes","floor":40,"turns":5},{"damage":21,"enemies":"Transient","floor":42,"turns":5}],"seed_played":"7211690916900114985","potions_obtained":[{"floor":7,"key":"LiquidBronze"},{"floor":13,"key":"GamblersBrew"},{"floor":18,"key":"LiquidBronze"},{"floor":21,"key":"Ancient Potion"},{"floor":24,"key":"Fire Potion"},{"floor":38,"key":"SkillPotion"}],"is_trial":false,"path_per_floor":["M","?","$","?","?","R","E","R","T","$","R","M","E","M","R","B",null,"M","T","?","M","M","R","E","R","T","?","$","M","M","E","R","B",null,"M","?","M","M","M","M","?","M"],"character_chosen":"THE_SILENT","items_purchased":["Crippling Poison","Strawberry","Backflip"],"campfire_rested":0,"item_purchase_floors":[10,28,28],"current_hp_per_floor":[59,59,59,59,59,59,59,59,59,59,59,59,53,53,53,50,62,59,59,59,50,52,52,47,47,47,47,54,55,57,59,59,34,63,46,46,48,16,18,19,19,0],"gold":171,"neow_bonus":"THREE_ENEMY_KILL","is_prod":false,"is_daily":false,"chose_seed":false,"campfire_upgraded":7,"win_rate":0,"timestamp":1556450200,"path_taken":["M","?","$","?","?","R","E","R","T","$","R","M","E","M","R","BOSS","M","?","?","?","M","R","E","R","T","?","$","M","M","E","R","BOSS","M","?","M","M","?","M","?","?"],"build_version":"2019-01-23","purchased_purges":1,"victory":false,"max_hp_per_floor":[66,66,66,66,66,66,66,66,66,66,66,66,66,66,66,66,66,66,66,66,66,66,66,66,66,66,66,73,73,73,73,73,73,73,73,73,73,73,73,73,73,73],"card_choices":[{"not_picked":["Backflip","Heel Hook"],"picked":"PiercingWail","floor":1},{"not_picked":["Setup","Outmaneuver"],"picked":"Deadly Poison","floor":7},{"not_picked":["Slice","Venomology"],"picked":"Well Laid Plans","floor":12},{"not_picked":["All Out Attack","Flying Knee"],"picked":"Footwork","floor":13},{"not_picked":["Acrobatics","Distraction"],"picked":"Dodge and Roll","floor":14},{"not_picked":["Night Terror","Grand Finale"],"picked":"Adrenaline","floor":16},{"not_picked":["Reflex","Flying Knee+1"],"picked":"Dagger Spray","floor":18},{"not_picked":["Choke","Deflect"],"picked":"Backstab","floor":21},{"not_picked":["Poisoned Stab","Flechettes"],"picked":"Skewer","floor":22},{"not_picked":["Deadly Poison","Unload"],"picked":"Noxious Fumes+1","floor":24},{"not_picked":["Reflex","Bane"],"picked":"Dash","floor":29},{"not_picked":["Dagger Throw","Blade Dance","Heel Hook"],"picked":"SKIP","floor":30},{"not_picked":["Blade Dance","Masterful Stab"],"picked":"Crippling Poison","floor":31},{"not_picked":["Doppelganger","Storm of Steel"],"picked":"Malaise","floor":33},{"not_picked":["Bouncing Flask","Expertise"],"picked":"Leg Sweep","floor":35},{"not_picked":["Reflex","Outmaneuver"],"picked":"Caltrops+1","floor":37},{"not_picked":["Underhanded Strike","Blade Dance","Deadly Poison"],"picked":"SKIP","floor":38},{"not_picked":["Quick Slash","Blade Dance+1"],"picked":"PiercingWail","floor":39},{"not_picked":["Outmaneuver","Acrobatics","Predator"],"picked":"SKIP","floor":40}],"player_experience":2038236,"relics_obtained":[{"floor":7,"key":"Calipers"},{"floor":9,"key":"Letter Opener"},{"floor":13,"key":"War Paint"},{"floor":19,"key":"Blood Vial"},{"floor":24,"key":"Centennial Puzzle"},{"floor":26,"key":"Oddly Smooth Stone"},{"floor":31,"key":"Omamori"}],"event_choices":[{"cards_removed":["Strike_G"],"damage_healed":0,"gold_gain":0,"player_choice":"Card Removal","damage_taken":0,"max_hp_gain":0,"max_hp_loss":0,"event_name":"The Cleric","floor":2,"gold_loss":75},{"damage_healed":0,"gold_gain":0,"player_choice":"Grow","damage_taken":0,"max_hp_gain":0,"max_hp_loss":0,"event_name":"Living Wall","floor":4,"gold_loss":0,"cards_upgraded":["Neutralize"]},{"cards_removed":["Strike_G"],"damage_healed":0,"gold_gain":0,"player_choice":"Offered Basic","damage_taken":0,"max_hp_gain":0,"max_hp_loss":0,"event_name":"Bonfire Elementals","floor":5,"gold_loss":0},{"damage_healed":0,"gold_gain":0,"player_choice":"Ignored","damage_taken":0,"max_hp_gain":0,"max_hp_loss":0,"event_name":"N\u0027loth","floor":20,"gold_loss":0},{"damage_healed":0,"gold_gain":0,"player_choice":"Smashed Altar","damage_taken":0,"max_hp_gain":0,"max_hp_loss":0,"event_name":"Forgotten Altar","floor":27,"gold_loss":0,"cards_obtained":["Decay"]},{"damage_healed":0,"gold_gain":0,"player_choice":"Rummage","damage_taken":0,"relics_obtained":["WarpedTongs"],"max_hp_gain":0,"max_hp_loss":0,"event_name":"Accursed Blacksmith","floor":36,"gold_loss":0,"cards_obtained":["Pain"]},{"damage_healed":0,"gold_gain":0,"player_choice":"Upgraded Two","damage_taken":0,"max_hp_gain":0,"max_hp_loss":0,"event_name":"Designer","floor":41,"gold_loss":50,"cards_upgraded":["Dodge and Roll","Defend_G"]}],"is_beta":false,"boss_relics":[{"not_picked":["Velvet Choker","Astrolabe"],"picked":"Philosopher\u0027s Stone"},{"not_picked":["Snecko Eye","HoveringKite"],"picked":"Black Star"}],"items_purged_floors":[28],"is_endless":false,"potions_floor_spawned":[7,13,14,18,21,24,29,38,40],"killed_by":"Transient","ascension_level":20}