{"gold_per_floor":[116,127,87,100,117,149,149,178,178,205,205,205,219,235,235,306,306,325,325,174,192,11,11,11,11,11,11,29,43,43,56,56,135,135,151,162,175,175,191,253,253,286,310,330,330,341,341,341,341,341],"floor_reached":50,"playtime":4163,"items_purged":["Writhe","Parasite"],"score":1198,"play_id":"2fe89ceb-128a-4410-96d9-e978b7e58ef0","local_time":"20190428231545","is_ascension_mode":true,"campfire_choices":[{"floor":7,"key":"REST"},{"data":"Hologram","floor":12,"key":"SMITH"},{"data":"Defragment","floor":15,"key":"SMITH"},{"data":"Double Energy","floor":23,"key":"SMITH"},{"data":"Biased Cognition","floor":25,"key":"SMITH"},{"data":"Undo","floor":27,"key":"SMITH"},{"data":"Coolheaded","floor":30,"key":"SMITH"},{"data":"Dualcast","floor":32,"key":"SMITH"},{"floor":41,"key":"REST"},{"floor":45,"key":"RECALL"},{"floor":47,"key":"REST"},{"floor":49,"key":"REST"}],"neow_cost":"PERCENT_DAMAGE","seed_source_timestamp":533762387031641,"circlet_count":0,"master_deck":["AscendersBane","Strike_B","Strike_B","Strike_B","Strike_B","Defend_B","Defend_B","Defend_B","Defend_B","Zap+1","Dualcast+1","Ball Lightning","Cold Snap","Cold Snap","Hologram+1","Compile Driver","Conserve Battery+1","Double Energy+1","Defragment+1","Biased Cognition+1","Clumsy","Coolheaded+1","Static Discharge+1","Undo+1","Loop+1","Capacitor+1","Machine Learning+1","Defragment+1","Glacier","Cold Snap+1","Ball Lightning+1","Cold Snap+1","Coolheaded+1","Normality","Defragment+1"],"relics":["Cracked Core","StoneCalendar","Meat on the Bone","Question Card","Symbiotic Virus","Darkstone Periapt","Calling Bell","Anchor","Frozen Egg 2","Emotion Chip","Dodecahedron","Pocketwatch","Cursed Key","Tiny Chest","Oddly Smooth Stone"],"potions_floor_usage":[6,6,8,13,31,33,42,50],"damage_taken":[{"damage":6,"enemies":"2 Louse","floor":1,"turns":3},{"damage":0,"enemies":"Cultist","floor":2,"turns":3},{"damage":7,"enemies":"Small Slimes","floor":4,"turns":2},{"damage":5,"enemies":"2 Fungi Beasts","floor":5,"turns":3},{"damage":27,"enemies":"3 Sentries","floor":6,"turns":7},{"damage":6,"enemies":"Gremlin Nob","floor":8,"turns":3},{"damage":5,"enemies":"Lagavulin","floor":10,"turns":6},{"damage":8,"enemies":"Lots of Slimes","floor":13,"turns":3},{"damage":5,"enemies":"Red Slaver","floor":14,"turns":2},{"damage":22,"enemies":"Hexaghost","floor":16,"turns":9},{"damage":6,"enemies":"2 Thieves","floor":18,"turns":2},{"damage":4,"enemies":"Shell Parasite","floor":21,"turns":3},{"damage":8,"enemies":"Snecko","floor":28,"turns":4},{"damage":9,"enemies":"Sentry and Sphere","floor":29,"turns":5},{"damage":32,"enemies":"Shelled Parasite and Fungi","floor":31,"turns":4},{"damage":25,"enemies":"Collector","floor":33,"turns":9},{"damage":0,"enemies":"3 Shapes","floor":35,"turns":6},{"damage":44,"enemies":"3 Darklings","floor":36,"turns":4},{"damage":10,"enemies":"Jaw Worm Horde","floor":37,"turns":5},{"damage":21,"enemies":"Sphere and 2 Shapes","floor":39,"turns":5},{"damage":17,"enemies":"Nemesis","floor":40,"turns":7},{"damage":0,"enemies":"Giant Head","floor":42,"turns":7},{"damage":29,"enemies":"4 Shapes","floor":44,"turns":4},{"damage":24,"enemies":"Spire Growth","floor":46,"turns":5},{"damage":84,"enemies":"Awakened One","floor":50,"turns":5}],"seed_played":"2064659577986266724","potions_obtained":[{"floor":2,"key":"Swift Potion"},{"floor":3,"key":"Regen Potion"},{"floor":6,"key":"SkillPotion"},{"floor":8,"key":"SteroidPotion"},{"floor":13,"key":"EssenceOfSteel"},{"floor":14,"key":"AttackPotion"},{"floor":29,"key":"FocusPotion"},{"floor":33,"key":"Strength Potion"},{"floor":39,"key":"SpeedPotion"},{"floor":40,"key":"FocusPotion"},{"floor":42,"key":"Dexterity Potion"}],"is_trial":false,"path_per_floor":["M","M","?","M","M","E","R","E","T","E","?","R","M","M","R","B",null,"M","?","$","M","$","R","?","R","T","R","M","M","R","M","R","B",null,"M","M","M","?","M","E","R","E","T","M","R","M","R","?","R","B"],"character_chosen":"DEFECT","items_purchased":["Static Discharge+1","Loop+1"],"campfire_rested":4,"item_purchase_floors":[20,22],"current_hp_per_floor":[40,40,40,33,28,16,37,43,43,38,38,38,42,37,37,27,78,72,72,72,68,68,68,68,68,68,68,60,51,51,31,31,18,69,69,37,39,71,50,45,66,66,72,43,43,31,54,54,77,0],"gold":341,"neow_bonus":"ONE_RARE_RELIC","is_prod":false,"is_daily":false,"chose_seed":false,"campfire_upgraded":7,"win_rate":0,"timestamp":1556507745,"path_taken":["M","M","?","?","M","E","R","E","T","E","?","R","M","M","R","BOSS","M","?","$","?","?","R","?","R","T","R","M","M","R","M","R","BOSS","M","?","M","?","M","E","R","E","T","M","R","M","R","?","R","BOSS"],"build_version":"2019-01-23","purchased_purges":2,"victory":false,"max_hp_per_floor":[71,71,71,71,71,71,71,71,71,71,71,71,71,71,71,71,89,89,89,89,89,86,86,86,86,86,86,86,86,86,86,86,86,86,86,86,86,71,71,71,71,71,77,77,77,77,77,77,77,77],"card_choices":[{"not_picked":["Beam Cell","Turbo"],"picked":"Ball Lightning","floor":1},{"not_picked":["BootSequence","Genetic Algorithm"],"picked":"Cold Snap","floor":2},{"not_picked":["Gash","Turbo"],"picked":"Cold Snap","floor":4},{"not_picked":["Stack","Blizzard"],"picked":"Hologram","floor":5},{"not_picked":["Sweeping Beam","Turbo"],"picked":"Compile Driver","floor":6},{"not_picked":["Lockon","Stack"],"picked":"Conserve Battery","floor":8},{"not_picked":["Storm","Rebound","Steam Power"],"picked":"Double Energy","floor":10},{"not_picked":["Compile Driver","Stack","Chill"],"picked":"Defragment","floor":13},{"not_picked":["Chaos","Aggregate","Reprogram","Streamline"],"picked":"SKIP","floor":14},{"not_picked":["Machine Learning","Meteor Strike","Multi-Cast"],"picked":"Biased Cognition","floor":16},{"not_picked":["Streamline","Steam Power","Compile Driver"],"picked":"Coolheaded","floor":18},{"not_picked":["Scrape+1","Streamline+1","Ball Lightning"],"picked":"Undo","floor":21},{"not_picked":["Gash","Rebound","Sweeping Beam","Streamline"],"picked":"SKIP","floor":28},{"not_picked":["Skim","Ball Lightning","Lockon"],"picked":"Capacitor+1","floor":29},{"not_picked":["Go for the Eyes","Streamline","Compile Driver","Leap"],"picked":"SKIP","floor":31},{"not_picked":["Amplify","Creative AI+1","Multi-Cast"],"picked":"Machine Learning+1","floor":33},{"not_picked":["Steam","Hologram+1","Chill"],"picked":"Defragment+1","floor":35},{"not_picked":["Sweeping Beam","Recycle","Loop+1"],"picked":"Glacier","floor":36},{"not_picked":["Turbo","Rebound","Thunder Strike"],"picked":"Cold Snap+1","floor":37},{"not_picked":["Leap","Streamline","Barrage"],"picked":"Ball Lightning+1","floor":39},{"not_picked":["Double Energy","Sunder","Barrage+1"],"picked":"Cold Snap+1","floor":40},{"not_picked":["Turbo","Auto Shields","Leap"],"picked":"Coolheaded+1","floor":42},{"not_picked":["Go for the Eyes","Force Field","Turbo+1","Stack"],"picked":"SKIP","floor":44},{"not_picked":["Auto Shields","Stack","Multi-Cast"],"picked":"Defragment+1","floor":46}],"player_experience":2061923,"relics_obtained":[{"floor":6,"key":"Meat on the Bone"},{"floor":8,"key":"Question Card"},{"floor":9,"key":"Symbiotic Virus"},{"floor":10,"key":"Darkstone Periapt"},{"floor":17,"key":"Anchor"},{"floor":17,"key":"Frozen Egg 2"},{"floor":17,"key":"Emotion Chip"},{"floor":26,"key":"Pocketwatch"},{"floor":40,"key":"Tiny Chest"},{"floor":42,"key":"Oddly Smooth Stone"}],"event_choices":[{"damage_healed":0,"gold_gain":0,"player_choice":"Bought 3 Potions","damage_taken":0,"max_hp_gain":0,"max_hp_loss":0,"event_name":"The Woman in Blue","floor":3,"gold_loss":0},{"damage_healed":0,"gold_gain":0,"player_choice":"Grow","damage_taken":0,"max_hp_gain":0,"max_hp_loss":0,"event_name":"Living Wall","floor":11,"gold_loss":0,"cards_upgraded":["Zap"]},{"damage_healed":0,"gold_gain":0,"player_choice":"Gave Potion","damage_taken":0,"relics_obtained":["Dodecahedron"],"max_hp_gain":0,"max_hp_loss":0,"event_name":"WeMeetAgain","floor":19,"gold_loss":0},{"damage_healed":0,"gold_gain":0,"player_choice":"0 cards matched","damage_taken":0,"max_hp_gain":0,"max_hp_loss":0,"event_name":"Match and Keep!","floor":24,"gold_loss":0,"cards_obtained":[]},{"damage_healed":71,"gold_gain":0,"player_choice":"Heal","damage_taken":0,"max_hp_gain":0,"max_hp_loss":15,"event_name":"The Moai Head","floor":38,"gold_loss":0},{"damage_healed":0,"gold_gain":0,"player_choice":"Upgraded","damage_taken":0,"max_hp_gain":0,"max_hp_loss":0,"event_name":"Upgrade Shrine","floor":48,"gold_loss":0,"cards_upgraded":["Conserve Battery"]}],"is_beta":false,"boss_relics":[{"not_picked":["Philosopher\u0027s Stone","Black Star"],"picked":"Calling Bell"},{"not_picked":["Busted Crown","Astrolabe"],"picked":"Cursed Key"}],"items_purged_floors":[20,22],"is_endless":false,"potions_floor_spawned":[2,6,8,13,14,29,33,39,40,42,46],"killed_by":"Awakened One","ascension_level":20}