{"gold_per_floor":[114,124,199,275,295,295,327,327,327,12,69,122,139,67,67,67],"floor_reached":16,"playtime":370,"items_purged":[],"score":172,"play_id":"aaa0d947-ae0a-4cae-bf99-99d7e8bcfd13","local_time":"20190410155154","is_ascension_mode":true,"campfire_choices":[{"floor":6.0,"key":"REST"},{"floor":8.0,"key":"REST"},{"floor":15,"key":"REST"}],"neow_cost":"NONE","seed_source_timestamp":4280375850815,"circlet_count":0,"master_deck":["AscendersBane","Strike_B","Strike_B","Strike_B","Defend_B","Defend_B","Defend_B","Defend_B","Zap","Dualcast","Ball Lightning","Gash","Genetic Algorithm","Core Surge"],"special_seed":0,"relics":["Cracked Core","Oddly Smooth Stone","Gremlin Horn","Anchor","DataDisk"],"potions_floor_usage":[11,16,16,16,16],"damage_taken":[{"damage":9.0,"enemies":"Small Slimes","floor":1.0,"turns":4.0},{"damage":7.0,"enemies":"Jaw Worm","floor":2.0,"turns":2.0},{"damage":10.0,"enemies":"2 Louse","floor":5.0,"turns":2.0},{"damage":44.0,"enemies":"Gremlin Nob","floor":7.0,"turns":5.0},{"damage":22,"enemies":"3 Sentries","floor":11,"turns":7},{"damage":0,"enemies":"Looter","floor":13,"turns":3},{"damage":27,"enemies":"Hexaghost","floor":16,"turns":9}],"seed_played":"6572455162571420417","potions_obtained":[{"floor":2.0,"key":"GamblersBrew"},{"floor":7.0,"key":"Strength Potion"},{"floor":11,"key":"EntropicBrew"}],"is_trial":false,"path_per_floor":["M","M","?","T","M","R","E","R","T","$","?","T","M","$","R","B"],"character_chosen":"DEFECT","items_purchased":["Genetic Algorithm","Gremlin Horn","Core Surge"],"campfire_rested":3,"item_purchase_floors":[10,10,14],"current_hp_per_floor":[55,48,37,37,27,48,4,25,25,25,3,3,3,3,24,0],"gold":67,"neow_bonus":"REMOVE_CARD","is_prod":false,"is_daily":false,"chose_seed":false,"campfire_upgraded":0,"win_rate":0,"timestamp":1554925914,"path_taken":["M","M","?","?","M","R","E","R","T","$","?","?","M","$","R","BOSS"],"build_version":"2019-04-04","purchased_purges":0,"victory":false,"max_hp_per_floor":[71,71,71,71,71,71,71,71,71,71,71,71,71,71,71,71],"card_choices":[{"not_picked":["Leap","Coolheaded"],"picked":"Ball Lightning","floor":1.0},{"not_picked":["Leap","Sunder"],"picked":"Gash","floor":2.0},{"not_picked":["Heatsinks","Barrage","Fusion"],"picked":"SKIP","floor":5.0},{"not_picked":["Redo","Blizzard","Sunder"],"picked":"SKIP","floor":7.0},{"not_picked":["Aggregate","Ball Lightning","Leap"],"picked":"SKIP","floor":13}],"player_experience":2387304,"relics_obtained":[{"floor":7.0,"key":"Oddly Smooth Stone"},{"floor":11,"key":"Anchor"},{"floor":12,"key":"DataDisk"}],"event_choices":[{"damage_healed":0.0,"max_hp_gain":0.0,"max_hp_loss":0.0,"gold_gain":75.0,"event_name":"World of Goop","player_choice":"Gather Gold","floor":3.0,"gold_loss":0.0,"damage_taken":11.0},{"damage_healed":0,"gold_gain":0,"player_choice":"Searched \u00271\u0027 times","damage_taken":0,"max_hp_gain":0,"max_hp_loss":0,"event_name":"Dead Adventurer","floor":11,"gold_loss":0}],"is_beta":true,"boss_relics":[],"items_purged_floors":[],"is_endless":false,"potions_floor_spawned":[2,7,11],"killed_by":"Hexaghost","ascension_level":15}