{"gold_per_floor":[109,120,195,24,40,71,71,96,96,96,96,131,148,167,167,241,241,253,253,266,266,30,59,59,86,135,135],"floor_reached":27,"playtime":1233,"items_purged":["Decay"],"score":563,"play_id":"99f78bf4-30c5-4715-8f85-b9fec3f82954","local_time":"20190404051129","is_ascension_mode":true,"campfire_choices":[{"data":"Bash","floor":7,"key":"SMITH"},{"data":"Combust","floor":10,"key":"SMITH"},{"data":"Feed","floor":15,"key":"SMITH"},{"data":"Immolate","floor":24,"key":"SMITH"}],"neow_cost":"NONE","seed_source_timestamp":240338445474220,"circlet_count":0,"master_deck":["AscendersBane","Defend_R","Defend_R","Defend_R","Defend_R","Bash+1","Twin Strike","Cleave","Combust+1","Spot Weakness","Sword Boomerang","Metallicize","Feed+1","Immolate+1","Flame Barrier+1","Uppercut+1","Bite","Bite","Bite","Bite","Bite","Evolve","Feel No Pain"],"relics":["Burning Blood","Centennial Puzzle","Potion Belt","Magic Flower","Blue Candle","Pear","Turnip","White Beast Statue","Anchor","Torii","Art of War","Bag of Preparation"],"potions_floor_usage":[2,5,5,6,6,8,16,23,23,25,27],"damage_taken":[{"damage":7,"enemies":"Cultist","floor":1,"turns":4},{"damage":7,"enemies":"2 Louse","floor":2,"turns":3},{"damage":7,"enemies":"Small Slimes","floor":5,"turns":3},{"damage":11,"enemies":"Gremlin Nob","floor":6,"turns":3},{"damage":32,"enemies":"Lagavulin","floor":8,"turns":5},{"damage":27,"enemies":"3 Sentries","floor":12,"turns":4},{"damage":29,"enemies":"Exordium Thugs","floor":13,"turns":3},{"damage":15,"enemies":"3 Louse","floor":14,"turns":2},{"damage":38,"enemies":"The Guardian","floor":16,"turns":12},{"damage":34,"enemies":"Spheric Guardian","floor":18,"turns":6},{"damage":11,"enemies":"Chosen","floor":20,"turns":5},{"damage":42,"enemies":"Gremlin Leader","floor":23,"turns":6},{"damage":33,"enemies":"Book of Stabbing","floor":25,"turns":5},{"damage":52,"enemies":"Gremlin Leader","floor":27,"turns":5}],"seed_played":"-4299940938136366155","potions_obtained":[{"floor":1,"key":"Fire Potion"},{"floor":2,"key":"EntropicBrew"},{"floor":12,"key":"FearPotion"},{"floor":18,"key":"Fire Potion"},{"floor":20,"key":"SteroidPotion"},{"floor":23,"key":"AttackPotion"},{"floor":25,"key":"Strength Potion"}],"is_trial":false,"path_per_floor":["M","M","?","$","M","E","R","E","T","R","?","E","M","M","R","B",null,"M","?","M","?","$","E","R","E","T","E"],"character_chosen":"IRONCLAD","items_purchased":["Potion Belt","Anchor"],"campfire_rested":0,"item_purchase_floors":[4,22],"current_hp_per_floor":[67,66,55,55,54,49,49,26,36,36,95,77,57,51,51,28,81,56,56,54,54,54,39,39,27,27,0],"gold":135,"neow_bonus":"RANDOM_COMMON_RELIC","is_prod":false,"is_daily":false,"chose_seed":false,"campfire_upgraded":4,"win_rate":0,"timestamp":1554369089,"path_taken":["M","?","?","$","M","E","R","E","T","R","?","E","?","M","R","BOSS","M","?","M","?","$","E","R","E","T","E"],"build_version":"2019-01-23","purchased_purges":1,"victory":false,"max_hp_per_floor":[75,75,75,75,75,75,75,75,85,85,95,95,95,95,95,99,99,99,99,99,69,69,73,73,73,73,73],"card_choices":[{"not_picked":["Dropkick","Havoc"],"picked":"Twin Strike","floor":1},{"not_picked":["Reckless Charge","Clash"],"picked":"Cleave","floor":2},{"not_picked":["Headbutt","Intimidate"],"picked":"Combust","floor":5},{"not_picked":["Combust","Wild Strike"],"picked":"Spot Weakness","floor":6},{"not_picked":["Entrench","Cleave"],"picked":"Double Tap","floor":8},{"not_picked":["Warcry","Hemokinesis"],"picked":"Sword Boomerang","floor":12},{"not_picked":["Battle Trance","Havoc"],"picked":"Metallicize","floor":13},{"not_picked":["Thunderclap","Power Through"],"picked":"Feed","floor":14},{"not_picked":["Bludgeon","Feed"],"picked":"Immolate","floor":16},{"not_picked":["Perfected Strike","Pommel Strike"],"picked":"Flame Barrier+1","floor":18},{"not_picked":["Flame Barrier+1","Shrug It Off"],"picked":"Uppercut+1","floor":20},{"not_picked":["Second Wind","Warcry"],"picked":"Evolve","floor":23},{"not_picked":["Warcry","Twin Strike"],"picked":"Feel No Pain","floor":25}],"player_experience":1589128,"relics_obtained":[{"floor":6,"key":"Magic Flower"},{"floor":8,"key":"Blue Candle"},{"floor":9,"key":"Pear"},{"floor":12,"key":"Turnip"},{"floor":23,"key":"Torii"},{"floor":25,"key":"Art of War"},{"floor":26,"key":"Bag of Preparation"}],"event_choices":[{"damage_healed":0,"gold_gain":75,"player_choice":"Gather Gold","damage_taken":11,"max_hp_gain":0,"max_hp_loss":0,"event_name":"World of Goop","floor":3,"gold_loss":0},{"cards_removed":["Double Tap"],"damage_healed":49,"gold_gain":0,"player_choice":"Offered Rare","damage_taken":0,"max_hp_gain":10,"max_hp_loss":0,"event_name":"Bonfire Elementals","floor":11,"gold_loss":0},{"damage_healed":0,"gold_gain":0,"player_choice":"Smashed Altar","damage_taken":0,"max_hp_gain":0,"max_hp_loss":0,"event_name":"Forgotten Altar","floor":19,"gold_loss":0,"cards_obtained":["Decay"]},{"damage_healed":0,"gold_gain":0,"player_choice":"Became a vampire","damage_taken":0,"max_hp_gain":0,"max_hp_loss":30,"event_name":"Vampires","floor":21,"gold_loss":0,"cards_obtained":["Bite","Bite","Bite","Bite","Bite"]}],"is_beta":false,"boss_relics":[{"not_picked":["Astrolabe","Runic Pyramid"],"picked":"White Beast Statue"}],"items_purged_floors":[22],"is_endless":false,"potions_floor_spawned":[1,2,12,18,20,23,25],"killed_by":"Gremlin Leader","ascension_level":20}