{"gold_per_floor":[119,119,119,132,145,145,162,162,185,226,256,286,298,325,337,349],"floor_reached":16,"playtime":1377,"items_purged":[],"score":182,"play_id":"163cd54a-630c-4ff5-9ead-e14d03ed873f","local_time":"20180803152025","is_ascension_mode":true,"campfire_choices":[{"data":"Clothesline","floor":6,"key":"SMITH"},{"data":"Feel No Pain","floor":8,"key":"SMITH"},{"data":"Armaments","floor":13,"key":"SMITH"},{"floor":15,"key":"REST"}],"neow_cost":"NONE","seed_source_timestamp":108075235435469,"circlet_count":0,"master_deck":["Strike_R","Strike_R","Strike_R","Strike_R","Strike_R","Defend_R","Defend_R","Defend_R","Defend_R","Bash+1","AscendersBane","Feel No Pain+1","Ghostly Armor","Clothesline+1","Armaments+1","Intimidate","Shrug It Off","Warcry"],"relics":["Burning Blood","MawBank","Oddly Smooth Stone"],"potions_floor_usage":[5,7,10,16],"damage_taken":[{"damage":4,"enemies":"2 Louse","floor":1,"turns":3},{"damage":14,"enemies":"Jaw Worm","floor":4,"turns":4},{"damage":7,"enemies":"Small Slimes","floor":5,"turns":3},{"damage":7,"enemies":"Gremlin Gang","floor":7,"turns":6},{"damage":17,"enemies":"Gremlin Nob","floor":10,"turns":5},{"damage":0,"enemies":"Blue Slaver","floor":11,"turns":7},{"damage":40,"enemies":"Large Slime","floor":12,"turns":8},{"damage":0,"enemies":"3 Louse","floor":14,"turns":5},{"damage":56,"enemies":"Slime Boss","floor":16,"turns":13}],"seed_played":"2641617366097432227","potions_obtained":[{"floor":4,"key":"Explosive Potion"},{"floor":5,"key":"PowerPotion"},{"floor":7,"key":"PowerPotion"},{"floor":11,"key":"Strength Potion"}],"is_trial":false,"path_per_floor":["M","?","?","M","M","R","M","R","T","E","M","M","R","M","R"],"character_chosen":"IRONCLAD","items_purchased":[],"campfire_rested":1,"item_purchase_floors":[],"current_hp_per_floor":[70,70,75,67,66,66,65,65,65,54,60,26,26,32,56,0],"gold":349,"neow_bonus":"UPGRADE_CARD","is_prod":false,"is_daily":false,"chose_seed":false,"campfire_upgraded":3,"win_rate":0,"timestamp":1533334825,"path_taken":["M","?","?","M","?","R","M","R","T","E","M","M","R","M","R","BOSS"],"build_version":"2018-08-01","purchased_purges":0,"victory":false,"max_hp_per_floor":[75,75,80,80,80,80,80,80,80,80,80,80,80,80,80,80],"card_choices":[{"not_picked":["Pommel Strike","Shrug It Off"],"picked":"Feel No Pain","floor":1},{"not_picked":["Reckless Charge","Searing Blow"],"picked":"Ghostly Armor","floor":4},{"not_picked":["Warcry","Headbutt"],"picked":"Clothesline","floor":5},{"not_picked":["Heavy Blade","Blood for Blood"],"picked":"Armaments","floor":7},{"not_picked":["Havoc","Thunderclap"],"picked":"Intimidate","floor":10},{"not_picked":["Infernal Blade","Perfected Strike","Twin Strike"],"picked":"SKIP","floor":11},{"not_picked":["Limit Break","Thunderclap"],"picked":"Shrug It Off","floor":12},{"not_picked":["Perfected Strike","Headbutt"],"picked":"Warcry","floor":14}],"player_experience":836491,"relics_obtained":[{"floor":9,"key":"MawBank"},{"floor":10,"key":"Oddly Smooth Stone"}],"event_choices":[{"event_name":"Shining Light","player_choice":"Ignored","floor":2,"damage_taken":0},{"event_name":"Big Fish","player_choice":"Donut","floor":3,"damage_taken":0}],"is_beta":true,"boss_relics":[],"items_purged_floors":[],"is_endless":false,"potions_floor_spawned":[4,5,7,11],"killed_by":"Slime Boss","ascension_level":15}