{"gold_per_floor":[118,136,152,117,78,78,108,118,118,145,145,165,165,182,182,258,258,276,295,295,18,18,45,45,78,108,108,136,136,162,184,196,279,291,317,376,388,400,426,438,476,488,524,28,40,40,68,68,68,68],"floor_reached":50,"playtime":3432,"items_purged":[],"score":1132,"play_id":"43bed93d-a3dd-402c-8ee5-2a68582cc29b","local_time":"20190503072046","is_ascension_mode":true,"campfire_choices":[{"data":"Defragment","floor":6.0,"key":"SMITH"},{"data":"Auto Shields","floor":13.0,"key":"SMITH"},{"floor":15.0,"key":"REST"},{"floor":24.0,"key":"REST"},{"floor":27.0,"key":"REST"},{"floor":32.0,"key":"REST"},{"floor":40.0,"key":"REST"},{"floor":49.0,"key":"RECALL"}],"neow_cost":"NONE","seed_source_timestamp":0,"circlet_count":0,"master_deck":["AscendersBane","Strike_B+1","Strike_B+1","Strike_B","Defend_B","Defend_B","Defend_B","Defend_B","Zap","Dualcast","Ball Lightning","Auto Shields+1","Conserve Battery","Defragment+1","Tempest+1","BootSequence+1","Coolheaded+1","Steam+1","Recycle+1","Echo Form","Double Energy+1","Tempest+1","Sweeping Beam+1","Sunder+1","Coolheaded+1","Rainbow+1","Coolheaded+1","Apotheosis+1"],"special_seed":0,"relics":["Cracked Core","Art of War","Toxic Egg 2","Kunai","Regal Pillow","Nuclear Battery","Molten Egg 2","Bottled Tornado","Happy Flower","Thread and Needle","Tiny Chest","Whetstone","MawBank","Busted Crown","Dead Branch","Bottled Flame","Letter Opener","Chemical X","Pear","Shovel","Anchor"],"potions_floor_usage":[],"damage_taken":[{"damage":7.0,"enemies":"Small Slimes","floor":1.0,"turns":4.0},{"damage":0.0,"enemies":"2 Louse","floor":2.0,"turns":2.0},{"damage":1.0,"enemies":"Cultist","floor":3.0,"turns":3.0},{"damage":33.0,"enemies":"3 Sentries","floor":7.0,"turns":6.0},{"damage":2.0,"enemies":"Large Slime","floor":8.0,"turns":4.0},{"damage":11.0,"enemies":"Gremlin Nob","floor":10.0,"turns":3.0},{"damage":8.0,"enemies":"Exordium Thugs","floor":12.0,"turns":4.0},{"damage":16.0,"enemies":"Exordium Wildlife","floor":14.0,"turns":4.0},{"damage":35.0,"enemies":"Slime Boss","floor":16.0,"turns":12.0},{"damage":17.0,"enemies":"Spheric Guardian","floor":18.0,"turns":4.0},{"damage":18.0,"enemies":"Chosen","floor":19.0,"turns":6.0},{"damage":1.0,"enemies":"Book of Stabbing","floor":23.0,"turns":3.0},{"damage":23.0,"enemies":"Gremlin Leader","floor":25.0,"turns":6.0},{"damage":38.0,"enemies":"Slavers","floor":28.0,"turns":3.0},{"damage":0.0,"enemies":"Centurion and Healer","floor":30.0,"turns":4.0},{"damage":8.0,"enemies":"Snecko","floor":31.0,"turns":4.0},{"damage":45.0,"enemies":"Collector","floor":33.0,"turns":13.0},{"damage":15.0,"enemies":"3 Darklings","floor":35.0,"turns":5.0},{"damage":38.0,"enemies":"2 Orb Walkers","floor":36.0,"turns":5.0},{"damage":0.0,"enemies":"3 Shapes","floor":39.0,"turns":2.0},{"damage":43.0,"enemies":"Reptomancer","floor":41.0,"turns":7.0},{"damage":17.0,"enemies":"Spire Growth","floor":45.0,"turns":4.0},{"damage":2.0,"enemies":"Nemesis","floor":47.0,"turns":3.0},{"damage":14,"enemies":"Time Eater","floor":50,"turns":7}],"seed_played":"-6560819579843557963","potions_obtained":[{"floor":1.0,"key":"FearPotion"},{"floor":3.0,"key":"LiquidBronze"},{"floor":8.0,"key":"Explosive Potion"},{"floor":10.0,"key":"Weak Potion"},{"floor":18.0,"key":"Strength Potion"},{"floor":31.0,"key":"Strength Potion"},{"floor":33.0,"key":"Regen Potion"},{"floor":35.0,"key":"SteroidPotion"},{"floor":38.0,"key":"FairyPotion"},{"floor":38.0,"key":"Strength Potion"},{"floor":45.0,"key":"SpeedPotion"}],"is_trial":false,"path_per_floor":["M","M","M","?","$","R","E","M","T","E","?","M","R","M","R","B",null,"M","M","?","$","T","E","R","E","T","R","E","T","M","M","R","B",null,"M","?","T","?","M","R","E","?","T","$","M","T","E","$","R","B"],"character_chosen":"DEFECT","items_purchased":["Defragment","Molten Egg 2","Chemical X","Pear"],"campfire_rested":5,"item_purchase_floors":[5,21,44,44],"current_hp_per_floor":[57,57,56,71,71,71,38,36,36,25,25,17,17,1,37,2,54,37,19,19,19,19,18,54,31,31,67,29,29,29,21,57,12,56,41,17,17,17,17,53,10,10,10,20,3,3,1,1,1,0],"gold":68,"neow_bonus":"RANDOM_COMMON_RELIC","is_prod":false,"is_daily":false,"chose_seed":false,"campfire_upgraded":2,"win_rate":0,"timestamp":1556882446,"path_taken":["M","M","M","?","$","R","E","M","T","E","?","M","R","?","R","BOSS","M","M","?","?","?","E","R","E","T","R","E","?","M","?","R","BOSS","M","?","?","?","?","R","E","?","T","$","M","?","E","$","R","BOSS"],"build_version":"2019-01-23","purchased_purges":0,"victory":false,"max_hp_per_floor":[71,71,71,71,71,71,71,71,71,71,71,71,71,71,71,71,71,71,71,71,71,71,71,71,71,71,71,71,71,71,71,71,71,71,71,71,71,71,71,71,71,71,71,81,81,81,81,81,81,81],"card_choices":[{"not_picked":["Hello World","Storm"],"picked":"Ball Lightning","floor":1.0},{"not_picked":["White Noise","Redo"],"picked":"Auto Shields","floor":2.0},{"not_picked":["Beam Cell","Force Field"],"picked":"Conserve Battery","floor":3.0},{"not_picked":["Redo","Sweeping Beam"],"picked":"Tempest","floor":7.0},{"not_picked":["Consume+1","Leap+1"],"picked":"BootSequence+1","floor":8.0},{"not_picked":["Stack+1","Auto Shields+1"],"picked":"Coolheaded+1","floor":10.0},{"not_picked":["Sunder","Reprogram+1"],"picked":"Steam+1","floor":12.0},{"not_picked":["BootSequence+1","Sweeping Beam"],"picked":"Recycle+1","floor":14.0},{"not_picked":["Core Surge","All For One"],"picked":"Echo Form","floor":16.0},{"not_picked":["BootSequence+1","Capacitor"],"picked":"Double Energy+1","floor":18.0},{"not_picked":["Scrape","Sweeping Beam","Steam+1"],"picked":"SKIP","floor":19.0},{"not_picked":["Hologram+1","Self Repair+1"],"picked":"Sweeping Beam+1","floor":23.0},{"not_picked":["Genetic Algorithm+1","Turbo+1"],"picked":"Sunder+1","floor":25.0},{"not_picked":["Rebound+1","White Noise+1"],"picked":"Coolheaded+1","floor":28.0},{"not_picked":["Static Discharge","Gash+1","Beam Cell+1"],"picked":"SKIP","floor":30.0},{"not_picked":["Streamline+1","Storm","Gash+1"],"picked":"SKIP","floor":31.0},{"not_picked":["Buffer","Hyperbeam+1"],"picked":"Rainbow+1","floor":33.0},{"not_picked":["Beam Cell+1"],"picked":"SKIP","floor":35.0},{"not_picked":["Streamline+1"],"picked":"SKIP","floor":39.0},{"not_picked":[],"picked":"Coolheaded+1","floor":41.0},{"not_picked":[],"picked":"Apotheosis+1","floor":42.0},{"not_picked":["Auto Shields+1"],"picked":"SKIP","floor":45.0},{"not_picked":["Auto Shields+1"],"picked":"SKIP","floor":47.0}],"player_experience":2284229,"relics_obtained":[{"floor":7.0,"key":"Toxic Egg 2"},{"floor":9.0,"key":"Kunai"},{"floor":10.0,"key":"Regal Pillow"},{"floor":22.0,"key":"Bottled Tornado"},{"floor":23.0,"key":"Happy Flower"},{"floor":25.0,"key":"Thread and Needle"},{"floor":26.0,"key":"Tiny Chest"},{"floor":28.0,"key":"Whetstone"},{"floor":29.0,"key":"MawBank"},{"floor":36.0,"key":"Dead Branch"},{"floor":37.0,"key":"Bottled Flame"},{"floor":41.0,"key":"Letter Opener"},{"floor":46.0,"key":"Shovel"},{"floor":47.0,"key":"Anchor"}],"event_choices":[{"damage_healed":17.0,"max_hp_gain":0.0,"max_hp_loss":0.0,"gold_gain":0.0,"event_name":"The Cleric","player_choice":"Healed","floor":4.0,"gold_loss":35.0,"damage_taken":0.0},{"damage_healed":0.0,"max_hp_gain":0.0,"max_hp_loss":0.0,"gold_gain":0.0,"event_name":"Match and Keep!","player_choice":"0 cards matched","floor":11.0,"gold_loss":0.0,"damage_taken":0.0,"cards_obtained":[]},{"damage_healed":0.0,"max_hp_gain":0.0,"max_hp_loss":0.0,"gold_gain":0.0,"cards_transformed":["Strike_B"],"event_name":"Transmorgrifier","player_choice":"Transformed","floor":20.0,"gold_loss":0.0,"damage_taken":0.0,"cards_obtained":["Tempest"]},{"damage_healed":0.0,"max_hp_gain":0.0,"max_hp_loss":0.0,"gold_gain":0.0,"event_name":"Mysterious Sphere","player_choice":"Fight","floor":36.0,"gold_loss":0.0,"damage_taken":0.0},{"damage_healed":0.0,"max_hp_gain":0.0,"max_hp_loss":0.0,"gold_gain":0.0,"event_name":"Lab","player_choice":"Got Potions","floor":38.0,"gold_loss":0.0,"damage_taken":0.0},{"damage_healed":0.0,"max_hp_gain":0.0,"max_hp_loss":0.0,"gold_gain":0.0,"event_name":"SensoryStone","player_choice":"Memory 1","floor":42.0,"gold_loss":0.0,"damage_taken":0.0}],"is_beta":false,"boss_relics":[{"not_picked":["Calling Bell","Eternal Feather"],"picked":"Nuclear Battery"},{"not_picked":["Astrolabe","Cursed Key"],"picked":"Busted Crown"}],"items_purged_floors":[],"is_endless":false,"potions_floor_spawned":[1,3,8,10,18,31,33,35,41,45],"killed_by":"Time Eater","ascension_level":20}