{"path_per_floor":["M","$","M","?","M","R","E","$","T","M","M","R","E","M","R","B",null,"M","?","?","?","M","E","R","M","T","$","M","R","?","M","R","B",null,"M","$","?","M","?","E","R","E","T","?","M","?","M","M","R"],"character_chosen":"IRONCLAD","items_purchased":["Reckless Charge","Headbutt","Meat on the Bone","Pen Nib"],"gold_per_floor":[112,19,31,31,45,45,74,74,121,136,153,153,183,201,201,303,303,320,320,245,245,262,294,294,304,385,49,69,69,69,89,89,184,184,202,55,55,73,73,104,104,133,133,133,149,149,161,179,179],"floor_reached":50,"campfire_rested":2,"playtime":1668,"current_hp_per_floor":[72,72,72,77,77,77,59,59,59,49,45,45,51,53,53,13,77,68,68,68,60,52,17,40,34,34,34,30,30,30,34,57,44,77,58,58,58,49,49,50,50,41,41,61,38,71,44,50,50],"items_purged":["Defend_R"],"gold":179,"score":557,"play_id":"a69d6637-bcb1-4cbb-9b73-ff83b1de2604","local_time":"20180312232235","is_prod":false,"is_daily":false,"is_ascension_mode":false,"campfire_upgraded":6,"timestamp":1520911355,"path_taken":["M","?","?","?","M","R","E","$","T","M","M","R","E","M","R","BOSS","M","?","?","?","M","E","R","M","T","?","?","R","?","M","R","BOSS","M","$","?","M","?","E","R","E","T","?","M","?","M","M","R","BOSS"],"build_version":"2018-03-09","purchased_purges":1,"victory":false,"master_deck":["Strike_R","Strike_R","Strike_R","Strike_R","Strike_R","Defend_R+1","Defend_R","Bash+1","Reckless Charge","Headbutt","Cleave+1","Thunderclap","Rampage+1","Inflame+1","Offering+1","Flex+1","Double Tap+1","Heavy Blade+1","Sword Boomerang+1","Feed","Disarm+1","Shrug It Off+1","Dropkick+1"],"max_hp_per_floor":[72,72,72,77,77,77,77,77,77,77,77,77,77,77,77,77,77,77,77,77,77,77,77,77,77,77,77,77,77,77,77,77,77,77,77,77,77,77,77,77,77,79,79,79,81,71,71,71,71],"relics":["Burning Blood","Ice Cream","Dodecahedron","Omamori","Self Forming Clay","Velvet Choker","Dream Catcher","Blue Candle","Meat on the Bone","Question Card","Pen Nib","War Paint","Singing Bowl","Dead Branch"],"card_choices":[{"not_picked":["Fire Breathing","Pommel Strike"],"picked":"Cleave"},{"not_picked":["Power Through","Rage"],"picked":"Thunderclap"},{"not_picked":["Wild Strike","Disarm"],"picked":"Rampage"},{"not_picked":["Entrench","Feel No Pain"],"picked":"Inflame"},{"not_picked":["Double Tap","Juggernaut"],"picked":"Offering"},{"not_picked":["Carnage","Feel No Pain"],"picked":"Flex"},{"not_picked":["Shockwave","Cleave"],"picked":"Double Tap"},{"not_picked":["Corruption","Anger"],"picked":"Heavy Blade"},{"not_picked":["Clothesline","Pommel Strike"],"picked":"Sword Boomerang"},{"not_picked":["Offering","Dark Embrace"],"picked":"Feed"},{"not_picked":["Flex","Barricade","Evolve"],"picked":"Disarm"},{"not_picked":["Clothesline","Flex","Sever Soul"],"picked":"Shrug It Off"},{"not_picked":["Wild Strike","Armaments","True Grit"],"picked":"Dropkick"}],"player_experience":486209,"potions_floor_usage":[11,13,16,22,25,25,31,33,40,42,42,47,48],"damage_taken":[{"damage":6,"enemies":"Cultist","floor":1,"turns":3},{"damage":6,"enemies":"Jaw Worm","floor":3,"turns":3},{"damage":2,"enemies":"2 Louse","floor":5,"turns":2},{"damage":24,"enemies":"3 Sentries","floor":7,"turns":4},{"damage":16,"enemies":"Large Slime","floor":10,"turns":4},{"damage":10,"enemies":"Exordium Thugs","floor":11,"turns":3},{"damage":0,"enemies":"Lagavulin","floor":13,"turns":4},{"damage":4,"enemies":"3 Louse","floor":14,"turns":3},{"damage":46,"enemies":"The Guardian","floor":16,"turns":6},{"damage":15,"enemies":"2 Thieves","floor":18,"turns":4},{"damage":14,"enemies":"Shell Parasite","floor":22,"turns":2},{"damage":41,"enemies":"Slavers","floor":23,"turns":4},{"damage":12,"enemies":"Snecko","floor":25,"turns":3},{"damage":22,"enemies":"Centurion and Healer","floor":28,"turns":3},{"damage":14,"enemies":"Chosen and Byrds","floor":31,"turns":5},{"damage":31,"enemies":"Champ","floor":33,"turns":6},{"damage":25,"enemies":"3 Shapes","floor":35,"turns":4},{"damage":27,"enemies":"3 Darklings","floor":38,"turns":3},{"damage":17,"enemies":"Giant Head","floor":40,"turns":5},{"damage":29,"enemies":"2 Orb Walkers","floor":42,"turns":3},{"damage":43,"enemies":"4 Shapes","floor":45,"turns":4},{"damage":45,"enemies":"Sphere and 2 Shapes","floor":47,"turns":4},{"damage":12,"enemies":"3 Darklings","floor":48,"turns":3},{"damage":50,"enemies":"Time Eater","floor":50,"turns":3}],"event_choices":[{"event_name":"Big Fish","player_choice":"Donut","floor":4,"damage_taken":0},{"event_name":"Vampires","player_choice":"Ignored","floor":19,"damage_taken":0},{"event_name":"Beggar","player_choice":"Gave Gold","floor":20,"damage_taken":0},{"event_name":"Knowing Skull","player_choice":"","floor":21,"damage_taken":0},{"event_name":"Forgotten Altar","player_choice":"Smashed Altar","floor":30,"damage_taken":0},{"event_name":"Mysterious Sphere","player_choice":"Ignore","floor":37,"damage_taken":0},{"event_name":"The Lab","player_choice":"Got Potions","floor":39,"damage_taken":0},{"event_name":"Winding Halls","player_choice":"Writhe","floor":44,"damage_taken":0},{"event_name":"The Moai Head","player_choice":"Heal","floor":46,"damage_taken":0}],"boss_relics":[{"not_picked":["Runic Pyramid","Black Blood"],"picked":"Velvet Choker"},{"not_picked":["Orrery","Tiny House"],"picked":"Question Card"}],"potions_floor_spawned":[10,11,13,14,16,18,23,25,38,40,42,47],"seed_played":"-4587297218145173781","killed_by":"Time Eater","ascension_level":0,"is_trial":false}