{"gold_per_floor":[116,126,51,126,144,144,144,144,167,167,167,217,230,271,271,271],"floor_reached":16,"playtime":283,"items_purged":["Strike_R"],"score":196,"play_id":"7797381f-a94f-4cf7-a0af-26c03a4531a3","local_time":"20190215202217","is_ascension_mode":true,"campfire_choices":[{"data":"Bash","floor":6,"key":"SMITH"},{"data":"Inflame","floor":8,"key":"SMITH"},{"data":"Armaments","floor":10,"key":"SMITH"},{"floor":15,"key":"REST"}],"neow_cost":"NONE","seed_source_timestamp":35410074806369,"circlet_count":0,"master_deck":["AscendersBane","Strike_R","Strike_R","Strike_R","Strike_R","Defend_R","Defend_R","Defend_R","Defend_R","Bash+1","Inflame+1","Battle Trance","Armaments+1","True Grit","Shrug It Off","Shrug It Off"],"relics":["Burning Blood","Ancient Tea Set","Golden Idol","Singing Bowl"],"potions_floor_usage":[14,16],"damage_taken":[{"damage":1,"enemies":"Cultist","floor":1,"turns":4},{"damage":5,"enemies":"Small Slimes","floor":2,"turns":3},{"damage":9,"enemies":"Jaw Worm","floor":5,"turns":3},{"damage":16,"enemies":"3 Louse","floor":13,"turns":5},{"damage":47,"enemies":"Gremlin Nob","floor":14,"turns":5},{"damage":39,"enemies":"Hexaghost","floor":16,"turns":9}],"seed_played":"-8411913093262082769","potions_obtained":[{"floor":1,"key":"SpeedPotion"},{"floor":2,"key":"Weak Potion"},{"floor":14,"key":"PowerPotion"}],"is_trial":false,"path_per_floor":["M","M","$","?","M","R","?","R","T","R","?","?","M","E","R","B"],"character_chosen":"IRONCLAD","items_purchased":[],"campfire_rested":1,"item_purchase_floors":[],"current_hp_per_floor":[73,74,74,63,60,60,65,65,65,65,65,65,55,14,35,0],"gold":271,"neow_bonus":"THREE_CARDS","is_prod":false,"is_daily":false,"chose_seed":false,"campfire_upgraded":3,"win_rate":0,"timestamp":1550287337,"path_taken":["M","?","$","?","M","R","?","R","T","R","?","?","M","E","R","BOSS"],"build_version":"2019-02-06","purchased_purges":1,"victory":false,"max_hp_per_floor":[75,75,75,75,75,75,80,80,80,80,72,72,72,72,72,72],"card_choices":[{"not_picked":["Thunderclap","Pummel"],"picked":"Inflame","floor":0},{"not_picked":["True Grit","Bloodletting"],"picked":"Battle Trance","floor":1},{"not_picked":["Pummel","Corruption"],"picked":"Armaments","floor":2},{"not_picked":["Twin Strike","Wild Strike"],"picked":"True Grit","floor":5},{"not_picked":["Cleave","Wild Strike"],"picked":"Shrug It Off","floor":13},{"not_picked":["Flex","Body Slam"],"picked":"Shrug It Off","floor":14}],"player_experience":1094853,"relics_obtained":[{"floor":9,"key":"Ancient Tea Set"},{"floor":14,"key":"Singing Bowl"}],"event_choices":[{"damage_healed":0,"gold_gain":75,"player_choice":"Gather Gold","damage_taken":11,"max_hp_gain":0,"max_hp_loss":0,"event_name":"World of Goop","floor":4,"gold_loss":0},{"damage_healed":0,"gold_gain":0,"player_choice":"Donut","damage_taken":0,"max_hp_gain":5,"max_hp_loss":0,"event_name":"Big Fish","floor":7,"gold_loss":0},{"damage_healed":0,"gold_gain":0,"player_choice":"Lose Max HP","damage_taken":0,"relics_obtained":["Golden Idol"],"max_hp_gain":0,"max_hp_loss":8,"event_name":"Golden Idol","floor":11,"gold_loss":0},{"damage_healed":0,"gold_gain":50,"player_choice":"Pray","damage_taken":0,"max_hp_gain":0,"max_hp_loss":0,"event_name":"Golden Shrine","floor":12,"gold_loss":0}],"is_beta":true,"boss_relics":[],"items_purged_floors":[3],"is_endless":false,"potions_floor_spawned":[1,2,14],"killed_by":"Hexaghost","ascension_level":20}