{"gold_per_floor":[119,39,50,125,163,218,254,254,304,334,369,369,413,413],"floor_reached":14,"playtime":528,"items_purged":[],"score":190,"play_id":"f997edf9-bf13-4b70-9a97-1bd8525c4172","local_time":"20190313124707","is_ascension_mode":true,"campfire_choices":[{"floor":12,"key":"REST"}],"neow_cost":"PERCENT_DAMAGE","seed_source_timestamp":5807584334094,"circlet_count":0,"master_deck":["AscendersBane","Strike_R","Strike_R","Strike_R+1","Strike_R","Strike_R+1","Defend_R","Defend_R","Defend_R","Defend_R","Bash","HandOfGreed","Impatience","Bloodletting","Fire Breathing","Ghostly Armor","Anger","Hemokinesis"],"relics":["Burning Blood","Singing Bowl","Golden Idol","Lantern","Whetstone"],"potions_floor_usage":[6,6,13,13],"damage_taken":[{"damage":1,"enemies":"Cultist","floor":1,"turns":3},{"damage":9,"enemies":"Jaw Worm","floor":3,"turns":3},{"damage":10,"enemies":"2 Louse","floor":5,"turns":3},{"damage":28,"enemies":"3 Sentries","floor":6,"turns":7},{"damage":11,"enemies":"Blue Slaver","floor":7,"turns":4},{"damage":11,"enemies":"Gremlin Nob","floor":11,"turns":3},{"damage":15,"enemies":"Exordium Wildlife","floor":13,"turns":5},{"damage":23,"enemies":"Lagavulin","floor":14,"turns":3}],"seed_played":"8518224558231860443","potions_obtained":[{"floor":3,"key":"SkillPotion"},{"floor":5,"key":"Strength Potion"},{"floor":6,"key":"GamblersBrew"},{"floor":11,"key":"SkillPotion"}],"is_trial":false,"path_per_floor":["M","$","M","?","M","E","M","?","T","?","E","R","M","E"],"character_chosen":"IRONCLAD","items_purchased":["Fire Breathing"],"campfire_rested":1,"item_purchase_floors":[2],"current_hp_per_floor":[55,55,52,41,37,15,12,12,12,12,9,30,23,0],"gold":413,"neow_bonus":"RANDOM_COLORLESS_2","is_prod":false,"is_daily":false,"chose_seed":false,"campfire_upgraded":0,"win_rate":0,"timestamp":1552495627,"path_taken":["M","$","?","?","M","E","M","?","T","?","E","R","M","E"],"build_version":"2019-01-23","purchased_purges":0,"victory":false,"max_hp_per_floor":[75,75,75,75,75,75,77,70,70,70,72,72,74,74],"card_choices":[{"not_picked":["Dropkick","Havoc"],"picked":"Bloodletting","floor":1},{"not_picked":["Dropkick","Pummel"],"picked":"Ghostly Armor","floor":3},{"not_picked":["Twin Strike","Evolve"],"picked":"Anger","floor":5},{"not_picked":["Inflame","Flex"],"picked":"Hemokinesis","floor":6},{"not_picked":["Intimidate","Sentinel","Second Wind"],"picked":"Singing Bowl","floor":7},{"not_picked":["Ghostly Armor","Bloodletting","Flame Barrier"],"picked":"Singing Bowl","floor":11},{"not_picked":["Warcry","Sword Boomerang","Perfected Strike"],"picked":"Singing Bowl","floor":13}],"player_experience":1078090,"relics_obtained":[{"floor":6,"key":"Singing Bowl"},{"floor":9,"key":"Lantern"},{"floor":11,"key":"Whetstone"}],"event_choices":[{"damage_healed":0,"gold_gain":75,"player_choice":"Gather Gold","damage_taken":11,"max_hp_gain":0,"max_hp_loss":0,"event_name":"World of Goop","floor":4,"gold_loss":0},{"damage_healed":0,"gold_gain":0,"player_choice":"Lose Max HP","damage_taken":0,"relics_obtained":["Golden Idol"],"max_hp_gain":0,"max_hp_loss":7,"event_name":"Golden Idol","floor":8,"gold_loss":0},{"damage_healed":0,"gold_gain":30,"player_choice":"Searched \u00271\u0027 times","damage_taken":0,"max_hp_gain":0,"max_hp_loss":0,"event_name":"Dead Adventurer","floor":10,"gold_loss":0}],"is_beta":false,"boss_relics":[],"items_purged_floors":[],"is_endless":false,"potions_floor_spawned":[3,5,6,11],"killed_by":"Lagavulin","ascension_level":18}