{"path_per_floor":["M","M","?","M","$","?","R","?","T","M","M","?","M","$","R","B",null,"M","$","T","?","M","R","M","R","T","$","M","R","?","M","R"],"character_chosen":"IRONCLAD","items_purchased":["Explosive Potion","Clash"],"gold_per_floor":[119,136,136,149,22,22,22,22,22,32,49,49,65,41,41,138,138,153,53,53,53,70,70,80,80,104,104,118,118,118,129,129,129],"floor_reached":33,"campfire_rested":1,"playtime":671,"current_hp_per_floor":[45,45,27,29,29,22,46,30,37,45,40,40,38,38,38,18,87,86,86,86,86,93,93,65,65,65,65,44,44,44,52,52,0],"items_purged":["Defend_R","Strike_R"],"gold":129,"score":262,"play_id":"ae155899-f3af-441d-b611-5cecb9cf4686","local_time":"20180408014306","is_prod":false,"is_daily":false,"is_ascension_mode":false,"campfire_upgraded":5,"timestamp":1523166186,"path_taken":["M","M","?","?","?","?","R","?","T","M","?","?","M","$","R","BOSS","M","$","?","?","?","R","M","R","T","?","M","R","?","M","R","BOSS"],"build_version":"2018-04-05v2","purchased_purges":2,"victory":false,"master_deck":["Strike_R","Strike_R+1","Strike_R+1","Bash+1","Pummel+1","Thunderclap","Flex+1","Battle Trance","Heavy Blade+1","Clash","Feed","Flex+1","Clash","Rampage+1","Heavy Blade+1"],"max_hp_per_floor":[80,80,80,80,80,80,80,80,87,87,87,87,87,87,87,87,87,90,90,90,90,93,93,93,93,93,93,96,96,96,96,96,96],"relics":["Burning Blood","Blood Vial","Strawberry","Sozu","Bird Faced Urn","Vajra"],"card_choices":[{"not_picked":["Searing Blow","Havoc"],"picked":"Pummel","floor":1},{"not_picked":["Pummel","Juggernaut"],"picked":"Thunderclap","floor":4},{"not_picked":["Battle Trance","Cleave"],"picked":"Flex","floor":10},{"not_picked":["Wild Strike","Headbutt"],"picked":"Battle Trance","floor":11},{"not_picked":["Battle Trance","Havoc"],"picked":"Heavy Blade","floor":13},{"not_picked":["Dark Embrace","Berserk"],"picked":"Feed","floor":16},{"not_picked":["Cleave","Seeing Red"],"picked":"Flex","floor":18},{"not_picked":["Searing Blow","Anger"],"picked":"Clash","floor":22},{"not_picked":["Clothesline","Twin Strike"],"picked":"Rampage","floor":24},{"not_picked":["Ghostly Armor","Wild Strike"],"picked":"Heavy Blade","floor":31}],"player_experience":746237,"potions_floor_usage":[10,11,16,16],"damage_taken":[{"damage":1,"enemies":"Cultist","floor":1,"turns":3},{"damage":6,"enemies":"Jaw Worm","floor":2,"turns":3},{"damage":6,"enemies":"2 Louse","floor":4,"turns":2},{"damage":0,"enemies":"Gremlin Gang","floor":10,"turns":2},{"damage":13,"enemies":"Red Slaver","floor":11,"turns":2},{"damage":10,"enemies":"Looter","floor":13,"turns":2},{"damage":40,"enemies":"Hexaghost","floor":16,"turns":5},{"damage":10,"enemies":"2 Thieves","floor":18,"turns":2},{"damage":0,"enemies":"Spheric Guardian","floor":22,"turns":2},{"damage":34,"enemies":"Slaver and Parasite","floor":24,"turns":3},{"damage":32,"enemies":"Centurion and Healer","floor":28,"turns":3},{"damage":0,"enemies":"Snecko","floor":31,"turns":2},{"damage":56,"enemies":"Automaton","floor":33,"turns":4}],"event_choices":[{"event_name":"Scrap Ooze","player_choice":"success","floor":3,"damage_taken":18},{"event_name":"Golden Wing","player_choice":"Card Removal","floor":6,"damage_taken":0},{"event_name":"Shining Light","player_choice":"Entered Light","floor":8,"damage_taken":0},{"event_name":"Purifier","player_choice":"One Purge","floor":12,"damage_taken":0},{"event_name":"Addict","player_choice":"Ignored","floor":21,"damage_taken":0},{"event_name":"Upgrade Shrine","player_choice":"Upgraded","floor":30,"damage_taken":0}],"boss_relics":[{"not_picked":["Calling Bell","Runic Cube"],"picked":"Sozu"}],"potions_floor_spawned":[1,10,11,22,28],"seed_played":"-199208810705445602","killed_by":"Automaton","ascension_level":0,"is_trial":false}