{"gold_per_floor":[109,34,44,44,64,64,89,89,89,99,128,128,147,147,147,147],"floor_reached":16,"playtime":609,"items_purged":[],"score":220,"play_id":"c7382aa5-b6b4-42da-9ea4-2654c74b7c25","local_time":"20190223164813","is_ascension_mode":true,"campfire_choices":[{"data":"Neutralize","floor":6,"key":"SMITH"},{"floor":8,"key":"REST"},{"floor":12,"key":"REST"},{"data":"Footwork","floor":15,"key":"SMITH"}],"neow_cost":"NONE","seed_source_timestamp":459224861338675,"circlet_count":0,"master_deck":["AscendersBane","Defend_G","Defend_G","Defend_G","Defend_G","Defend_G","Strike_G","Strike_G","Strike_G","Survivor","Neutralize+1","Slice","Flying Knee","Poisoned Stab","Leg Sweep","Footwork+1","Backflip","Skewer"],"relics":["Ring of the Snake","Oddly Smooth Stone","Sundial","Smiling Mask","Strawberry","Letter Opener"],"potions_floor_usage":[13,16],"damage_taken":[{"damage":0,"enemies":"Jaw Worm","floor":1,"turns":6},{"damage":0,"enemies":"2 Louse","floor":3,"turns":5},{"damage":0,"enemies":"Small Slimes","floor":5,"turns":4},{"damage":44,"enemies":"Gremlin Nob","floor":7,"turns":6},{"damage":2,"enemies":"Exordium Wildlife","floor":10,"turns":7},{"damage":17,"enemies":"3 Sentries","floor":11,"turns":18},{"damage":0,"enemies":"Looter","floor":13,"turns":5},{"damage":36,"enemies":"Slime Boss","floor":16,"turns":9}],"seed_played":"8891004021450269073","potions_obtained":[{"floor":7,"key":"Block Potion"},{"floor":11,"key":"Poison Potion"}],"is_trial":false,"path_per_floor":["M","?","M","?","M","R","E","R","T","M","E","R","M","T","R","B"],"character_chosen":"THE_SILENT","items_purchased":[],"campfire_rested":2,"item_purchase_floors":[],"current_hp_per_floor":[59,59,59,52,52,52,8,27,27,25,15,36,36,36,36,0],"gold":147,"neow_bonus":"RANDOM_COMMON_RELIC","is_prod":false,"is_daily":false,"chose_seed":false,"campfire_upgraded":2,"win_rate":0,"timestamp":1550965693,"path_taken":["M","?","M","?","M","R","E","R","T","M","E","R","M","?","R","BOSS"],"build_version":"2019-02-06","purchased_purges":0,"victory":false,"max_hp_per_floor":[66,66,66,66,66,66,66,66,66,66,73,73,73,73,73,73],"card_choices":[{"not_picked":["Underhanded Strike","Reflex"],"picked":"Slice","floor":1},{"not_picked":["Deadly Poison","Acrobatics"],"picked":"Flying Knee","floor":3},{"not_picked":["Leg Sweep","Sucker Punch"],"picked":"Poisoned Stab","floor":5},{"not_picked":["Slice","Deflect"],"picked":"Leg Sweep","floor":7},{"not_picked":["Quick Slash","Deadly Poison"],"picked":"Footwork","floor":10},{"not_picked":["PiercingWail","Catalyst"],"picked":"Backflip","floor":11},{"not_picked":["Tactician","Calculated Gamble"],"picked":"Skewer","floor":13}],"player_experience":1126594,"relics_obtained":[{"floor":7,"key":"Sundial"},{"floor":9,"key":"Smiling Mask"},{"floor":11,"key":"Strawberry"},{"floor":14,"key":"Letter Opener"}],"event_choices":[{"cards_removed":["Strike_G"],"damage_healed":0,"gold_gain":0,"player_choice":"Card Removal","damage_taken":0,"max_hp_gain":0,"max_hp_loss":0,"event_name":"The Cleric","floor":2,"gold_loss":75},{"cards_removed":["Strike_G"],"damage_healed":0,"gold_gain":0,"player_choice":"Card Removal","damage_taken":7,"max_hp_gain":0,"max_hp_loss":0,"event_name":"Golden Wing","floor":4,"gold_loss":0}],"is_beta":true,"boss_relics":[],"items_purged_floors":[],"is_endless":false,"potions_floor_spawned":[7,11],"killed_by":"Slime Boss","ascension_level":20}