{"gold_per_floor":[114,114,114,39,56,56,91,66,89,102,113,74,74,89,89,89],"floor_reached":16,"playtime":311,"items_purged":["Strike_R"],"score":250,"play_id":"4e636c75-0a0c-495d-a539-7d96ffefe109","local_time":"20190506123214","is_ascension_mode":true,"campfire_choices":[{"data":"Bash","floor":6,"key":"SMITH"},{"data":"Havoc","floor":15,"key":"SMITH"}],"neow_cost":"NONE","seed_source_timestamp":448246520582000,"circlet_count":0,"master_deck":["AscendersBane","Strike_R","Strike_R","Strike_R","Strike_R","Defend_R","Defend_R","Defend_R","Defend_R","Bash+1","Spot Weakness","Anger","Uppercut","Havoc+1","Shockwave","Corruption","Impervious"],"relics":["Burning Blood","NeowsBlessing","Mercury Hourglass","Singing Bowl","Orichalcum","Golden Idol"],"potions_floor_usage":[16,16],"damage_taken":[{"damage":0,"enemies":"Small Slimes","floor":1,"turns":1},{"damage":0,"enemies":"Jaw Worm","floor":5,"turns":1},{"damage":0,"enemies":"3 Sentries","floor":7,"turns":1},{"damage":1,"enemies":"2 Louse","floor":10,"turns":2},{"damage":15,"enemies":"Large Slime","floor":11,"turns":4},{"damage":4,"enemies":"Gremlin Gang","floor":14,"turns":4},{"damage":53,"enemies":"Slime Boss","floor":16,"turns":11}],"seed_played":"-8533115245248099122","potions_obtained":[{"floor":5,"key":"Block Potion"},{"floor":7,"key":"FearPotion"}],"is_trial":false,"path_per_floor":["M","?","?","$","M","R","E","$","T","M","M","$","?","M","R","B"],"character_chosen":"IRONCLAD","items_purchased":["Havoc","Corruption"],"campfire_rested":0,"item_purchase_floors":[8,12],"current_hp_per_floor":[74,63,68,68,74,74,80,80,80,80,73,73,45,47,47,0],"gold":89,"neow_bonus":"THREE_ENEMY_KILL","is_prod":false,"is_daily":false,"chose_seed":false,"campfire_upgraded":2,"win_rate":0,"timestamp":1557171134,"path_taken":["M","?","?","$","M","R","E","$","T","M","M","$","?","M","R","BOSS"],"build_version":"2019-04-23","purchased_purges":1,"victory":false,"max_hp_per_floor":[75,75,80,80,80,80,80,80,80,80,82,82,82,82,82,82],"card_choices":[{"not_picked":["Perfected Strike","Sword Boomerang"],"picked":"Spot Weakness","floor":1},{"not_picked":["Headbutt","Heavy Blade"],"picked":"Anger","floor":5},{"not_picked":["Spot Weakness","Barricade"],"picked":"Uppercut","floor":7},{"not_picked":["True Grit","Dropkick"],"picked":"Shockwave","floor":10},{"not_picked":["Infernal Blade","Body Slam","Cleave"],"picked":"Singing Bowl","floor":11},{"not_picked":["Clash","Anger"],"picked":"Impervious","floor":14}],"player_experience":1225899,"relics_obtained":[{"floor":7,"key":"Singing Bowl"},{"floor":9,"key":"Orichalcum"}],"event_choices":[{"damage_healed":0,"gold_gain":0,"player_choice":"Success","damage_taken":11,"relics_obtained":["Mercury Hourglass"],"max_hp_gain":0,"max_hp_loss":0,"event_name":"Scrap Ooze","floor":2,"gold_loss":0},{"damage_healed":0,"gold_gain":0,"player_choice":"Donut","damage_taken":0,"max_hp_gain":5,"max_hp_loss":0,"event_name":"Big Fish","floor":3,"gold_loss":0},{"damage_healed":0,"gold_gain":0,"player_choice":"Take Damage","damage_taken":28,"relics_obtained":["Golden Idol"],"max_hp_gain":0,"max_hp_loss":0,"event_name":"Golden Idol","floor":13,"gold_loss":0}],"is_beta":true,"boss_relics":[],"items_purged_floors":[4],"is_endless":false,"potions_floor_spawned":[5,7],"killed_by":"Slime Boss","ascension_level":20}