{"gold_per_floor":[14,32,50,325,344,344,294,294,294,324,294],"floor_reached":11,"playtime":279,"items_purged":[],"score":99,"play_id":"6edd53ec-5eb8-4c8f-88f3-461a36c1745f","local_time":"20190313141039","is_ascension_mode":true,"campfire_choices":[{"data":"Zap","floor":6,"key":"SMITH"}],"neow_cost":"NO_GOLD","seed_source_timestamp":11068311119220,"circlet_count":0,"master_deck":["Strike_B","Strike_B","Defend_B","Defend_B","Defend_B","Defend_B","Zap+1","Dualcast","Rebound","Gash","Doom and Gloom","Machine Learning"],"relics":["Cracked Core","Cables","Singing Bowl","Mango"],"potions_floor_usage":[5,11],"damage_taken":[{"damage":3,"enemies":"Small Slimes","floor":1,"turns":3},{"damage":0,"enemies":"Cultist","floor":2,"turns":2},{"damage":16,"enemies":"2 Louse","floor":3,"turns":2},{"damage":10,"enemies":"Exordium Wildlife","floor":5,"turns":2},{"damage":22,"enemies":"Gremlin Nob","floor":10,"turns":4},{"damage":32,"enemies":"Exordium Thugs","floor":11,"turns":2}],"seed_played":"6094466617308052787","potions_obtained":[{"floor":3,"key":"FearPotion"},{"floor":10,"key":"FocusPotion"}],"is_trial":false,"path_per_floor":["M","M","M","?","M","R","?","?","T","E","M"],"character_chosen":"DEFECT","items_purchased":[],"campfire_rested":0,"item_purchase_floors":[],"current_hp_per_floor":[65,65,49,49,39,39,39,36,36,28,0],"gold":294,"neow_bonus":"REMOVE_TWO","is_prod":false,"is_daily":false,"chose_seed":false,"campfire_upgraded":1,"win_rate":0,"timestamp":1552500639,"path_taken":["M","M","M","?","?","R","?","?","T","E","M"],"build_version":"2019-01-23","purchased_purges":0,"victory":false,"max_hp_per_floor":[75,75,75,75,75,75,75,75,75,89,89],"card_choices":[{"not_picked":["Recycle","Beam Cell"],"picked":"Rebound","floor":1},{"not_picked":["Beam Cell","Steam"],"picked":"Gash","floor":2},{"not_picked":["Barrage","Redo"],"picked":"Doom and Gloom","floor":3},{"not_picked":["Recycle","Compile Driver","Ball Lightning"],"picked":"SKIP","floor":5},{"not_picked":["Turbo","Sweeping Beam"],"picked":"Machine Learning","floor":10}],"player_experience":1082288,"relics_obtained":[{"floor":9,"key":"Singing Bowl"},{"floor":10,"key":"Mango"}],"event_choices":[{"damage_healed":0,"gold_gain":275,"player_choice":"Desecrate","damage_taken":0,"max_hp_gain":0,"max_hp_loss":0,"event_name":"Golden Shrine","floor":4,"gold_loss":0,"cards_obtained":["Regret"]},{"cards_removed":["Regret"],"damage_healed":0,"gold_gain":0,"player_choice":"Card Removal","damage_taken":0,"max_hp_gain":0,"max_hp_loss":0,"event_name":"The Cleric","floor":7,"gold_loss":50},{"damage_healed":0,"gold_gain":0,"player_choice":"Success","damage_taken":3,"relics_obtained":["Cables"],"max_hp_gain":0,"max_hp_loss":0,"event_name":"Scrap Ooze","floor":8,"gold_loss":0}],"is_beta":false,"boss_relics":[],"items_purged_floors":[],"is_endless":false,"potions_floor_spawned":[3,10],"killed_by":"Exordium Thugs","ascension_level":7}