{"gold_per_floor":[110,129,139,104,117,117,151,151,151,151,151,169,196,210,210,287,287,301,53,53,69,69,69,103,122,149,149,249,249,249,284,284,284],"floor_reached":33,"playtime":2003,"items_purged":[],"score":636,"play_id":"619c9cc9-9b75-4f02-8e61-07201e3fa9f4","local_time":"20190506084822","is_ascension_mode":true,"campfire_choices":[{"data":"Neutralize","floor":6.0,"key":"SMITH"},{"data":"A Thousand Cuts","floor":8.0,"key":"SMITH"},{"data":"Quick Slash","floor":10.0,"key":"SMITH"},{"floor":15.0,"key":"REST"},{"data":"A Thousand Cuts","floor":23.0,"key":"SMITH"},{"data":"Well Laid Plans","floor":27.0,"key":"SMITH"},{"data":"Leg Sweep","floor":30.0,"key":"SMITH"},{"floor":32,"key":"DIG"}],"neow_cost":"PERCENT_DAMAGE","seed_source_timestamp":1175085645261991,"circlet_count":0,"master_deck":["AscendersBane","Defend_G","Defend_G","Defend_G","Defend_G","Defend_G","Strike_G","Strike_G","Strike_G","Strike_G","Survivor","Neutralize+1","Quick Slash+1","Dodge and Roll","Endless Agony","Leg Sweep+1","A Thousand Cuts+1","Deflect","A Thousand Cuts+1","Well Laid Plans+1"],"special_seed":0,"relics":["Ring of the Snake","Thread and Needle","Letter Opener","Mummified Hand","Blue Candle","Busted Crown","Omamori","Calipers","PreservedInsect","Shovel","Bottled Flame","Turnip","Oddly Smooth Stone"],"potions_floor_usage":[31],"damage_taken":[{"damage":0.0,"enemies":"Cultist","floor":1.0,"turns":4.0},{"damage":0.0,"enemies":"Jaw Worm","floor":2.0,"turns":5.0},{"damage":0.0,"enemies":"2 Louse","floor":3.0,"turns":3.0},{"damage":9.0,"enemies":"Large Slime","floor":5.0,"turns":8.0},{"damage":21.0,"enemies":"3 Sentries","floor":7.0,"turns":16.0},{"damage":0.0,"enemies":"Looter","floor":12.0,"turns":3.0},{"damage":27.0,"enemies":"Gremlin Nob","floor":13.0,"turns":6.0},{"damage":1.0,"enemies":"Blue Slaver","floor":14.0,"turns":3.0},{"damage":10.0,"enemies":"Slime Boss","floor":16.0,"turns":9.0},{"damage":0.0,"enemies":"Shell Parasite","floor":18.0,"turns":7.0},{"damage":0.0,"enemies":"3 Byrds","floor":21.0,"turns":4.0},{"damage":2.0,"enemies":"Gremlin Leader","floor":24.0,"turns":6.0},{"damage":12.0,"enemies":"Centurion and Healer","floor":25.0,"turns":8.0},{"damage":10.0,"enemies":"Colosseum Slavers","floor":28.0,"turns":4.0},{"damage":0.0,"enemies":"Colosseum Nobs","floor":28.0,"turns":3.0},{"damage":0,"enemies":"Slavers","floor":31,"turns":2},{"damage":54,"enemies":"Champ","floor":33,"turns":24}],"seed_played":"7753451459574188799","potions_obtained":[{"floor":2.0,"key":"SkillPotion"},{"floor":13.0,"key":"Explosive Potion"},{"floor":14.0,"key":"EssenceOfSteel"},{"floor":16.0,"key":"SteroidPotion"},{"floor":18.0,"key":"Weak Potion"},{"floor":28.0,"key":"Fire Potion"},{"floor":31,"key":"Weak Potion"}],"is_trial":false,"path_per_floor":["M","M","M","?","M","R","E","R","T","R","?","M","E","M","R","B",null,"M","$","?","M","?","R","E","M","T","R","?","?","R","E","R","B"],"character_chosen":"THE_SILENT","items_purchased":["Omamori","Well Laid Plans"],"campfire_rested":1,"item_purchase_floors":[19,19],"current_hp_per_floor":[44,44,44,60,51,51,30,30,30,30,30,30,3,2,21,11,52,52,52,52,52,52,52,50,38,38,38,28,41,41,41,41,0],"gold":284,"neow_bonus":"ONE_RARE_RELIC","is_prod":false,"is_daily":false,"chose_seed":false,"campfire_upgraded":6,"win_rate":0,"timestamp":1557146902,"path_taken":["M","M","?","?","M","R","E","R","T","R","?","?","E","M","R","BOSS","M","$","?","M","?","R","E","M","T","R","?","?","R","E","R","BOSS"],"build_version":"2019-01-23","purchased_purges":0,"victory":false,"max_hp_per_floor":[66,66,66,66,66,66,66,66,66,66,66,66,66,66,66,66,66,66,66,66,66,66,66,66,66,66,66,66,66,66,66,66,66],"card_choices":[{"not_picked":["Bane","Flying Knee"],"picked":"Quick Slash","floor":1.0},{"not_picked":["Sucker Punch","Outmaneuver"],"picked":"Dodge and Roll","floor":2.0},{"not_picked":["Prepared","Dodge and Roll"],"picked":"Endless Agony","floor":3.0},{"not_picked":["Burst","Blade Dance"],"picked":"Leg Sweep","floor":5.0},{"not_picked":["Prepared","Deflect"],"picked":"A Thousand Cuts","floor":7.0},{"not_picked":["Terror","Riddle With Holes"],"picked":"Deflect","floor":12.0},{"not_picked":["Outmaneuver","Quick Slash","Dodge and Roll"],"picked":"SKIP","floor":13.0},{"not_picked":["Backstab","Deflect","Heel Hook"],"picked":"SKIP","floor":14.0},{"not_picked":["Bullet Time","Unload"],"picked":"A Thousand Cuts","floor":16.0},{"not_picked":["Flechettes"],"picked":"SKIP","floor":18.0},{"not_picked":["Outmaneuver"],"picked":"SKIP","floor":21.0},{"not_picked":["Well Laid Plans"],"picked":"SKIP","floor":24.0},{"not_picked":["Concentrate"],"picked":"SKIP","floor":25.0},{"not_picked":["Eviscerate"],"picked":"SKIP","floor":31}],"player_experience":2391786,"relics_obtained":[{"floor":7.0,"key":"Letter Opener"},{"floor":9.0,"key":"Mummified Hand"},{"floor":13.0,"key":"Blue Candle"},{"floor":24.0,"key":"Calipers"},{"floor":26.0,"key":"PreservedInsect"},{"floor":28.0,"key":"Shovel"},{"floor":28.0,"key":"Bottled Flame"},{"floor":31,"key":"Turnip"},{"floor":32,"key":"Oddly Smooth Stone"}],"event_choices":[{"damage_healed":16.0,"max_hp_gain":0.0,"max_hp_loss":0.0,"gold_gain":0.0,"event_name":"The Cleric","player_choice":"Healed","floor":4.0,"gold_loss":35.0,"damage_taken":0.0},{"cards_removed":["Strike_G"],"damage_healed":0.0,"max_hp_gain":0.0,"max_hp_loss":0.0,"gold_gain":0.0,"event_name":"Purifier","player_choice":"Purged","floor":11.0,"gold_loss":0.0,"damage_taken":0.0},{"damage_healed":0.0,"max_hp_gain":0.0,"max_hp_loss":0.0,"gold_gain":0.0,"event_name":"Forgotten Altar","player_choice":"Smashed Altar","floor":20.0,"gold_loss":0.0,"damage_taken":0.0,"cards_obtained":["Decay"]},{"damage_healed":0.0,"max_hp_gain":0.0,"max_hp_loss":0.0,"gold_gain":0.0,"event_name":"Beggar","player_choice":"Ignored","floor":22.0,"gold_loss":0.0,"damage_taken":0.0},{"damage_healed":0.0,"max_hp_gain":0.0,"max_hp_loss":0.0,"gold_gain":0.0,"event_name":"Colosseum","player_choice":"Fight","floor":28.0,"gold_loss":0.0,"damage_taken":0.0},{"damage_healed":0.0,"max_hp_gain":0.0,"max_hp_loss":0.0,"gold_gain":0.0,"event_name":"Colosseum","player_choice":"Fought Nobs","floor":28.0,"gold_loss":0.0,"damage_taken":0.0},{"damage_healed":13.0,"max_hp_gain":0.0,"max_hp_loss":0.0,"gold_gain":0.0,"event_name":"The Library","player_choice":"Heal","floor":29.0,"gold_loss":0.0,"damage_taken":0.0}],"is_beta":false,"boss_relics":[{"not_picked":["Velvet Choker","Tiny House"],"picked":"Busted Crown"}],"items_purged_floors":[],"is_endless":false,"potions_floor_spawned":[2,13,14,16,18,25,28,31],"killed_by":"Champ","ascension_level":20}