{"gold_per_floor":[118,164,164,183,183,183,196,138,193,193,207,227,227,255,255,255],"floor_reached":16,"playtime":294,"items_purged":[],"score":195,"play_id":"cf33cd83-1b3e-4035-a50d-b3e91ce14788","local_time":"20181102111828","is_ascension_mode":true,"campfire_choices":[{"data":"Zap","floor":6,"key":"SMITH"},{"data":"Dualcast","floor":10,"key":"SMITH"},{"floor":15,"key":"REST"}],"neow_cost":"NONE","seed_source_timestamp":1076751229448623,"circlet_count":0,"master_deck":["AscendersBane","Strike_B+1","Strike_B","Defend_B","Defend_B+1","Defend_B","Defend_B","Zap+1","Dualcast+1","Ball Lightning","Leap","Cold Snap","Conserve Battery","Go for the Eyes","Stack","Ball Lightning","Cold Snap"],"relics":["Cracked Core","Potion Belt","Tiny Chest","Boot"],"potions_floor_usage":[14,14],"damage_taken":[{"damage":1,"enemies":"Cultist","floor":1,"turns":3},{"damage":0,"enemies":"Small Slimes","floor":4,"turns":3},{"damage":0,"enemies":"2 Louse","floor":7,"turns":2},{"damage":0,"enemies":"Large Slime","floor":11,"turns":5},{"damage":14,"enemies":"Exordium Wildlife","floor":12,"turns":4},{"damage":20,"enemies":"Gremlin Nob","floor":14,"turns":4},{"damage":25,"enemies":"The Guardian","floor":16,"turns":2}],"seed_played":"3386044309144809618","potions_obtained":[{"floor":7,"key":"GamblersBrew"},{"floor":12,"key":"Energy Potion"}],"is_trial":false,"path_per_floor":["M","T","?","M","?","R","M","$","T","R","M","M","?","E","R","B"],"character_chosen":"DEFECT","items_purchased":["Go for the Eyes"],"campfire_rested":1,"item_purchase_floors":[8],"current_hp_per_floor":[63,63,56,56,56,56,56,56,56,56,56,42,21,1,22,0],"gold":255,"neow_bonus":"THREE_CARDS","is_prod":false,"is_daily":false,"chose_seed":false,"campfire_upgraded":2,"win_rate":0,"timestamp":1541182708,"path_taken":["M","?","?","M","?","R","?","?","T","R","M","M","?","E","R","BOSS"],"build_version":"2018-11-01v2","purchased_purges":0,"victory":false,"max_hp_per_floor":[71,71,71,71,71,71,71,71,71,71,71,71,71,71,71,71],"card_choices":[{"not_picked":["Conserve Battery","Fusion"],"picked":"Ball Lightning","floor":0},{"not_picked":["Recycle","Rebound"],"picked":"Leap","floor":1},{"not_picked":["Self Repair","Redo"],"picked":"Cold Snap","floor":4},{"not_picked":["Undo","Aggregate"],"picked":"Conserve Battery","floor":7},{"not_picked":["Ball Lightning","Gash"],"picked":"Stack","floor":11},{"not_picked":["Turbo","Melter"],"picked":"Ball Lightning","floor":12},{"not_picked":["Rip and Tear","Darkness"],"picked":"Cold Snap","floor":14}],"player_experience":952848,"relics_obtained":[{"floor":2,"key":"Potion Belt"},{"floor":9,"key":"Tiny Chest"},{"floor":14,"key":"Boot"}],"event_choices":[{"cards_removed":["Strike_B"],"damage_healed":0,"gold_gain":0,"player_choice":"Card Removal","damage_taken":7,"max_hp_gain":0,"max_hp_loss":0,"event_name":"Golden Wing","floor":3,"gold_loss":0},{"cards_removed":["Strike_B"],"damage_healed":0,"gold_gain":0,"player_choice":"Purged","damage_taken":0,"max_hp_gain":0,"max_hp_loss":0,"event_name":"Purifier","floor":5,"gold_loss":0},{"damage_healed":0,"gold_gain":0,"player_choice":"Entered Light","damage_taken":21,"max_hp_gain":0,"max_hp_loss":0,"event_name":"Shining Light","floor":13,"gold_loss":0,"cards_upgraded":["Strike_B","Defend_B"]}],"is_beta":true,"boss_relics":[],"items_purged_floors":[],"is_endless":false,"potions_floor_spawned":[7,12],"killed_by":"The Guardian","ascension_level":19}