{"gold_per_floor":[109,109,127,137,137,137,162,162,236,8,26,26,26,37,37,114,114,124,140,140,159,179,179,206,206,274,274,287,304,314,239,239,317,317,334,334,353,58,73,73,92,92,92,92,109,126,141,151,151,151],"floor_reached":51,"playtime":2071,"items_purged":["Strike_B"],"score":1366,"play_id":"0acf27ad-61b9-4e46-8a35-a8a764fe19ff","local_time":"20181109151504","is_ascension_mode":true,"campfire_choices":[{"data":"Zap","floor":6.0,"key":"SMITH"},{"data":"Dualcast","floor":12.0,"key":"SMITH"},{"data":"Reinforced Body","floor":15.0,"key":"SMITH"},{"data":"Blizzard","floor":23.0,"key":"SMITH"},{"floor":25.0,"key":"REST"},{"data":"Defragment","floor":27.0,"key":"SMITH"},{"floor":32,"key":"REST"},{"data":"Apotheosis","floor":40,"key":"SMITH"},{"data":"Capacitor","floor":42,"key":"SMITH"},{"data":"Stack","floor":44,"key":"SMITH"},{"floor":49,"key":"REST"}],"neow_cost":"NONE","seed_source_timestamp":494590236782650,"circlet_count":0,"master_deck":["AscendersBane","Strike_B","Strike_B","Strike_B","Defend_B","Defend_B","Defend_B","Defend_B","Zap+1","Dualcast+1","Auto Shields","Ball Lightning","Glacier","Reinforced Body+1","Ball Lightning","Capacitor+1","Glacier","Reboot+1","Blizzard+1","Blizzard+1","Defragment+1","Stack+1","Cold Snap","Apotheosis+1"],"special_seed":0,"relics":["Cracked Core","NeowsBlessing","Gambling Chip","Pocketwatch","Mercury Hourglass","Oddly Smooth Stone","Busted Crown","Bird Faced Urn","Pear","Cursed Key"],"potions_floor_usage":[33,50,50],"damage_taken":[{"damage":0.0,"enemies":"Small Slimes","floor":1.0,"turns":1.0},{"damage":0.0,"enemies":"Cultist","floor":3.0,"turns":1.0},{"damage":0.0,"enemies":"Jaw Worm","floor":4.0,"turns":1.0},{"damage":17.0,"enemies":"Lagavulin","floor":7.0,"turns":9.0},{"damage":0.0,"enemies":"Blue Slaver","floor":11.0,"turns":2.0},{"damage":9.0,"enemies":"Exordium Thugs","floor":14.0,"turns":4.0},{"damage":25.0,"enemies":"Hexaghost","floor":16.0,"turns":11.0},{"damage":0.0,"enemies":"3 Byrds","floor":18.0,"turns":4.0},{"damage":0.0,"enemies":"Spheric Guardian","floor":19.0,"turns":4.0},{"damage":3.0,"enemies":"Shelled Parasite and Fungi","floor":21.0,"turns":6.0},{"damage":3.0,"enemies":"Centurion and Healer","floor":22.0,"turns":7.0},{"damage":35.0,"enemies":"Slavers","floor":24.0,"turns":7.0},{"damage":6.0,"enemies":"Snake Plant","floor":28.0,"turns":4.0},{"damage":0.0,"enemies":"Chosen and Byrds","floor":29.0,"turns":5.0},{"damage":9,"enemies":"Shelled Parasite and Fungi","floor":30,"turns":4},{"damage":0,"enemies":"Champ","floor":33,"turns":12},{"damage":1,"enemies":"3 Darklings","floor":35,"turns":5},{"damage":2,"enemies":"Orb Walker","floor":37,"turns":4},{"damage":2,"enemies":"Sphere and 2 Shapes","floor":39,"turns":6},{"damage":0,"enemies":"4 Shapes","floor":41,"turns":6},{"damage":24,"enemies":"3 Darklings","floor":45,"turns":5},{"damage":29,"enemies":"Writhing Mass","floor":46,"turns":9},{"damage":0,"enemies":"Sphere and 2 Shapes","floor":47,"turns":6},{"damage":41,"enemies":"Jaw Worm Horde","floor":48,"turns":6},{"damage":24,"enemies":"Awakened One","floor":50,"turns":18}],"seed_played":"-2007406290169603528","potions_obtained":[{"floor":4.0,"key":"EssenceOfSteel"},{"floor":7.0,"key":"Dexterity Potion"},{"floor":28.0,"key":"Weak Potion"},{"floor":29.0,"key":"FocusPotion"},{"floor":41,"key":"FocusPotion"}],"is_trial":false,"path_per_floor":["M","?","M","M","?","R","E","T","T","$","M","R","$","M","R","B",null,"M","M","?","M","M","R","E","R","T","R","M","M","M","$","R","B",null,"M","?","M","$","M","R","M","R","T","R","M","M","M","M","R","B",null],"character_chosen":"DEFECT","items_purchased":["Ball Lightning","Oddly Smooth Stone","FocusPotion","Apotheosis"],"campfire_rested":3,"item_purchase_floors":[10,10,38,38],"current_hp_per_floor":[64,71,71,71,76,76,59,59,59,59,59,59,59,50,50,25,63,63,63,63,60,57,57,22,44,54,54,52,56,51,51,76,80,85,86,86,86,86,86,86,86,86,86,86,62,37,41,4,29,9],"gold":151,"neow_bonus":"THREE_ENEMY_KILL","is_prod":false,"is_daily":false,"chose_seed":false,"campfire_upgraded":8,"win_rate":0,"timestamp":1541801704,"path_taken":["M","?","?","M","?","R","E","?","T","?","M","R","$","?","R","BOSS","M","M","?","M","?","R","E","R","T","R","M","M","M","$","R","BOSS","M","?","M","$","M","R","M","R","T","R","M","M","M","M","R","BOSS"],"build_version":"2018-11-08","purchased_purges":1,"victory":true,"max_hp_per_floor":[71,71,71,71,76,76,76,76,76,76,76,76,76,76,76,76,76,76,76,76,76,76,76,76,76,86,86,86,86,86,86,86,86,86,86,86,86,86,86,86,86,86,86,86,86,86,86,86,86,86],"card_choices":[{"not_picked":["Turbo","Barrage"],"picked":"Auto Shields","floor":1.0},{"not_picked":["Stack","Beam Cell"],"picked":"Ball Lightning","floor":3.0},{"not_picked":["Barrage","Melter"],"picked":"Glacier","floor":4.0},{"not_picked":["Coolheaded","Genetic Algorithm"],"picked":"Reinforced Body","floor":7.0},{"not_picked":["Hologram","Double Energy"],"picked":"Capacitor","floor":11.0},{"not_picked":["Hologram","Redo"],"picked":"Glacier","floor":14.0},{"not_picked":["Machine Learning","Meteor Strike"],"picked":"Reboot","floor":16.0},{"not_picked":[],"picked":"Blizzard+1","floor":18.0},{"not_picked":["Turbo+1"],"picked":"SKIP","floor":19.0},{"not_picked":[],"picked":"Blizzard","floor":21.0},{"not_picked":["Aggregate"],"picked":"SKIP","floor":22.0},{"not_picked":[],"picked":"Defragment","floor":24.0},{"not_picked":["Tempest"],"picked":"SKIP","floor":28.0},{"not_picked":["Tempest"],"picked":"SKIP","floor":28.0},{"not_picked":[],"picked":"Stack","floor":29.0},{"not_picked":[],"picked":"Cold Snap","floor":30},{"not_picked":[],"picked":"Core Surge","floor":33},{"not_picked":["Steam"],"picked":"SKIP","floor":35},{"not_picked":["Melter+1"],"picked":"SKIP","floor":37},{"not_picked":["Tempest"],"picked":"SKIP","floor":39},{"not_picked":["Consume"],"picked":"SKIP","floor":41},{"not_picked":["Barrage"],"picked":"SKIP","floor":45},{"not_picked":["Redo"],"picked":"SKIP","floor":46},{"not_picked":["Steam Power"],"picked":"SKIP","floor":47},{"not_picked":["Redo"],"picked":"SKIP","floor":48}],"player_experience":960877,"relics_obtained":[{"floor":7.0,"key":"Gambling Chip"},{"floor":8.0,"key":"Pocketwatch"},{"floor":9.0,"key":"Mercury Hourglass"},{"floor":24.0,"key":"Bird Faced Urn"},{"floor":26.0,"key":"Pear"}],"event_choices":[{"damage_healed":7.0,"max_hp_gain":0.0,"max_hp_loss":0.0,"gold_gain":0.0,"event_name":"Wheel of Change","player_choice":"Full Heal","floor":2.0,"gold_loss":0.0,"damage_taken":0.0},{"damage_healed":0.0,"max_hp_gain":5.0,"max_hp_loss":0.0,"gold_gain":0.0,"event_name":"Big Fish","player_choice":"Donut","floor":5.0,"gold_loss":0.0,"damage_taken":0.0},{"damage_healed":0.0,"max_hp_gain":0.0,"max_hp_loss":0.0,"gold_gain":0.0,"event_name":"Upgrade Shrine","player_choice":"Upgraded","floor":20.0,"gold_loss":0.0,"damage_taken":0.0,"cards_upgraded":["Reboot"]},{"cards_removed":["Core Surge"],"damage_healed":0,"gold_gain":0,"player_choice":"Removed Attack","damage_taken":0,"max_hp_gain":0,"max_hp_loss":0,"event_name":"Falling","floor":36,"gold_loss":0}],"is_beta":true,"boss_relics":[{"not_picked":["Calling Bell","Pandora\u0027s Box"],"picked":"Busted Crown"},{"not_picked":["Runic Pyramid","Philosopher\u0027s Stone"],"picked":"Cursed Key"}],"items_purged_floors":[31],"is_endless":false,"potions_floor_spawned":[4,7,14,16,19,22,28,29,39,41,45,47],"ascension_level":19}