{"gold_per_floor":[216,196,206,222,233,233,264,284,358,358,374,401,401,49,49,126,126,141,141,141,152,152,187,206,206,286,286,130,147,147,147,147,226,226,238,238,258,278,290,315,315,344,344,375,375,390,409,15,15,15,15,15,15,43,43],"floor_reached":56,"playtime":1679,"items_purged":["Strike_R"],"score":1992,"play_id":"63896cfa-10ec-4182-a47c-bf62f6dc1c63","local_time":"20190316232707","is_ascension_mode":true,"campfire_choices":[{"data":"Bash","floor":6.0,"key":"SMITH"},{"data":"Armaments","floor":10.0,"key":"SMITH"},{"data":"Whirlwind","floor":15.0,"key":"SMITH"},{"floor":25.0,"key":"REST"},{"data":"Battle Trance","floor":27.0,"key":"SMITH"},{"floor":32.0,"key":"REST"},{"floor":41.0,"key":"REST"},{"floor":45.0,"key":"REST"},{"floor":49.0,"key":"RECALL"},{"data":"Fiend Fire","floor":52.0,"key":"SMITH"}],"neow_cost":"NONE","seed_source_timestamp":302140880100405,"circlet_count":0,"master_deck":["AscendersBane","Strike_R","Strike_R","Strike_R","Strike_R","Defend_R","Defend_R","Defend_R","Defend_R","Bash+1","Twin Strike","Anger","Battle Trance+1","Spot Weakness","Armaments+1","Whirlwind+1","Inflame","Offering","Shrug It Off","Necronomicurse","Fiend Fire+1","Shrug It Off","Dark Shackles","Havoc+1","Impervious","Writhe","PanicButton+1","Shrug It Off+1"],"special_seed":0,"relics":["Burning Blood","Bronze Scales","Ornamental Fan","Calipers","Dead Branch","Black Star","Smiling Mask","Art of War","Bottled Flame","PreservedInsect","Necronomicon","Cursed Key","Magic Flower","Pen Nib","Paper Frog","Torii","Blue Candle","Toxic Egg 2","Pantograph","FossilizedHelix","Happy Flower"],"potions_floor_usage":[55],"damage_taken":[{"damage":13.0,"enemies":"Jaw Worm","floor":1.0,"turns":4.0},{"damage":6.0,"enemies":"Cultist","floor":3.0,"turns":4.0},{"damage":7.0,"enemies":"2 Louse","floor":4.0,"turns":3.0},{"damage":5.0,"enemies":"Gremlin Gang","floor":5.0,"turns":5.0},{"damage":25.0,"enemies":"Lagavulin","floor":7.0,"turns":6.0},{"damage":1.0,"enemies":"Exordium Wildlife","floor":8.0,"turns":4.0},{"damage":8.0,"enemies":"Blue Slaver","floor":11.0,"turns":3.0},{"damage":19.0,"enemies":"Gremlin Nob","floor":12.0,"turns":3.0},{"damage":26.0,"enemies":"Slime Boss","floor":16.0,"turns":6.0},{"damage":8.0,"enemies":"Chosen","floor":18.0,"turns":3.0},{"damage":18.0,"enemies":"Shell Parasite","floor":21.0,"turns":4.0},{"damage":7.0,"enemies":"Gremlin Leader","floor":23.0,"turns":5.0},{"damage":15.0,"enemies":"Shelled Parasite and Fungi","floor":24.0,"turns":4.0},{"damage":10.0,"enemies":"Centurion and Healer","floor":29.0,"turns":5.0},{"damage":30.0,"enemies":"Automaton","floor":33.0,"turns":4.0},{"damage":6.0,"enemies":"Orb Walker","floor":35.0,"turns":2.0},{"damage":12.0,"enemies":"3 Shapes","floor":37.0,"turns":2.0},{"damage":14.0,"enemies":"Sphere and 2 Shapes","floor":38.0,"turns":3.0},{"damage":28.0,"enemies":"Spire Growth","floor":39.0,"turns":4.0},{"damage":8.0,"enemies":"Giant Head","floor":40.0,"turns":5.0},{"damage":6.0,"enemies":"Reptomancer","floor":42.0,"turns":2.0},{"damage":36.0,"enemies":"Nemesis","floor":44.0,"turns":5.0},{"damage":0.0,"enemies":"4 Shapes","floor":46.0,"turns":1.0},{"damage":6.0,"enemies":"Transient","floor":47.0,"turns":5.0},{"damage":58.0,"enemies":"Awakened One","floor":50.0,"turns":10.0},{"damage":39.0,"enemies":"Shield and Spear","floor":54.0,"turns":3.0},{"damage":62,"enemies":"The Heart","floor":55,"turns":9}],"seed_played":"-1485956015972327255","potions_obtained":[{"floor":2.0,"key":"FairyPotion"},{"floor":5.0,"key":"SpeedPotion"},{"floor":7.0,"key":"Swift Potion"},{"floor":16.0,"key":"SteroidPotion"},{"floor":24.0,"key":"FearPotion"},{"floor":35.0,"key":"Fire Potion"},{"floor":38.0,"key":"Energy Potion"},{"floor":39.0,"key":"Strength Potion"},{"floor":46.0,"key":"SkillPotion"},{"floor":54.0,"key":"Block Potion"}],"is_trial":false,"path_per_floor":["M","?","M","M","M","R","E","M","T","R","M","E","?","$","R","B",null,"M","$","?","M","$","E","M","R","T","R","$","M","?","?","R","B",null,"M","?","M","M","M","E","R","E","T","E","R","M","M","$","R","B",null,"R","$","E","B",null],"character_chosen":"IRONCLAD","items_purchased":["Dead Branch","Fire Potion","PreservedInsect","PanicButton+1","Pantograph"],"campfire_rested":4,"item_purchase_floors":[14,14,28,48,48],"current_hp_per_floor":[61,61,61,60,61,61,42,47,47,47,45,32,32,32,32,12,59,57,57,57,45,45,44,35,57,57,57,57,53,53,32,54,30,64,64,59,53,45,23,21,43,46,46,19,41,50,53,53,53,26,63,63,63,33,18],"gold":43,"neow_bonus":"HUNDRED_GOLD","is_prod":false,"is_daily":false,"chose_seed":false,"campfire_upgraded":5,"win_rate":0,"timestamp":1552793227,"path_taken":["M","?","?","M","M","R","E","?","T","R","?","E","?","$","R","BOSS","M","$","?","?","$","E","M","R","T","R","$","M","?","?","R","BOSS","M","?","M","M","M","E","R","E","T","E","R","M","M","$","R","BOSS","R","$","E","BOSS"],"build_version":"2019-03-15","purchased_purges":1,"victory":true,"max_hp_per_floor":[75,75,75,75,75,75,75,75,75,75,75,75,75,75,75,75,75,75,75,75,75,75,75,75,75,75,75,75,75,75,75,75,75,75,75,75,75,75,75,75,75,75,75,75,75,75,75,75,75,75,75,75,75,75,75],"card_choices":[{"not_picked":["Sword Boomerang","Dual Wield"],"picked":"Twin Strike","floor":1.0},{"not_picked":["Perfected Strike","Body Slam"],"picked":"Anger","floor":3.0},{"not_picked":["Twin Strike","Uppercut"],"picked":"Battle Trance","floor":4.0},{"not_picked":["Twin Strike","Flex","Perfected Strike"],"picked":"SKIP","floor":5.0},{"not_picked":["Anger","Fire Breathing"],"picked":"Spot Weakness","floor":7.0},{"not_picked":["Dark Embrace","Headbutt"],"picked":"Armaments","floor":8.0},{"not_picked":["Perfected Strike","Clash"],"picked":"Whirlwind","floor":11.0},{"not_picked":["Combust","Spot Weakness"],"picked":"Inflame","floor":12.0},{"not_picked":["Feed","Dark Embrace"],"picked":"Offering","floor":16.0},{"not_picked":["Inflame","Iron Wave"],"picked":"Shrug It Off","floor":18.0},{"not_picked":["Flex","Power Through","Second Wind"],"picked":"SKIP","floor":21.0},{"not_picked":["Clash","Body Slam","Bludgeon"],"picked":"SKIP","floor":23.0},{"not_picked":["Carnage","Havoc","Clash"],"picked":"SKIP","floor":24.0},{"not_picked":["Sword Boomerang","Burning Pact","Body Slam+1"],"picked":"SKIP","floor":29.0},{"not_picked":["Immolate","Feed"],"picked":"Fiend Fire","floor":33.0},{"not_picked":["Pommel Strike","Body Slam"],"picked":"Shrug It Off","floor":35.0},{"not_picked":["Metamorphosis","HandOfGreed"],"picked":"Dark Shackles","floor":36.0},{"not_picked":["Perfected Strike","Body Slam","Shrug It Off"],"picked":"SKIP","floor":37.0},{"not_picked":["Warcry","Ghostly Armor","Burning Pact"],"picked":"SKIP","floor":38.0},{"not_picked":["Headbutt+1","Clothesline","Twin Strike"],"picked":"SKIP","floor":39.0},{"not_picked":["Sword Boomerang","Pommel Strike"],"picked":"Havoc+1","floor":40.0},{"not_picked":["Shrug It Off+1","Sword Boomerang"],"picked":"Impervious","floor":42.0},{"not_picked":["Heavy Blade+1","Seeing Red","Sword Boomerang"],"picked":"SKIP","floor":44.0},{"not_picked":["Metallicize","Dropkick","Clash"],"picked":"SKIP","floor":46.0},{"not_picked":["Evolve","Uppercut","Wild Strike"],"picked":"SKIP","floor":47.0},{"not_picked":["Pommel Strike","Inflame"],"picked":"Shrug It Off+1","floor":54.0}],"player_experience":2207237,"relics_obtained":[{"floor":7.0,"key":"Bronze Scales"},{"floor":9.0,"key":"Ornamental Fan"},{"floor":12.0,"key":"Calipers"},{"floor":23.0,"key":"Smiling Mask"},{"floor":23.0,"key":"Art of War"},{"floor":26.0,"key":"Bottled Flame"},{"floor":31.0,"key":"Necronomicon"},{"floor":40.0,"key":"Magic Flower"},{"floor":40.0,"key":"Pen Nib"},{"floor":42.0,"key":"Paper Frog"},{"floor":42.0,"key":"Torii"},{"floor":44.0,"key":"Blue Candle"},{"floor":44.0,"key":"Toxic Egg 2"},{"floor":54.0,"key":"FossilizedHelix"},{"floor":54.0,"key":"Happy Flower"}],"event_choices":[{"damage_healed":0.0,"max_hp_gain":0.0,"max_hp_loss":0.0,"gold_gain":0.0,"event_name":"The Woman in Blue","player_choice":"Bought 1 Potion","floor":2.0,"gold_loss":0.0,"damage_taken":0.0},{"damage_healed":0.0,"max_hp_gain":0.0,"max_hp_loss":0.0,"gold_gain":0.0,"event_name":"Liars Game","player_choice":"Ignored","floor":13.0,"gold_loss":0.0,"damage_taken":0.0},{"damage_healed":0.0,"max_hp_gain":0.0,"max_hp_loss":0.0,"gold_gain":0.0,"event_name":"FaceTrader","player_choice":"Leave","floor":20.0,"gold_loss":0.0,"damage_taken":0.0},{"damage_healed":0.0,"max_hp_gain":0.0,"max_hp_loss":0.0,"gold_gain":0.0,"event_name":"Ghosts","player_choice":"Ignored","floor":30.0,"gold_loss":0.0,"damage_taken":0.0},{"damage_healed":0.0,"max_hp_gain":0.0,"max_hp_loss":0.0,"gold_gain":0.0,"event_name":"Cursed Tome","player_choice":"Obtained Book","floor":31.0,"gold_loss":0.0,"damage_taken":21.0},{"damage_healed":0.0,"max_hp_gain":0.0,"max_hp_loss":0.0,"gold_gain":0.0,"event_name":"SensoryStone","player_choice":"Memory 2","floor":36.0,"gold_loss":0.0,"damage_taken":5.0}],"is_beta":true,"boss_relics":[{"not_picked":["Calling Bell","Philosopher\u0027s Stone"],"picked":"Black Star"},{"not_picked":["Runic Cube","Runic Dome"],"picked":"Cursed Key"}],"items_purged_floors":[48],"is_endless":false,"potions_floor_spawned":[5,7,8,16,18,24,35,38,39,46,54],"ascension_level":15}