{"gold_per_floor":[113,113,126,126,140,140,174,174,174,154,170,170,197,208,208,283,283,297,308,308,308,321,321,321],"floor_reached":24,"playtime":796,"items_purged":[],"score":361,"play_id":"df6abe85-3d25-493a-a901-9cb8113b8faf","local_time":"20180804223823","is_ascension_mode":true,"campfire_choices":[{"data":"Dualcast","floor":6.0,"key":"SMITH"},{"data":"Conserve Battery","floor":8.0,"key":"SMITH"},{"data":"Defend_B","floor":12.0,"key":"SMITH"},{"data":"Defend_B","floor":15.0,"key":"SMITH"},{"data":"Seek","floor":23,"key":"SMITH"}],"neow_cost":"NONE","seed_source_timestamp":221309888242884,"circlet_count":0,"master_deck":["Strike_B","Strike_B","Strike_B","Defend_B+1","Defend_B","Defend_B","Defend_B+1","Zap+1","Dualcast+1","AscendersBane","Conserve Battery+1","Cold Snap","Coolheaded","Ball Lightning","Seek+1","Redo+1","Conserve Battery","Hologram+1"],"special_seed":0,"relics":["Cracked Core","Thread and Needle","Girya","Unceasing Top","Nuclear Battery"],"potions_floor_usage":[],"damage_taken":[{"damage":4.0,"enemies":"Jaw Worm","floor":1.0,"turns":3.0},{"damage":1.0,"enemies":"2 Louse","floor":3.0,"turns":2.0},{"damage":0.0,"enemies":"Small Slimes","floor":5.0,"turns":3.0},{"damage":18.0,"enemies":"Lagavulin","floor":7.0,"turns":8.0},{"damage":0.0,"enemies":"Exordium Wildlife","floor":11.0,"turns":7.0},{"damage":3.0,"enemies":"3 Sentries","floor":13.0,"turns":8.0},{"damage":1.0,"enemies":"3 Louse","floor":14.0,"turns":2.0},{"damage":7.0,"enemies":"Slime Boss","floor":16.0,"turns":10.0},{"damage":0.0,"enemies":"Chosen","floor":18.0,"turns":5.0},{"damage":0,"enemies":"Shell Parasite","floor":19,"turns":5},{"damage":4,"enemies":"Cultist and Chosen","floor":22,"turns":7},{"damage":75,"enemies":"Gremlin Leader","floor":24,"turns":10}],"seed_played":"4143283299730026049","potions_obtained":[{"floor":7.0,"key":"FocusPotion"},{"floor":10.0,"key":"Energy Potion"},{"floor":13.0,"key":"Fruit Juice"}],"is_trial":false,"path_per_floor":["M","?","M","$","M","R","E","R","T","?","M","R","E","M","R","B",null,"M","M","?","?","M","R"],"character_chosen":"DEFECT","items_purchased":[],"campfire_rested":0,"item_purchase_floors":[],"current_hp_per_floor":[60,53,52,52,52,52,34,34,34,34,34,34,31,30,30,28,64,64,64,64,64,60,60,0],"gold":321,"neow_bonus":"UPGRADE_CARD","is_prod":false,"is_daily":false,"chose_seed":false,"campfire_upgraded":5,"win_rate":0,"timestamp":1533447503,"path_taken":["M","?","M","$","M","R","E","R","T","?","M","R","E","M","R","BOSS","M","M","?","?","M","R","E"],"build_version":"2018-08-01","purchased_purges":0,"victory":false,"max_hp_per_floor":[71,71,71,71,71,71,71,71,71,71,71,71,71,71,71,76,76,76,76,76,76,76,76,76],"card_choices":[{"not_picked":["Fusion","Leap"],"picked":"Conserve Battery","floor":1.0},{"not_picked":["Sweeping Beam","Turbo"],"picked":"Cold Snap","floor":3.0},{"not_picked":["Sweeping Beam","Lockon","Steam"],"picked":"SKIP","floor":5.0},{"not_picked":["Leap","Rainbow"],"picked":"Coolheaded","floor":7.0},{"not_picked":["Steam","Redo"],"picked":"Ball Lightning","floor":11.0},{"not_picked":["Lockon","Gash","Sweeping Beam"],"picked":"SKIP","floor":13.0},{"not_picked":["Turbo","Lockon","Streamline"],"picked":"SKIP","floor":14.0},{"not_picked":["Rainbow","Amplify"],"picked":"Seek","floor":16.0},{"not_picked":["Hologram","Recycle"],"picked":"Redo+1","floor":18.0},{"not_picked":["Self Repair","Lockon"],"picked":"Conserve Battery","floor":19},{"not_picked":["Turbo","Ball Lightning"],"picked":"Hologram+1","floor":22}],"player_experience":842713,"relics_obtained":[{"floor":7.0,"key":"Thread and Needle"},{"floor":9.0,"key":"Girya"},{"floor":13.0,"key":"Unceasing Top"}],"event_choices":[{"event_name":"Golden Wing","player_choice":"Card Removal","floor":2.0,"damage_taken":0.0},{"event_name":"The Woman in Blue","player_choice":"Bought 1 Potion","floor":10.0,"damage_taken":0.0},{"event_name":"Vampires","player_choice":"Ignored","floor":20,"damage_taken":0},{"event_name":"The Mausoleum","player_choice":"No","floor":21,"damage_taken":0}],"is_beta":true,"boss_relics":[{"not_picked":["Velvet Choker","Empty Cage"],"picked":"Nuclear Battery"}],"items_purged_floors":[],"is_endless":false,"potions_floor_spawned":[7,11,13],"killed_by":"Gremlin Leader","ascension_level":15}