{"gold_per_floor":[111,111,131,38,48,48,74,93,123,155,6,0,26,58,58,160,160,172,182,182,282,292,325,325,351,375,375,394,494,494,519,519,623,623,635,647,647,647,662,689,689],"floor_reached":41,"playtime":2574,"items_purged":[],"score":731,"play_id":"5e907a8c-ff3c-4e15-8638-5775d1535f42","local_time":"20190503115915","is_ascension_mode":true,"campfire_choices":[{"data":"Bash","floor":6,"key":"SMITH"},{"data":"Armaments","floor":15,"key":"SMITH"},{"data":"Limit Break","floor":24,"key":"SMITH"},{"data":"Spot Weakness","floor":27,"key":"SMITH"},{"data":"True Grit","floor":32,"key":"SMITH"}],"neow_cost":"NONE","seed_source_timestamp":1878244590307565,"circlet_count":0,"master_deck":["Strike_R","Strike_R","Strike_R","Strike_R+1","Defend_R","Defend_R","Defend_R","Defend_R","Bash+1","Spot Weakness+1","Ghostly Armor","Headbutt","Anger+1","Headbutt","Juggernaut","Armaments+1","Clothesline","Immolate","Shockwave","Immolate","Limit Break+1","Anger","Warcry","Intimidate+1","Flame Barrier","True Grit+1","Immolate","Reckless Charge+1","Inflame","Offering"],"relics":["Burning Blood","Juzu Bracelet","Tiny Chest","Meat on the Bone","Happy Flower","Runic Pyramid","Lantern","Whetstone","Bag of Marbles","Incense Burner","Bottled Tornado","Pen Nib","Sozu","Charon\u0027s Ashes"],"potions_floor_usage":[14,22,29,29,31,33],"damage_taken":[{"damage":8,"enemies":"Jaw Worm","floor":1,"turns":5},{"damage":1,"enemies":"Cultist","floor":3,"turns":4},{"damage":8,"enemies":"2 Louse","floor":5,"turns":2},{"damage":26,"enemies":"Gremlin Nob","floor":7,"turns":4},{"damage":11,"enemies":"Blue Slaver","floor":8,"turns":5},{"damage":22,"enemies":"3 Sentries","floor":10,"turns":7},{"damage":16,"enemies":"Gremlin Nob","floor":14,"turns":3},{"damage":17,"enemies":"Slime Boss","floor":16,"turns":6},{"damage":0,"enemies":"Spheric Guardian","floor":18,"turns":3},{"damage":0,"enemies":"3 Byrds","floor":19,"turns":4},{"damage":11,"enemies":"Centurion and Healer","floor":22,"turns":6},{"damage":36,"enemies":"Slavers","floor":23,"turns":4},{"damage":20,"enemies":"Gremlin Leader","floor":25,"turns":6},{"damage":18,"enemies":"Snake Plant","floor":28,"turns":2},{"damage":17,"enemies":"Colosseum Slavers","floor":29,"turns":4},{"damage":26,"enemies":"Colosseum Nobs","floor":29,"turns":4},{"damage":24,"enemies":"Book of Stabbing","floor":31,"turns":5},{"damage":24,"enemies":"Champ","floor":33,"turns":8},{"damage":23,"enemies":"3 Darklings","floor":35,"turns":3},{"damage":8,"enemies":"Orb Walker","floor":36,"turns":2},{"damage":9,"enemies":"3 Darklings","floor":39,"turns":3},{"damage":77,"enemies":"Giant Head","floor":40,"turns":8},{"damage":26,"enemies":"Writhing Mass","floor":41,"turns":2}],"seed_played":"2955771702969454072","potions_obtained":[{"floor":0,"key":"SmokeBomb"},{"floor":0,"key":"SteroidPotion"},{"floor":0,"key":"FairyPotion"},{"floor":7,"key":"BloodPotion"},{"floor":19,"key":"Swift Potion"},{"floor":23,"key":"Regen Potion"},{"floor":29,"key":"SkillPotion"},{"floor":31,"key":"GamblersBrew"}],"is_trial":false,"path_per_floor":["M","?","M","$","M","R","E","M","T","E","$","?","T","E","R","B",null,"M","M","?","?","M","E","R","E","T","R","M","?","?","E","R","B",null,"M","M","?","?","M","E","M"],"character_chosen":"IRONCLAD","items_purchased":["Headbutt","Anger","Immolate","Shockwave"],"campfire_rested":0,"item_purchase_floors":[4,4,11,11],"current_hp_per_floor":[70,70,75,75,73,73,53,48,48,32,32,32,32,42,42,43,71,77,80,80,80,75,57,57,55,55,55,55,48,48,42,42,36,69,52,50,50,50,47,26,0],"gold":689,"neow_bonus":"THREE_SMALL_POTIONS","is_prod":false,"is_daily":false,"chose_seed":false,"campfire_upgraded":5,"win_rate":0,"timestamp":1556881155,"path_taken":["M","?","?","$","M","R","E","M","T","E","?","?","?","E","R","BOSS","M","M","?","?","M","E","R","E","T","R","M","?","?","E","R","BOSS","M","M","?","?","M","E","M"],"build_version":"2019-01-23","purchased_purges":0,"victory":false,"max_hp_per_floor":[80,80,80,80,80,80,80,80,80,80,80,80,80,80,80,80,80,80,80,80,80,80,80,80,80,80,80,80,80,80,80,80,80,80,80,80,80,80,80,80,80],"card_choices":[{"not_picked":["Thunderclap","Pommel Strike"],"picked":"Spot Weakness","floor":1},{"not_picked":["Inflame","Rage"],"picked":"Ghostly Armor","floor":3},{"not_picked":["Bloodletting","Twin Strike"],"picked":"Headbutt","floor":5},{"not_picked":["Headbutt","Entrench"],"picked":"Juggernaut","floor":7},{"not_picked":["Twin Strike","Flex"],"picked":"Armaments","floor":8},{"not_picked":["Body Slam","Shrug It Off"],"picked":"Clothesline","floor":10},{"not_picked":["Corruption","Blood for Blood"],"picked":"Immolate","floor":14},{"not_picked":["Brutality","Demon Form"],"picked":"Limit Break","floor":16},{"not_picked":["Flex","Warcry","Ghostly Armor"],"picked":"SKIP","floor":18},{"not_picked":["Corruption","Sever Soul"],"picked":"Seeing Red","floor":19},{"not_picked":["Clash","Heavy Blade"],"picked":"Warcry","floor":22},{"not_picked":["Combust","Cleave"],"picked":"Intimidate+1","floor":23},{"not_picked":["Perfected Strike","Anger","Ghostly Armor+1"],"picked":"SKIP","floor":25},{"not_picked":["Power Through","Heavy Blade"],"picked":"Flame Barrier","floor":28},{"not_picked":["Armaments","Hemokinesis"],"picked":"True Grit","floor":31},{"not_picked":["Berserk","Barricade"],"picked":"Immolate","floor":33},{"not_picked":["Power Through+1","Hemokinesis+1"],"picked":"Reckless Charge+1","floor":35},{"not_picked":["Wild Strike","Thunderclap+1","Anger"],"picked":"SKIP","floor":36},{"not_picked":["Sword Boomerang+1","Bludgeon"],"picked":"Inflame","floor":39},{"not_picked":["Cleave","Evolve+1"],"picked":"Offering","floor":40}],"player_experience":282310,"relics_obtained":[{"floor":7,"key":"Juzu Bracelet"},{"floor":9,"key":"Tiny Chest"},{"floor":10,"key":"Meat on the Bone"},{"floor":14,"key":"Happy Flower"},{"floor":23,"key":"Lantern"},{"floor":25,"key":"Whetstone"},{"floor":26,"key":"Bag of Marbles"},{"floor":29,"key":"Incense Burner"},{"floor":29,"key":"Bottled Tornado"},{"floor":31,"key":"Pen Nib"},{"floor":40,"key":"Charon\u0027s Ashes"}],"event_choices":[{"cards_removed":["Strike_R"],"damage_healed":0,"gold_gain":0,"player_choice":"Purged","damage_taken":0,"max_hp_gain":0,"max_hp_loss":0,"event_name":"Purifier","floor":2,"gold_loss":0},{"damage_healed":0,"gold_gain":0,"player_choice":"Left Gold","damage_taken":0,"max_hp_gain":0,"max_hp_loss":0,"event_name":"World of Goop","floor":12,"gold_loss":6},{"damage_healed":0,"gold_gain":0,"player_choice":"Read","damage_taken":0,"max_hp_gain":0,"max_hp_loss":0,"event_name":"The Library","floor":20,"gold_loss":0,"cards_obtained":["Anger"]},{"damage_healed":0,"gold_gain":100,"player_choice":"Pray","damage_taken":0,"max_hp_gain":0,"max_hp_loss":0,"event_name":"Golden Shrine","floor":21,"gold_loss":0},{"damage_healed":0,"gold_gain":0,"player_choice":"Fight","damage_taken":0,"max_hp_gain":0,"max_hp_loss":0,"event_name":"Colosseum","floor":29,"gold_loss":0},{"damage_healed":0,"gold_gain":0,"player_choice":"Fought Nobs","damage_taken":0,"max_hp_gain":0,"max_hp_loss":0,"event_name":"Colosseum","floor":29,"gold_loss":0},{"damage_healed":0,"gold_gain":0,"player_choice":"Ignored","damage_taken":0,"max_hp_gain":0,"max_hp_loss":0,"event_name":"Ghosts","floor":30,"gold_loss":0},{"damage_healed":0,"gold_gain":0,"player_choice":"Ignored","damage_taken":0,"max_hp_gain":0,"max_hp_loss":0,"event_name":"Tomb of Lord Red Mask","floor":37,"gold_loss":0},{"cards_removed":["Seeing Red"],"damage_healed":0,"gold_gain":0,"player_choice":"Removed Skill","damage_taken":0,"max_hp_gain":0,"max_hp_loss":0,"event_name":"Falling","floor":38,"gold_loss":0}],"is_beta":false,"boss_relics":[{"not_picked":["Eternal Feather","Calling Bell"],"picked":"Runic Pyramid"},{"not_picked":["Runic Cube","Black Star"],"picked":"Sozu"}],"items_purged_floors":[],"is_endless":false,"potions_floor_spawned":[7,8,10,19,23,29,31,35],"killed_by":"Writhing Mass","ascension_level":8}