{"gold_per_floor":[111,111,126,51,74,74,87,126,153,197,215,215,215,239,239,363,363,388,401,415,433,30,44,59,94,94,110,35,35,35,55,55,178,178,202,226,294,317,317,317,341,341,365,365,381,77,100,100,100,100],"floor_reached":51,"playtime":5820,"items_purged":["Normality","Strike_R"],"score":860,"play_id":"8a36ae40-5973-4130-9042-50bb337cf362","local_time":"20180712234215","is_ascension_mode":false,"campfire_choices":[{"data":"Uppercut","floor":6,"key":"SMITH"},{"data":"Thunderclap","floor":12,"key":"SMITH"},{"data":"Twin Strike","floor":15,"key":"SMITH"},{"floor":32,"key":"REST"},{"data":"1","floor":40,"key":"LIFT"},{"data":"2","floor":42,"key":"LIFT"},{"floor":49,"key":"REST"}],"neow_cost":"CURSE","seed_source_timestamp":0,"circlet_count":0,"master_deck":["Strike_R+1","Strike_R+1","Strike_R+1","Defend_R+1","Defend_R+1","Defend_R+1","Defend_R+1","Brutality","Blood for Blood","Uppercut+1","Twin Strike+1","Iron Wave","Thunderclap+1","Iron Wave","Reaper","Clash","Flex","Dual Wield","Clash","Cleave+1","Flex","Combust","Whirlwind+1","Clash+1","Rage+1","Rupture+1","Carnage+1","Carnage+1","Cleave+1","Rage+1","Flex+1"],"special_seed":17725,"relics":["Burning Blood","Golden Idol","Regal Pillow","Bag of Preparation","Dream Catcher","Fusion Hammer","Incense Burner","Matryoshka","Centennial Puzzle","Question Card","Kunai","Busted Crown","Girya","Prayer Wheel","War Paint","Anchor","Toolbox"],"potions_floor_usage":[10,11,16,18,24,33,33,33,36,37,39,50,50,50],"damage_taken":[{"damage":2,"enemies":"2 Louse","floor":1,"turns":3},{"damage":8,"enemies":"Jaw Worm","floor":3,"turns":3},{"damage":4,"enemies":"Cultist","floor":5,"turns":4},{"damage":3,"enemies":"Large Slime","floor":7,"turns":4},{"damage":20,"enemies":"Lagavulin","floor":8,"turns":5},{"damage":0,"enemies":"Gremlin Nob","floor":10,"turns":2},{"damage":8,"enemies":"2 Fungi Beasts","floor":11,"turns":3},{"damage":2,"enemies":"Looter","floor":14,"turns":3},{"damage":30,"enemies":"Hexaghost","floor":16,"turns":9},{"damage":10,"enemies":"Shell Parasite","floor":18,"turns":4},{"damage":5,"enemies":"3 Byrds","floor":19,"turns":5},{"damage":40,"enemies":"Sentry and Sphere","floor":20,"turns":6},{"damage":4,"enemies":"Chosen and Byrds","floor":21,"turns":4},{"damage":5,"enemies":"Centurion and Healer","floor":23,"turns":4},{"damage":2,"enemies":"Snecko","floor":24,"turns":4},{"damage":8,"enemies":"Gremlin Leader","floor":25,"turns":5},{"damage":11,"enemies":"Snake Plant","floor":27,"turns":2},{"damage":5,"enemies":"Centurion and Healer","floor":31,"turns":5},{"damage":31,"enemies":"Champ","floor":33,"turns":9},{"damage":26,"enemies":"3 Darklings","floor":35,"turns":3},{"damage":27,"enemies":"3 Shapes","floor":36,"turns":3},{"damage":6,"floor":37,"turns":3},{"damage":31,"enemies":"3 Darklings","floor":38,"turns":4},{"damage":33,"floor":39,"turns":5},{"damage":9,"enemies":"Sphere and 2 Shapes","floor":41,"turns":2},{"damage":21,"enemies":"4 Shapes","floor":45,"turns":3},{"damage":0,"enemies":"3 Darklings","floor":47,"turns":2},{"damage":72,"enemies":"Awakened One","floor":50,"turns":8}],"seed_played":"5986081896675769642","potions_obtained":[{"floor":1,"key":"Ancient Potion"},{"floor":3,"key":"Weak Potion"},{"floor":8,"key":"AttackPotion"},{"floor":10,"key":"Ancient Potion"},{"floor":16,"key":"Poison Potion"},{"floor":18,"key":"SkillPotion"},{"floor":19,"key":"SpeedPotion"},{"floor":27,"key":"PowerPotion"},{"floor":31,"key":"Strength Potion"},{"floor":33,"key":"Poison Potion"},{"floor":35,"key":"SkillPotion"},{"floor":36,"key":"Regen Potion"},{"floor":41,"key":"Strength Potion"}],"is_trial":false,"path_per_floor":["M","?","M","$","M","R","M","E","T","E","M","R","?","M","R","B",null,"M","M","M","M","$","M","M","E","T","M","?","?","?","M","R","B",null,"M","M","?","M","?","R","M","R","T","?","M","$","M","?","R","B"],"character_chosen":"IRONCLAD","items_purchased":["Incense Burner","SteroidPotion","Explosive Potion","Toolbox"],"campfire_rested":2,"item_purchase_floors":[22,46,46,46],"current_hp_per_floor":[80,60,58,58,60,60,63,49,49,55,53,53,46,50,50,26,80,80,80,46,51,51,58,68,80,80,75,75,75,75,80,80,55,80,61,67,80,55,46,46,43,43,43,43,52,52,58,58,80,15],"gold":100,"neow_bonus":"THREE_RARE_CARDS","is_prod":false,"is_daily":false,"chose_seed":false,"campfire_upgraded":3,"win_rate":0,"timestamp":1531453335,"path_taken":["M","?","M","$","M","R","?","E","T","E","M","R","?","M","R","BOSS","M","?","?","M","$","M","M","E","T","M","?","?","?","M","R","BOSS","M","M","?","M","?","R","M","R","T","?","M","$","M","?","R","BOSS"],"build_version":"2018-07-12","purchased_purges":2,"victory":true,"max_hp_per_floor":[80,80,80,80,80,80,80,80,80,80,80,80,80,80,80,80,80,80,80,80,80,80,80,80,80,80,80,80,80,80,80,80,80,80,80,80,80,80,80,80,80,80,80,80,80,80,80,80,80,80],"card_choices":[{"not_picked":["Limit Break","Fiend Fire"],"picked":"Brutality","floor":0},{"not_picked":["Clash","Ghostly Armor"],"picked":"Blood for Blood","floor":1},{"not_picked":["Heavy Blade","Perfected Strike"],"picked":"Uppercut","floor":3},{"not_picked":["Battle Trance","Burning Pact"],"picked":"Twin Strike","floor":5},{"not_picked":["Spot Weakness","Burning Pact","Clash"],"picked":"SKIP","floor":7},{"not_picked":["Clothesline","Entrench"],"picked":"Iron Wave","floor":8},{"not_picked":["Limit Break","Pommel Strike"],"picked":"Thunderclap","floor":10},{"not_picked":["Disarm","Body Slam","Wild Strike"],"picked":"SKIP","floor":11},{"not_picked":["Clothesline","Shrug It Off"],"picked":"Iron Wave","floor":14},{"not_picked":["Dark Embrace","Double Tap"],"picked":"Reaper","floor":16},{"not_picked":["Body Slam+1","Heavy Blade"],"picked":"Clash","floor":18},{"not_picked":["Body Slam+1","Anger"],"picked":"Flex","floor":19},{"not_picked":["Infernal Blade","Perfected Strike+1"],"picked":"Dual Wield","floor":20},{"not_picked":["Brutality","Thunderclap+1"],"picked":"Clash","floor":21},{"not_picked":["Shrug It Off","Rampage"],"picked":"Cleave+1","floor":23},{"not_picked":["Wild Strike","Dropkick"],"picked":"Flex","floor":24},{"not_picked":["Headbutt+1","Armaments"],"picked":"Combust","floor":25},{"not_picked":["Shrug It Off","Searing Blow","Bloodletting"],"picked":"Whirlwind+1","floor":27},{"not_picked":["Power Through+1","Shrug It Off","Entrench","Perfected Strike"],"picked":"SKIP","floor":31},{"not_picked":["Burning Pact","Infernal Blade","Wild Strike"],"picked":"Clash+1","floor":32},{"not_picked":["Cleave+1"],"picked":"Rage","floor":35},{"not_picked":["Infernal Blade"],"picked":"Rupture+1","floor":36},{"not_picked":["Pummel"],"picked":"Carnage+1","floor":37},{"not_picked":["Hemokinesis+1"],"picked":"Carnage+1","floor":38},{"not_picked":["Flex"],"picked":"Cleave+1","floor":39},{"not_picked":["Shrug It Off"],"picked":"Rage","floor":41},{"not_picked":["Searing Blow+1","Iron Wave"],"picked":"SKIP","floor":41},{"not_picked":["Metallicize"],"picked":"Flex+1","floor":45},{"not_picked":["Brutality","True Grit+1"],"picked":"SKIP","floor":45},{"not_picked":["Evolve","Sever Soul"],"picked":"SKIP","floor":47},{"not_picked":["Twin Strike+1","Combust+1"],"picked":"SKIP","floor":47}],"player_experience":118601,"relics_obtained":[{"floor":8,"key":"Regal Pillow"},{"floor":9,"key":"Bag of Preparation"},{"floor":10,"key":"Dream Catcher"},{"floor":25,"key":"Matryoshka"},{"floor":26,"key":"Centennial Puzzle"},{"floor":26,"key":"Question Card"},{"floor":37,"key":"Girya"},{"floor":39,"key":"Prayer Wheel"},{"floor":43,"key":"War Paint"},{"floor":43,"key":"Anchor"}],"event_choices":[{"event_name":"Golden Idol","player_choice":"Take Damage","floor":2,"damage_taken":0},{"event_name":"Golden Wing","player_choice":"Card Removal","floor":13,"damage_taken":0},{"event_name":"Beggar","player_choice":"Gave Gold","floor":28,"damage_taken":0},{"event_name":"Back to Basics","player_choice":"Simplicity","floor":29,"damage_taken":0},{"event_name":"The Mausoleum","player_choice":"Yes","floor":30,"damage_taken":0},{"event_name":"Mysterious Sphere","player_choice":"Fight","floor":37,"damage_taken":0},{"event_name":"MindBloom","player_choice":"Fight","floor":39,"damage_taken":0},{"event_name":"Purifier","player_choice":"One Purge","floor":44,"damage_taken":0},{"event_name":"SecretPortal","player_choice":"Rejected Portal.","floor":48,"damage_taken":0}],"boss_relics":[{"not_picked":["Cursed Key","Ectoplasm"],"picked":"Fusion Hammer"},{"not_picked":["Orrery","Tiny House"],"picked":"Busted Crown"}],"items_purged_floors":[4,22],"is_endless":false,"potions_floor_spawned":[1,3,8,10,16,18,19,27,31,33,35,36,41,47],"ascension_level":0}