{"gold_per_floor":[364,364,364,375,56,56,68,93,142,174,196,208,208,208,208,280,280,296,296,296,296,17,17,52,52,104,131,131,150,168,199,199,273,273,291,391,441,451,451,478,478,510,510,521,226,226,226,239,239,239,239,239,239,2,29,29],"floor_reached":57,"playtime":3868,"items_purged":["Decay","Predator","Underhanded Strike"],"score":2969,"play_id":"a8579afc-caa2-4485-af7b-c3358adf6ee6","local_time":"20190511025229","is_ascension_mode":true,"campfire_choices":[{"data":"Crippling Poison","floor":6,"key":"SMITH"},{"floor":13,"key":"REST"},{"floor":15,"key":"REST"},{"data":"Adrenaline","floor":23,"key":"SMITH"},{"data":"Footwork","floor":25,"key":"SMITH"},{"data":"Footwork","floor":32,"key":"SMITH"},{"data":"Ghostly","floor":41,"key":"SMITH"},{"data":"Ghostly","floor":47,"key":"SMITH"},{"floor":49,"key":"RECALL"},{"data":"Ghostly","floor":53,"key":"SMITH"}],"neow_cost":"CURSE","seed_source_timestamp":320349075190488,"circlet_count":0,"master_deck":["AscendersBane","Defend_G","Defend_G","Defend_G","Defend_G","Survivor","Neutralize","Footwork+1","Poisoned Stab","Crippling Poison+1","Bouncing Flask","Footwork+1","Blur","Dagger Throw","Adrenaline+1","Noxious Fumes+1","Skewer+1","Bouncing Flask+1","Ghostly+1","Ghostly+1","Ghostly+1","Die Die Die","Deflect","Catalyst+1","Leg Sweep","PiercingWail","Malaise","Prepared","PanicButton","Dodge and Roll","Tactician+1","Good Instincts"],"relics":["Ring of the Snake","PreservedInsect","Oddly Smooth Stone","Ice Cream","Vajra","Juzu Bracelet","Odd Mushroom","Astrolabe","ClockworkSouvenir","Boot","Unceasing Top","Bag of Marbles","Runic Pyramid","Gambling Chip","Girya","Mercury Hourglass","Lantern","The Courier","Bronze Scales","Peace Pipe","Happy Flower"],"potions_floor_usage":[8,11,12,16,30,33,40,55,56],"damage_taken":[{"damage":4,"enemies":"Cultist","floor":1,"turns":5},{"damage":0,"enemies":"Small Slimes","floor":4,"turns":5},{"damage":0,"enemies":"Jaw Worm","floor":7,"turns":4},{"damage":8,"enemies":"Gremlin Nob","floor":8,"turns":3},{"damage":34,"enemies":"3 Sentries","floor":10,"turns":9},{"damage":3,"enemies":"The Mushroom Lair","floor":11,"turns":4},{"damage":4,"enemies":"Gremlin Gang","floor":12,"turns":4},{"damage":31,"enemies":"Slime Boss","floor":16,"turns":8},{"damage":24,"enemies":"3 Byrds","floor":18,"turns":4},{"damage":0,"enemies":"Gremlin Leader","floor":24,"turns":5},{"damage":14,"enemies":"Book of Stabbing","floor":27,"turns":4},{"damage":0,"enemies":"Chosen","floor":29,"turns":4},{"damage":0,"enemies":"Centurion and Healer","floor":30,"turns":6},{"damage":0,"enemies":"Gremlin Leader","floor":31,"turns":4},{"damage":28,"enemies":"Automaton","floor":33,"turns":12},{"damage":1,"enemies":"Orb Walker","floor":35,"turns":3},{"damage":0,"enemies":"Mind Bloom Boss Battle","floor":36,"turns":6},{"damage":13,"enemies":"2 Orb Walkers","floor":37,"turns":5},{"damage":0,"enemies":"3 Darklings","floor":38,"turns":5},{"damage":1,"enemies":"Giant Head","floor":40,"turns":6},{"damage":0,"enemies":"Nemesis","floor":42,"turns":7},{"damage":0,"enemies":"4 Shapes","floor":44,"turns":6},{"damage":0,"enemies":"Jaw Worm Horde","floor":48,"turns":4},{"damage":0,"enemies":"Time Eater","floor":50,"turns":8},{"damage":3,"enemies":"Awakened One","floor":51,"turns":19},{"damage":7,"enemies":"Shield and Spear","floor":55,"turns":7},{"damage":14,"enemies":"The Heart","floor":56,"turns":9}],"seed_played":"-2054294204840203935","potions_obtained":[{"floor":3,"key":"Strength Potion"},{"floor":3,"key":"Strength Potion"},{"floor":7,"key":"Fire Potion"},{"floor":8,"key":"Energy Potion"},{"floor":11,"key":"SteroidPotion"},{"floor":24,"key":"SpeedPotion"},{"floor":27,"key":"FearPotion"},{"floor":33,"key":"Weak Potion"},{"floor":35,"key":"Explosive Potion"},{"floor":40,"key":"Block Potion"},{"floor":44,"key":"Regen Potion"},{"floor":48,"key":"GamblersBrew"},{"floor":55,"key":"LiquidBronze"}],"is_trial":false,"path_per_floor":["M","?","?","M","$","R","M","E","T","E","?","M","R","?","R","B",null,"M","?","?","?","$","R","E","R","T","E","?","M","M","E","R","B",null,"M","?","?","M","?","E","R","E","T","M","$","T","R","M","R","B","B",null,"R","$","E","B",null],"character_chosen":"THE_SILENT","items_purchased":["Oddly Smooth Stone","Crippling Poison","ClockworkSouvenir","Deflect","Bronze Scales","Good Instincts","Happy Flower"],"campfire_rested":2,"item_purchase_floors":[5,5,22,22,45,45,54],"current_hp_per_floor":[55,50,50,50,50,50,50,42,42,8,5,1,20,20,39,8,52,28,28,28,28,28,28,28,28,28,14,43,43,43,43,43,15,36,35,35,22,22,22,21,21,21,21,21,21,21,21,21,21,21,18,37,37,37,43,29],"gold":29,"neow_bonus":"TWO_FIFTY_GOLD","is_prod":false,"is_daily":false,"chose_seed":false,"campfire_upgraded":7,"win_rate":0,"timestamp":1557568349,"path_taken":["M","?","?","M","$","R","M","E","T","E","?","M","R","?","R","BOSS","M","?","?","?","$","R","E","R","T","E","?","M","M","E","R","BOSS","M","?","?","M","?","E","R","E","T","M","$","?","R","M","R","BOSS","BOSS","R","$","E","BOSS"],"build_version":"2019-05-07","purchased_purges":3,"victory":true,"max_hp_per_floor":[66,66,66,66,66,66,66,66,66,66,66,66,66,66,66,66,66,66,33,33,33,33,33,33,33,33,33,43,43,43,43,43,43,43,43,43,43,43,43,43,43,43,43,43,43,43,43,43,43,43,43,43,43,43,43,43],"card_choices":[{"not_picked":["Escape Plan","Cloak And Dagger"],"picked":"Footwork","floor":1},{"not_picked":["Deadly Poison","Backflip"],"picked":"Poisoned Stab","floor":4},{"not_picked":["Tactician","Infinite Blades"],"picked":"Bouncing Flask","floor":7},{"not_picked":["Reflex","Bouncing Flask","Slice"],"picked":"SKIP","floor":8},{"not_picked":["Deadly Poison","Cloak And Dagger"],"picked":"Footwork","floor":10},{"not_picked":["Acrobatics","Terror"],"picked":"Predator","floor":11},{"not_picked":["Prepared","Expertise"],"picked":"Blur","floor":12},{"not_picked":["Envenom","Burst"],"picked":"Adrenaline","floor":16},{"not_picked":["Deadly Poison+1","Bane","Finisher"],"picked":"SKIP","floor":18},{"not_picked":["Setup","Masterful Stab+1"],"picked":"Catalyst+1","floor":24},{"not_picked":["Bane","Distraction"],"picked":"Leg Sweep","floor":27},{"not_picked":["Acrobatics","Endless Agony","Reflex"],"picked":"SKIP","floor":29},{"not_picked":["Envenom","Acrobatics"],"picked":"PiercingWail","floor":30},{"not_picked":["Sucker Punch","Predator","Cloak And Dagger"],"picked":"SKIP","floor":31},{"not_picked":["Envenom","Venomology"],"picked":"Malaise","floor":33},{"not_picked":["Bane+1","Reflex","Acrobatics"],"picked":"SKIP","floor":35},{"not_picked":["Blade Dance","Acrobatics+1"],"picked":"Prepared","floor":37},{"not_picked":["Quick Slash","Noxious Fumes","Deadly Poison"],"picked":"SKIP","floor":38},{"not_picked":["Transmutation","Purity"],"picked":"PanicButton","floor":39},{"not_picked":["Finisher","Underhanded Strike"],"picked":"Dodge and Roll","floor":40},{"not_picked":["Leg Sweep","Setup","Underhanded Strike"],"picked":"SKIP","floor":42},{"not_picked":["Leg Sweep","Reflex"],"picked":"Tactician+1","floor":44},{"not_picked":["Bane+1","Outmaneuver","Tactician"],"picked":"SKIP","floor":48},{"not_picked":["Bullet Time","Infinite Blades","Blade Dance+1"],"picked":"SKIP","floor":55}],"player_experience":6361624,"relics_obtained":[{"floor":8,"key":"Ice Cream"},{"floor":9,"key":"Vajra"},{"floor":10,"key":"Juzu Bracelet"},{"floor":11,"key":"Odd Mushroom"},{"floor":24,"key":"Boot"},{"floor":27,"key":"Unceasing Top"},{"floor":31,"key":"Bag of Marbles"},{"floor":36,"key":"Gambling Chip"},{"floor":37,"key":"Girya"},{"floor":40,"key":"Mercury Hourglass"},{"floor":42,"key":"Lantern"},{"floor":43,"key":"The Courier"},{"floor":46,"key":"Peace Pipe"}],"event_choices":[{"damage_healed":0,"gold_gain":0,"player_choice":"Success","damage_taken":5,"relics_obtained":["PreservedInsect"],"max_hp_gain":0,"max_hp_loss":0,"event_name":"Scrap Ooze","floor":2,"gold_loss":0},{"damage_healed":0,"gold_gain":0,"player_choice":"Got Potions","damage_taken":0,"max_hp_gain":0,"max_hp_loss":0,"event_name":"Lab","floor":3,"gold_loss":0},{"damage_healed":0,"gold_gain":0,"player_choice":"Fought Mushrooms","damage_taken":0,"max_hp_gain":0,"max_hp_loss":0,"event_name":"Mushrooms","floor":11,"gold_loss":0},{"damage_healed":0,"gold_gain":0,"cards_transformed":["Strike_G"],"player_choice":"Transformed","damage_taken":0,"max_hp_gain":0,"max_hp_loss":0,"event_name":"Transmorgrifier","floor":14,"gold_loss":0,"cards_obtained":["Dagger Throw"]},{"damage_healed":0,"gold_gain":0,"player_choice":"Became a Ghost","damage_taken":0,"max_hp_gain":0,"max_hp_loss":33,"event_name":"Ghosts","floor":19,"gold_loss":0,"cards_obtained":["Ghostly","Ghostly","Ghostly"]},{"damage_healed":0,"gold_gain":0,"cards_transformed":["Strike_G","Defend_G"],"player_choice":"Became Test Subject","damage_taken":0,"max_hp_gain":0,"max_hp_loss":0,"event_name":"Drug Dealer","floor":20,"gold_loss":0,"cards_obtained":["Grand Finale","Underhanded Strike"]},{"damage_healed":0,"gold_gain":0,"player_choice":"1 cards matched","damage_taken":0,"max_hp_gain":0,"max_hp_loss":0,"event_name":"Match and Keep!","floor":21,"gold_loss":0,"cards_obtained":["Die Die Die"]},{"cards_removed":["Grand Finale"],"damage_healed":19,"gold_gain":0,"player_choice":"Offered Rare","damage_taken":0,"max_hp_gain":10,"max_hp_loss":0,"event_name":"Bonfire Elementals","floor":28,"gold_loss":0},{"damage_healed":0,"gold_gain":0,"player_choice":"Fight","damage_taken":0,"max_hp_gain":0,"max_hp_loss":0,"event_name":"MindBloom","floor":36,"gold_loss":0},{"damage_healed":0,"gold_gain":0,"player_choice":"Fight","damage_taken":0,"max_hp_gain":0,"max_hp_loss":0,"event_name":"Mysterious Sphere","floor":37,"gold_loss":0},{"damage_healed":0,"gold_gain":0,"player_choice":"Memory 1","damage_taken":0,"max_hp_gain":0,"max_hp_loss":0,"event_name":"SensoryStone","floor":39,"gold_loss":0}],"is_beta":true,"boss_relics":[{"not_picked":["Tiny House","Runic Dome"],"picked":"Astrolabe"},{"not_picked":["Ring of the Serpent","Calling Bell"],"picked":"Runic Pyramid"}],"items_purged_floors":[5,45,54],"is_endless":false,"potions_floor_spawned":[7,8,11,24,27,33,35,40,44,48,55],"ascension_level":20}