{"gold_per_floor":[118,132,132,148,168,168,201,201,201,217,217,35,35,35,35,109,109,93,110,110,121,40,40,40,40,40,57,10,10,22,37,37,37],"floor_reached":33,"playtime":924,"items_purged":["Strike_R"],"score":432,"play_id":"35ba4dea-737c-40cb-adea-4b8b20e75dbf","local_time":"20180803193924","is_ascension_mode":true,"campfire_choices":[{"data":"Feel No Pain","floor":6,"key":"SMITH"},{"data":"True Grit","floor":8,"key":"SMITH"},{"data":"Iron Wave","floor":11,"key":"SMITH"},{"data":"True Grit","floor":15,"key":"SMITH"},{"floor":23,"key":"REST"},{"data":"Feel No Pain","floor":25,"key":"SMITH"},{"data":"True Grit","floor":29,"key":"SMITH"},{"floor":32,"key":"REST"}],"neow_cost":"NONE","seed_source_timestamp":124065255838657,"circlet_count":0,"master_deck":["Strike_R+1","Defend_R+1","Defend_R+1","Defend_R+1","Defend_R+1","Bash+1","AscendersBane","True Grit+1","Feel No Pain+1","Iron Wave+1","Shrug It Off","Iron Wave","Uppercut+1","True Grit+1","Clothesline+1","Demon Form","Clash+1","Flex+1","Warcry+1","Clothesline+1","Feel No Pain+1","Crippling Poison","True Grit+1","Shrug It Off","Feel No Pain","Shrug It Off"],"relics":["Burning Blood","Gremlin Horn","Molten Egg 2","Astrolabe","StoneCalendar"],"potions_floor_usage":[7,10,16,16,31,33],"damage_taken":[{"damage":2,"enemies":"2 Louse","floor":1,"turns":3},{"damage":7,"enemies":"Small Slimes","floor":2,"turns":4},{"damage":10,"enemies":"Jaw Worm","floor":4,"turns":4},{"damage":3,"enemies":"Blue Slaver","floor":5,"turns":6},{"damage":22,"enemies":"Gremlin Nob","floor":7,"turns":4},{"damage":7,"enemies":"Gremlin Gang","floor":10,"turns":6},{"damage":26,"enemies":"The Guardian","floor":16,"turns":17},{"damage":13,"enemies":"2 Thieves","floor":18,"turns":4},{"damage":19,"enemies":"Shell Parasite","floor":19,"turns":7},{"damage":28,"enemies":"Centurion and Healer","floor":21,"turns":8},{"damage":5,"enemies":"Snecko","floor":27,"turns":5},{"damage":13,"enemies":"Snake Plant","floor":30,"turns":7},{"damage":23,"enemies":"3 Cultists","floor":31,"turns":7},{"damage":43,"enemies":"Collector","floor":33,"turns":5}],"seed_played":"1772969464291979961","potions_obtained":[{"floor":2,"key":"EssenceOfSteel"},{"floor":5,"key":"Fire Potion"},{"floor":7,"key":"Ancient Potion"},{"floor":10,"key":"Poison Potion"},{"floor":18,"key":"Strength Potion"},{"floor":21,"key":"Energy Potion"}],"is_trial":false,"path_per_floor":["M","M","?","M","M","R","E","R","T","M","R","$","$","?","R","B",null,"M","M","?","M","$","R","?","R","T","M","$","R","M","M","R"],"character_chosen":"IRONCLAD","items_purchased":["True Grit","Clothesline+1","Feel No Pain","Shrug It Off"],"campfire_rested":2,"item_purchase_floors":[12,12,22,28],"current_hp_per_floor":[72,71,71,67,70,70,54,54,54,53,53,53,53,42,42,22,62,55,42,42,20,20,42,42,42,42,43,43,43,36,19,41,0],"gold":37,"neow_bonus":"UPGRADE_CARD","is_prod":false,"is_daily":false,"chose_seed":false,"campfire_upgraded":6,"win_rate":0,"timestamp":1533350364,"path_taken":["M","M","?","M","M","R","E","R","T","M","R","?","$","?","R","BOSS","M","M","?","M","$","R","?","R","T","M","?","R","?","?","R","BOSS"],"build_version":"2018-08-01","purchased_purges":1,"victory":false,"max_hp_per_floor":[75,75,75,75,75,75,75,75,75,75,75,75,75,75,75,75,75,75,75,75,75,75,75,75,75,75,75,75,75,75,75,75,75],"card_choices":[{"not_picked":["Perfected Strike","Wild Strike"],"picked":"True Grit","floor":1},{"not_picked":["Sword Boomerang","Limit Break"],"picked":"Feel No Pain","floor":2},{"not_picked":["Pommel Strike","Armaments"],"picked":"Iron Wave","floor":4},{"not_picked":["Intimidate","Perfected Strike"],"picked":"Shrug It Off","floor":5},{"not_picked":["Havoc","Bloodletting"],"picked":"Iron Wave","floor":7},{"not_picked":["Seeing Red","Rage"],"picked":"Uppercut+1","floor":10},{"not_picked":["Barricade","Juggernaut"],"picked":"Demon Form","floor":16},{"not_picked":["Evolve","Cleave+1"],"picked":"Clothesline+1","floor":18},{"not_picked":["Inflame","Uppercut+1"],"picked":"Rage","floor":19},{"not_picked":["Flex","Flame Barrier","Dropkick+1"],"picked":"SKIP","floor":21},{"not_picked":["Clash+1","Flex"],"picked":"True Grit","floor":27},{"not_picked":["Inflame","Battle Trance"],"picked":"Feel No Pain","floor":30},{"not_picked":["Limit Break","Iron Wave+1"],"picked":"Shrug It Off","floor":31}],"player_experience":838778,"relics_obtained":[{"floor":7,"key":"Gremlin Horn"},{"floor":9,"key":"Molten Egg 2"},{"floor":26,"key":"StoneCalendar"}],"event_choices":[{"event_name":"Liars Game","player_choice":"disagreed","floor":3,"damage_taken":0},{"event_name":"Wheel of Change","player_choice":"Damage","floor":14,"damage_taken":0},{"event_name":"Back to Basics","player_choice":"Simplicity","floor":20,"damage_taken":0},{"event_name":"NoteForYourself","player_choice":"Took Card","floor":24,"damage_taken":0}],"is_beta":true,"boss_relics":[{"not_picked":["Lizard Tail","Eternal Feather"],"picked":"Astrolabe"}],"items_purged_floors":[12],"is_endless":false,"potions_floor_spawned":[2,5,7,10,18,21],"killed_by":"Collector","ascension_level":15}