{"gold_per_floor":[111,111,126,26,39,39,72,72,72,72],"floor_reached":10,"playtime":382,"items_purged":[],"score":132,"play_id":"0f911ba6-0227-4ecc-9314-6f276d50773c","local_time":"20190408232948","is_ascension_mode":true,"campfire_choices":[{"data":"Envenom","floor":6,"key":"SMITH"},{"data":"Night Terror","floor":8,"key":"SMITH"}],"neow_cost":"NONE","seed_source_timestamp":652772453401174,"circlet_count":0,"master_deck":["AscendersBane","Defend_G","Defend_G","Defend_G","Defend_G","Defend_G","Strike_G","Strike_G","Strike_G","Strike_G","Strike_G","Survivor","Neutralize","Envenom+1","Crippling Poison","Footwork","Cloak And Dagger","Night Terror+1"],"relics":["Ring of the Snake","Pear","Pantograph","Bag of Preparation"],"potions_floor_usage":[7],"damage_taken":[{"damage":7,"enemies":"Small Slimes","floor":1,"turns":4},{"damage":5,"enemies":"Cultist","floor":3,"turns":5},{"damage":5,"enemies":"Jaw Worm","floor":5,"turns":6},{"damage":39,"enemies":"Gremlin Nob","floor":7,"turns":5},{"damage":0,"enemies":"Lagavulin","floor":10,"turns":5}],"seed_played":"1017239741817720051","potions_obtained":[{"floor":3,"key":"Dexterity Potion"},{"floor":7,"key":"SpeedPotion"}],"is_trial":false,"path_per_floor":["M","?","M","$","M","R","E","R","T","E"],"character_chosen":"THE_SILENT","items_purchased":["Footwork","Explosive Potion"],"campfire_rested":0,"item_purchase_floors":[4,4],"current_hp_per_floor":[52,62,57,57,52,52,13,13,13,13],"gold":72,"neow_bonus":"ONE_RANDOM_RARE_CARD","is_prod":false,"is_daily":false,"chose_seed":false,"campfire_upgraded":2,"win_rate":0,"timestamp":1554780588,"path_taken":["M","?","M","?","M","R","E","R","T","E"],"build_version":"2019-01-23","purchased_purges":0,"victory":false,"max_hp_per_floor":[66,76,76,76,76,76,76,76,76,76],"card_choices":[{"not_picked":["Dagger Throw","Backflip"],"picked":"Infinite Blades","floor":1},{"not_picked":["Riddle With Holes","Underhanded Strike"],"picked":"Crippling Poison","floor":3},{"not_picked":["Poisoned Stab","Underhanded Strike"],"picked":"Cloak And Dagger","floor":5},{"not_picked":["Dodge and Roll","Poisoned Stab"],"picked":"Night Terror","floor":7}],"player_experience":1757595,"relics_obtained":[{"floor":7,"key":"Pantograph"},{"floor":9,"key":"Bag of Preparation"}],"event_choices":[{"cards_removed":["Infinite Blades"],"damage_healed":0,"gold_gain":0,"player_choice":"Gave Card","damage_taken":0,"relics_obtained":["Pear"],"max_hp_gain":0,"max_hp_loss":0,"event_name":"WeMeetAgain","floor":2,"gold_loss":0}],"is_beta":false,"boss_relics":[],"items_purged_floors":[],"is_endless":false,"potions_floor_spawned":[3,7],"killed_by":"Lagavulin","ascension_level":20}