{"path_per_floor":["M","?","M","M","?","R","M","E","T","R","$","M","M","E","R","B",null,"M","$","M","M","M","E","R","?","T","M","R","M","R","M","R"],"character_chosen":"IRONCLAD","items_purchased":["Blood Vial","Ghostly Armor","Thread and Needle"],"gold_per_floor":[116,116,127,142,142,142,153,184,184,184,7,27,45,378,378,474,474,474,85,85,85,85,85,85,85,85,85,85,85,85,85,85,85],"floor_reached":33,"campfire_rested":0,"playtime":1442,"current_hp_per_floor":[72,72,72,72,58,58,51,44,44,44,44,50,42,49,49,46,79,79,79,78,61,69,46,46,31,31,38,38,40,40,46,46,0],"items_purged":["Strike_R"],"gold":85,"score":281,"play_id":"a47dd403-6d64-4ae0-bf99-510c6135c110","local_time":"20180408020729","is_prod":false,"is_daily":false,"is_ascension_mode":false,"campfire_upgraded":4,"timestamp":1523167649,"path_taken":["M","?","M","?","?","R","M","E","T","R","?","?","M","E","R","BOSS","M","$","?","M","M","E","R","?","T","M","R","?","R","M","R","BOSS"],"build_version":"2018-04-05v2","purchased_purges":1,"victory":false,"master_deck":["Strike_R+1","Defend_R","Defend_R","Bash+1","Metallicize+1","Heavy Blade","Cleave+1","Ghostly Armor","Flex","Thunderclap+1","Flex","Sever Soul+1","Rampage+1","Metallicize+1"],"max_hp_per_floor":[72,72,72,72,72,72,72,79,79,79,79,79,79,79,79,79,79,79,79,79,79,79,79,79,84,84,84,84,84,84,84,84,84],"relics":["Burning Blood","Strawberry","Torii","Blood Vial","Old Coin","Ectoplasm","Thread and Needle","Peace Pipe","Sundial"],"card_choices":[{"not_picked":["Impervious","Body Slam"],"picked":"Heavy Blade","floor":3},{"not_picked":["Armaments","Disarm"],"picked":"Cleave","floor":7},{"not_picked":["Dual Wield","Sword Boomerang"],"picked":"Flex","floor":20},{"not_picked":["Shockwave","Heavy Blade"],"picked":"Thunderclap","floor":21},{"not_picked":["Wild Strike","Anger"],"picked":"Flex","floor":22},{"not_picked":["Feel No Pain","Second Wind"],"picked":"Sever Soul","floor":23},{"not_picked":["Sever Soul","Intimidate"],"picked":"Rampage","floor":27},{"not_picked":["Wild Strike","Body Slam"],"picked":"Metallicize","floor":29}],"player_experience":746908,"potions_floor_usage":[14,14,16,21,27,29,33],"damage_taken":[{"damage":5,"enemies":"2 Louse","floor":1,"turns":4},{"damage":5,"enemies":"Small Slimes","floor":3,"turns":5},{"damage":3,"enemies":"Cultist","floor":4,"turns":4},{"damage":13,"enemies":"Lots of Slimes","floor":7,"turns":6},{"damage":20,"enemies":"Gremlin Nob","floor":8,"turns":6},{"damage":2,"enemies":"3 Louse","floor":12,"turns":3},{"damage":16,"enemies":"Exordium Wildlife","floor":13,"turns":3},{"damage":16,"enemies":"Lagavulin","floor":14,"turns":8},{"damage":11,"enemies":"Slime Boss","floor":16,"turns":8},{"damage":0,"enemies":"3 Byrds","floor":18,"turns":4},{"damage":7,"enemies":"Shell Parasite","floor":20,"turns":4},{"damage":24,"enemies":"Centurion and Healer","floor":21,"turns":8},{"damage":0,"enemies":"Snecko","floor":22,"turns":4},{"damage":31,"enemies":"Book of Stabbing","floor":23,"turns":6},{"damage":1,"enemies":"Chosen and Byrds","floor":27,"turns":6},{"damage":6,"enemies":"Cultist and Chosen","floor":29,"turns":4},{"damage":2,"enemies":"Centurion and Healer","floor":31,"turns":6},{"damage":66,"enemies":"Automaton","floor":33,"turns":6}],"event_choices":[{"event_name":"Living Wall","player_choice":"Forget","floor":2,"damage_taken":0},{"event_name":"Shining Light","player_choice":"Entered Light","floor":5,"damage_taken":0},{"event_name":"Forgotten Altar","player_choice":"Shed Blood","floor":25,"damage_taken":0}],"boss_relics":[{"not_picked":["Mark of Pain","Lizard Tail"],"picked":"Ectoplasm"}],"potions_floor_spawned":[7,8,14,20,23,27,31],"seed_played":"1923524070385005975","killed_by":"Automaton","ascension_level":0,"is_trial":false}