{"path_per_floor":["M","M","T","M","$","R","E","$","T","R","M","$","E","M","R","B",null,"M","M","?","M","?","E","R","M","T","R","M","M","E","M","R"],"character_chosen":"IRONCLAD","items_purchased":["Combust","Shockwave","Poison Potion"],"gold_per_floor":[112,128,128,144,29,29,62,26,51,51,64,16,46,60,60,159,159,176,186,186,202,202,231,231,241,241,241,258,275,304,323,323],"floor_reached":33,"campfire_rested":1,"playtime":3623,"current_hp_per_floor":[78,80,80,80,80,80,77,77,77,77,77,77,78,80,80,43,80,74,77,77,74,58,43,43,45,45,45,19,21,13,8,49],"items_purged":["Defend_R"],"gold":323,"play_id":"129f57f6-ec2a-4954-a3cc-ee132c44a403","is_prod":false,"is_daily":false,"is_ascension_mode":false,"campfire_upgraded":5,"path_taken":["M","M","?","M","$","R","E","?","T","R","M","?","E","M","R","BOSS","M","M","?","M","?","E","R","?","T","R","M","M","E","M","R","BOSS"],"build_version":"2018-02-01-PROD3","purchased_purges":1,"victory":false,"master_deck":["Strike_R+1","Strike_R+1","Strike_R+1","Strike_R+1","Strike_R+1","Defend_R+1","Defend_R+1","Defend_R+1","Bash+1","Shrug It Off","Armaments+1","Seeing Red","Combust","Dropkick","Shockwave","True Grit+1","Clothesline","Rage+1","Offering","Flex+1","Warcry+1","Heavy Blade","Pummel+1","Iron Wave+1","Iron Wave+1","Bludgeon","Spot Weakness"],"max_hp_per_floor":[80,80,80,80,80,80,80,80,80,80,80,80,80,80,80,80,80,80,80,80,80,80,87,87,87,87,87,87,87,87,87,87],"relics":["Burning Blood","Mercury Hourglass","Toolbox","Ancient Tea Set","Bag of Marbles","Sozu","Enchiridion","Strawberry","Regal Pillow","Smiling Mask"],"card_choices":[{"not_picked":["Reckless Charge","Cleave"],"picked":"Shrug It Off"},{"not_picked":["Pummel","Anger"],"picked":"Armaments"},{"not_picked":["Second Wind","Anger"],"picked":"Seeing Red"},{"not_picked":["Intimidate","Second Wind"],"picked":"Dropkick"},{"not_picked":["Sword Boomerang","Rampage"],"picked":"True Grit"},{"not_picked":["Sword Boomerang","True Grit"],"picked":"Clothesline"},{"not_picked":["Berserk","Anger"],"picked":"Rage"},{"not_picked":["Juggernaut","Bludgeon"],"picked":"Offering"},{"not_picked":["Twin Strike","Clothesline"],"picked":"Flex"},{"not_picked":["Cleave","Rampage"],"picked":"Warcry"},{"not_picked":["Perfected Strike","Bloodletting"],"picked":"Heavy Blade"},{"not_picked":["Rupture","Shrug It Off"],"picked":"Pummel"},{"not_picked":["Pommel Strike","Clothesline"],"picked":"Iron Wave"},{"not_picked":["Twin Strike","Pummel"],"picked":"Iron Wave"},{"not_picked":["Flame Barrier","Sword Boomerang"],"picked":"Bludgeon"},{"not_picked":["Twin Strike","Flame Barrier"],"picked":"Spot Weakness"}],"player_experience":43984,"potions_floor_usage":[],"damage_taken":[{"damage":8.0,"enemies":"Blue Slaver","floor":1.0,"turns":5.0},{"damage":4.0,"enemies":"Cultist","floor":2.0,"turns":4.0},{"damage":0.0,"enemies":"Small Slimes","floor":4.0,"turns":3.0},{"damage":16.0,"enemies":"3 Sentries","floor":7.0,"turns":5.0},{"damage":6.0,"enemies":"2 Fungi Beasts","floor":11.0,"turns":2.0},{"damage":11.0,"enemies":"Lagavulin","floor":13.0,"turns":6.0},{"damage":0.0,"enemies":"Exordium Wildlife","floor":14.0,"turns":3.0},{"damage":43.0,"enemies":"Hexaghost","floor":16.0,"turns":10.0},{"damage":12.0,"enemies":"2 Thieves","floor":18.0,"turns":4.0},{"damage":3.0,"enemies":"Chosen","floor":19.0,"turns":5.0},{"damage":9.0,"enemies":"Slaver and Parasite","floor":21.0,"turns":4.0},{"damage":28,"enemies":"Gremlin Leader","floor":23,"turns":5},{"damage":4,"enemies":"Snecko","floor":25,"turns":3},{"damage":32,"enemies":"Cultist and Chosen","floor":28,"turns":5},{"damage":4,"enemies":"Sentry and Sphere","floor":29,"turns":3},{"damage":14,"enemies":"Slavers","floor":30,"turns":3},{"damage":11,"enemies":"Snecko","floor":31,"turns":4},{"damage":54,"enemies":"Collector","floor":33,"turns":7}],"event_choices":[{"event_name":"Back to Basics","player_choice":"Simplicity","floor":20.0,"damage_taken":0.0},{"event_name":"Cursed Tome","player_choice":"Obtained Book","floor":22,"damage_taken":0}],"boss_relics":[],"potions_floor_spawned":[2,4,16,18,25,29,31],"seed_played":"-7980191996567048716","killed_by":"Collector","ascension_level":0,"is_trial":false}