{"path_per_floor":["M","M","?","$","?","M","M","?","T","R","M","T","M","M","R","B",null,"M","?","M","$","M","R","E","?","T","T","T","M","M","M","R"],"character_chosen":"IRONCLAD","items_purchased":["Dramatic Entrance","Molten Egg 2"],"gold_per_floor":[117,129,129,31,31,44,64,64,64,64,77,101,121,133,133,211,211,224,224,244,3,17,17,49,49,74,97,120,131,143,160,160,160],"floor_reached":33,"campfire_rested":1,"playtime":1187,"current_hp_per_floor":[55,54,54,54,59,65,65,49,49,49,44,51,49,51,51,35,74,62,46,52,52,39,65,43,72,72,72,72,66,34,21,21,0],"items_purged":[],"gold":160,"score":444,"play_id":"f5a45438-6f85-415e-b1f4-a091229c5250","local_time":"20180403233122","is_prod":false,"is_daily":false,"is_ascension_mode":true,"campfire_upgraded":3,"timestamp":1522812682,"path_taken":["M","M","?","?","?","?","M","?","T","R","M","?","M","M","R","BOSS","M","?","M","$","M","R","E","?","T","?","?","M","?","M","R","BOSS"],"build_version":"2018-03-29v2","purchased_purges":0,"victory":false,"master_deck":["Strike_R","Strike_R","Strike_R","Strike_R","Strike_R","Defend_R","Defend_R","Defend_R+1","Defend_R+1","Bash","AscendersBane","Flame Barrier","Infernal Blade+1","Dramatic Entrance+1","Juggernaut+1","Shrug It Off","Iron Wave","Armaments+1","Body Slam","Bludgeon","Body Slam","Thunderclap+1","Fiend Fire+1","Ghostly Armor+1","Sever Soul+1","Seeing Red"],"max_hp_per_floor":[75,75,75,75,80,80,80,80,80,80,80,87,87,87,87,87,87,87,87,87,87,87,87,87,87,87,87,87,87,87,87,87,87],"relics":["Burning Blood","Torii","Strawberry","Philosopher\u0027s Stone","Enchiridion","Molten Egg 2","Dream Catcher","Prayer Wheel","Art of War","Pen Nib"],"card_choices":[{"not_picked":["Entrench","Headbutt"],"picked":"Flame Barrier","floor":1},{"not_picked":["Headbutt","Wild Strike"],"picked":"Infernal Blade","floor":2},{"not_picked":["Havoc","Clothesline"],"picked":"Juggernaut","floor":6},{"not_picked":["Havoc","Warcry"],"picked":"Shrug It Off","floor":7},{"not_picked":["Heavy Blade","Twin Strike"],"picked":"Iron Wave","floor":11},{"not_picked":["Seeing Red","Clash"],"picked":"Armaments","floor":13},{"not_picked":["Dropkick","Headbutt"],"picked":"Body Slam","floor":14},{"not_picked":["Berserk","Fiend Fire"],"picked":"Bludgeon","floor":16},{"not_picked":["Warcry","Pummel"],"picked":"Body Slam","floor":18},{"not_picked":["Pommel Strike","Flex"],"picked":"Thunderclap","floor":20},{"not_picked":["Shrug It Off","Rampage"],"picked":"Fiend Fire","floor":27},{"not_picked":["Bloodletting","Pommel Strike"],"picked":"Ghostly Armor","floor":29},{"not_picked":["Bloodletting","Pummel"],"picked":"Sever Soul","floor":30},{"not_picked":["Searing Blow","Combust"],"picked":"Seeing Red","floor":31}],"player_experience":658361,"potions_floor_usage":[2,16,20,24,29],"damage_taken":[{"damage":19,"enemies":"Jaw Worm","floor":1,"turns":5},{"damage":7,"enemies":"Small Slimes","floor":2,"turns":3},{"damage":0,"enemies":"Cultist","floor":6,"turns":3},{"damage":6,"enemies":"3 Louse","floor":7,"turns":4},{"damage":11,"enemies":"Looter","floor":11,"turns":3},{"damage":8,"enemies":"Lots of Slimes","floor":13,"turns":3},{"damage":4,"enemies":"Red Slaver","floor":14,"turns":3},{"damage":22,"enemies":"Hexaghost","floor":16,"turns":10},{"damage":18,"enemies":"Shell Parasite","floor":18,"turns":6},{"damage":0,"enemies":"Spheric Guardian","floor":20,"turns":3},{"damage":19,"enemies":"Centurion and Healer","floor":22,"turns":4},{"damage":28,"enemies":"Slavers","floor":24,"turns":2},{"damage":12,"enemies":"Snecko","floor":29,"turns":4},{"damage":38,"enemies":"Cultist and Chosen","floor":30,"turns":6},{"damage":19,"enemies":"Snake Plant","floor":31,"turns":3},{"damage":39,"enemies":"Champ","floor":33,"turns":7}],"event_choices":[{"event_name":"Living Wall","player_choice":"Grow","floor":3,"damage_taken":0},{"event_name":"Big Fish","player_choice":"Donut","floor":5,"damage_taken":0},{"event_name":"Shining Light","player_choice":"Entered Light","floor":8,"damage_taken":0},{"event_name":"Cursed Tome","player_choice":"Obtained Book","floor":19,"damage_taken":0},{"event_name":"The Library","player_choice":"Heal","floor":25,"damage_taken":0}],"boss_relics":[{"not_picked":["Snecko Eye","Orrery"],"picked":"Philosopher\u0027s Stone"}],"potions_floor_spawned":[1,2,13,20,24,31],"seed_played":"-6866494574123658841","killed_by":"Champ","ascension_level":14,"is_trial":false}