{"gold_per_floor":[110,32,32,44,59,59,0,16,66,100,100,100,435,6,6,82,82,99,113,13,13,24,24,41,58,83,83,98,98,43,55,55,55],"floor_reached":33,"playtime":1227,"items_purged":["Strike_G","Strike_G"],"score":539,"play_id":"78c52874-8160-4393-96f3-876d7eec16bc","local_time":"20181121104015","is_ascension_mode":true,"campfire_choices":[{"data":"Footwork","floor":6.0,"key":"SMITH"},{"floor":11.0,"key":"REST"},{"data":"Noxious Fumes","floor":15.0,"key":"SMITH"},{"floor":23,"key":"REST"},{"floor":27,"key":"REST"},{"floor":29,"key":"REST"},{"data":"Malaise","floor":32,"key":"SMITH"}],"neow_cost":"TEN_PERCENT_HP_LOSS","seed_source_timestamp":0,"circlet_count":0,"master_deck":["AscendersBane","Defend_G","Defend_G","Defend_G","Defend_G","Defend_G","Strike_G","Strike_G","Strike_G","Survivor","Neutralize","Dagger Throw","Footwork+1","Noxious Fumes","Sucker Punch","Cloak And Dagger","Dodge and Roll","Dodge and Roll","Backstab","Noxious Fumes+1","Cloak And Dagger","Malaise+1","Dodge and Roll+1","Crippling Poison","Decay","Cloak And Dagger+1","Cloak And Dagger","Writhe","Footwork"],"special_seed":0,"relics":["Ring of the Snake","Peace Pipe","Centennial Puzzle","Lantern","Old Coin","Lee\u0027s Waffle","Cursed Key","War Paint"],"potions_floor_usage":[19,24,25,33,33],"damage_taken":[{"damage":4.0,"enemies":"2 Louse","floor":1.0,"turns":3.0},{"damage":0.0,"enemies":"Cultist","floor":4.0,"turns":4.0},{"damage":12.0,"enemies":"Jaw Worm","floor":5.0,"turns":5.0},{"damage":22.0,"enemies":"Exordium Thugs","floor":8.0,"turns":6.0},{"damage":13.0,"enemies":"3 Sentries","floor":10.0,"turns":9.0},{"damage":8.0,"enemies":"Lagavulin","floor":13.0,"turns":10.0},{"damage":20.0,"enemies":"The Guardian","floor":16.0,"turns":11.0},{"damage":44,"enemies":"Chosen","floor":18,"turns":6},{"damage":14,"enemies":"2 Thieves","floor":19,"turns":5},{"damage":1,"enemies":"Snecko","floor":22,"turns":7},{"damage":6,"enemies":"Snake Plant","floor":24,"turns":6},{"damage":9,"enemies":"3 Cultists","floor":25,"turns":6},{"damage":7,"enemies":"Snecko","floor":28,"turns":10},{"damage":2,"enemies":"Snake Plant","floor":31,"turns":7},{"damage":46,"enemies":"Champ","floor":33,"turns":19}],"seed_played":"-6126951942932657356","potions_obtained":[{"floor":8.0,"key":"EssenceOfSteel"},{"floor":13.0,"key":"FearPotion"},{"floor":24,"key":"Weak Potion"},{"floor":28,"key":"Explosive Potion"},{"floor":31,"key":"Dexterity Potion"}],"is_trial":false,"path_per_floor":["M","$","?","M","M","R","$","M","T","E","R","?","E","$","R","B",null,"M","M","$","?","M","R","M","M","T","R","M","R","$","M","R","B"],"character_chosen":"THE_SILENT","items_purchased":["Footwork","Cloak And Dagger","Noxious Fumes","Cloak And Dagger","Lee\u0027s Waffle","PowerPotion"],"campfire_rested":4,"item_purchase_floors":[2,7,14,14,14,30],"current_hp_per_floor":[55,55,60,60,48,48,48,26,26,13,31,31,23,67,67,47,62,18,4,4,4,3,23,17,8,8,28,21,41,41,39,39,0],"gold":55,"neow_bonus":"ONE_RARE_RELIC","is_prod":false,"is_daily":false,"chose_seed":false,"campfire_upgraded":3,"win_rate":0,"timestamp":1542822015,"path_taken":["M","$","?","M","?","R","$","M","T","E","R","?","E","?","R","BOSS","M","M","$","?","M","R","M","M","T","R","M","R","$","M","R","BOSS"],"build_version":"2018-11-15","purchased_purges":2,"victory":false,"max_hp_per_floor":[60,60,60,60,60,60,60,60,60,60,60,60,60,67,67,67,67,67,67,67,67,67,67,67,67,67,67,67,67,67,67,67,67],"card_choices":[{"not_picked":["Dodge and Roll","Deflect"],"picked":"Dagger Throw","floor":1.0},{"not_picked":["Dodge and Roll","Bane"],"picked":"Noxious Fumes","floor":4.0},{"not_picked":["Dagger Throw","PiercingWail"],"picked":"Sucker Punch","floor":5.0},{"not_picked":["Skewer","Accuracy"],"picked":"Dodge and Roll","floor":8.0},{"not_picked":["Noxious Fumes","Dagger Throw"],"picked":"Dodge and Roll","floor":10.0},{"not_picked":["Deadly Poison","Sucker Punch"],"picked":"Backstab","floor":13.0},{"not_picked":["Die Die Die","Night Terror"],"picked":"Malaise","floor":16.0},{"not_picked":["Acrobatics","PiercingWail"],"picked":"Dodge and Roll","floor":18},{"not_picked":["Tactician","Crippling Poison","Flying Knee+1"],"picked":"SKIP","floor":19},{"not_picked":["Tactician","Flying Knee+1"],"picked":"Crippling Poison","floor":19},{"not_picked":["Dagger Spray","Burst","Poisoned Stab"],"picked":"SKIP","floor":22},{"not_picked":["Poisoned Stab","Bane"],"picked":"Cloak And Dagger","floor":24},{"not_picked":["PiercingWail","Backflip"],"picked":"Cloak And Dagger","floor":25},{"not_picked":["Leg Sweep","Deflect"],"picked":"Footwork","floor":28},{"not_picked":["A Thousand Cuts","Riddle With Holes","Sucker Punch"],"picked":"SKIP","floor":31}],"player_experience":967434,"relics_obtained":[{"floor":9.0,"key":"Centennial Puzzle"},{"floor":10.0,"key":"Lantern"},{"floor":13.0,"key":"Old Coin"},{"floor":26,"key":"War Paint"}],"event_choices":[{"damage_healed":5.0,"max_hp_gain":0.0,"max_hp_loss":0.0,"gold_gain":0.0,"event_name":"Wheel of Change","player_choice":"Full Heal","floor":3.0,"gold_loss":0.0,"damage_taken":0.0},{"damage_healed":0.0,"max_hp_gain":0.0,"max_hp_loss":0.0,"gold_gain":0.0,"event_name":"Scrap Ooze","player_choice":"Fled","floor":12.0,"gold_loss":0.0,"damage_taken":0.0},{"damage_healed":0,"gold_gain":0,"player_choice":"Smashed Altar","damage_taken":0,"max_hp_gain":0,"max_hp_loss":0,"event_name":"Forgotten Altar","floor":21,"gold_loss":0,"cards_obtained":["Decay"]}],"is_beta":true,"boss_relics":[{"not_picked":["Snecko Eye","Calling Bell"],"picked":"Cursed Key"}],"items_purged_floors":[14,20],"is_endless":false,"potions_floor_spawned":[8,13,24,28,31],"killed_by":"Champ","ascension_level":20}