{"gold_per_floor":[112,37,49,67,67,67,79,4,4,4,16,46,46,81,81,154,154,165,265,278,50,68,68,97,114,137,137,149,176,176,202,202,202,202,214,214,214,233,253,253,282,282,308,338,338,338,369,382,382,382,382,382,17,49,49],"floor_reached":56,"playtime":2893,"items_purged":["Strike_B","Hello World+1"],"score":2302,"play_id":"8773875e-c410-4ac9-a9b4-7ada711350a1","local_time":"20190317234441","is_ascension_mode":true,"campfire_choices":[{"data":"Hello World","floor":6.0,"key":"SMITH"},{"data":"Defragment","floor":10.0,"key":"SMITH"},{"floor":15.0,"key":"REST"},{"floor":23.0,"key":"REST"},{"data":"Buffer","floor":27.0,"key":"SMITH"},{"data":"Echo Form","floor":32.0,"key":"SMITH"},{"floor":40,"key":"RECALL"},{"data":"Blizzard","floor":42,"key":"SMITH"},{"data":"Coolheaded","floor":45,"key":"SMITH"},{"data":"Storm","floor":49,"key":"SMITH"},{"data":"Coolheaded","floor":52,"key":"SMITH"}],"neow_cost":"NONE","seed_source_timestamp":388431753392758,"circlet_count":0,"master_deck":["AscendersBane","Streamline","Defragment+1","Echo Form+1","Creative AI","Self Repair+1","Streamline+1","Reinforced Body+1","Self Repair","Coolheaded+1","Force Field+1","Buffer+1","Core Surge","Cold Snap","Consume","Undo","Coolheaded+1","Blizzard+1","Storm+1","Coolheaded+1","Chaos+1"],"special_seed":0,"relics":["Snecko Eye","Gremlin Horn","Mummified Hand","Omamori","Astrolabe","Gambling Chip","Bottled Flame","Vajra","DataDisk","StoneCalendar","Pandora\u0027s Box","Centennial Puzzle","Strawberry","Lantern","Toxic Egg 2","Medical Kit","Thread and Needle"],"potions_floor_usage":[54,55],"damage_taken":[{"damage":0.0,"enemies":"2 Louse","floor":1.0,"turns":3.0},{"damage":7.0,"enemies":"Jaw Worm","floor":3.0,"turns":3.0},{"damage":0.0,"enemies":"Cultist","floor":4.0,"turns":3.0},{"damage":10.0,"enemies":"Exordium Wildlife","floor":7.0,"turns":4.0},{"damage":12.0,"enemies":"Exordium Thugs","floor":11.0,"turns":4.0},{"damage":0.0,"enemies":"Lagavulin","floor":12.0,"turns":6.0},{"damage":18.0,"enemies":"Gremlin Nob","floor":14.0,"turns":4.0},{"damage":0.0,"enemies":"The Guardian","floor":16.0,"turns":9.0},{"damage":10.0,"enemies":"3 Byrds","floor":18.0,"turns":8.0},{"damage":22.0,"enemies":"Colosseum Slavers","floor":19.0,"turns":4.0},{"damage":40.0,"enemies":"Colosseum Nobs","floor":19.0,"turns":5.0},{"damage":18.0,"enemies":"Spheric Guardian","floor":20.0,"turns":6.0},{"damage":9.0,"enemies":"Snecko","floor":22.0,"turns":4.0},{"damage":0.0,"enemies":"Book of Stabbing","floor":24.0,"turns":4.0},{"damage":0.0,"enemies":"Centurion and Healer","floor":25.0,"turns":6.0},{"damage":0.0,"enemies":"Cultist and Chosen","floor":28.0,"turns":5.0},{"damage":0.0,"enemies":"Slavers","floor":29.0,"turns":8.0},{"damage":0.0,"enemies":"Automaton","floor":33.0,"turns":7.0},{"damage":10,"enemies":"3 Darklings","floor":35,"turns":3},{"damage":0,"enemies":"Orb Walker","floor":38,"turns":5},{"damage":0,"enemies":"Jaw Worm Horde","floor":39,"turns":6},{"damage":1,"enemies":"Giant Head","floor":41,"turns":13},{"damage":13,"enemies":"Reptomancer","floor":44,"turns":7},{"damage":0,"enemies":"Giant Head","floor":47,"turns":8},{"damage":0,"enemies":"Spire Growth","floor":48,"turns":4},{"damage":10,"enemies":"Awakened One","floor":50,"turns":10},{"damage":20,"enemies":"Shield and Spear","floor":54,"turns":4},{"damage":15,"enemies":"The Heart","floor":55,"turns":7}],"seed_played":"-4917172654206336750","potions_obtained":[{"floor":3.0,"key":"Block Potion"},{"floor":11.0,"key":"SkillPotion"},{"floor":14.0,"key":"AttackPotion"},{"floor":18.0,"key":"Strength Potion"},{"floor":29.0,"key":"Dexterity Potion"}],"is_trial":false,"path_per_floor":["M","$","M","M","?","R","M","?","T","R","M","E","?","E","R","B",null,"M","?","M","$","M","R","E","M","T","R","M","E","?","T","R","B",null,"M","?","?","M","M","R","E","R","T","E","R","?","E","M","R","B",null,"R","$","E","B",null],"character_chosen":"DEFECT","items_purchased":["Coolheaded","PowerPotion","Block Potion","Force Field","Medical Kit","Chaos+1"],"campfire_rested":2,"item_purchase_floors":[21,21,21,21,53,53],"current_hp_per_floor":[64,64,57,57,50,50,40,40,40,40,28,28,28,10,31,31,61,61,19,18,18,26,47,64,71,71,71,71,71,71,71,71,71,71,71,67,67,67,67,67,67,67,74,74,74,74,74,74,74,74,74,74,74,71,73],"gold":49,"neow_bonus":"BOSS_RELIC","is_prod":false,"is_daily":false,"chose_seed":false,"campfire_upgraded":8,"win_rate":0,"timestamp":1552880681,"path_taken":["M","$","M","M","?","R","M","?","T","R","M","E","?","E","R","BOSS","M","?","M","$","M","R","E","M","T","R","M","E","?","?","R","BOSS","M","?","?","M","?","R","E","R","T","E","R","?","E","M","R","BOSS","R","$","E","BOSS"],"build_version":"2019-03-15","purchased_purges":2,"victory":true,"max_hp_per_floor":[71,71,71,71,71,71,71,71,71,71,71,71,71,71,71,71,71,71,71,71,71,71,71,71,71,71,71,71,71,71,71,71,71,71,71,67,67,67,67,67,67,67,74,74,74,74,74,74,74,74,74,74,74,74,74],"card_choices":[{"not_picked":["Redo","Rebound"],"picked":"Streamline","floor":1.0},{"not_picked":["Capacitor","Stack"],"picked":"Defragment","floor":3.0},{"not_picked":["Barrage","Steam"],"picked":"Hello World","floor":4.0},{"not_picked":["Melter","Recycle"],"picked":"Echo Form","floor":7.0},{"not_picked":["Redo","Static Discharge","Auto Shields"],"picked":"SKIP","floor":11.0},{"not_picked":["BootSequence","Rebound","Leap"],"picked":"SKIP","floor":12.0},{"not_picked":["Beam Cell","Streamline","Sweeping Beam"],"picked":"SKIP","floor":14.0},{"not_picked":["Hyperbeam","Meteor Strike"],"picked":"Creative AI","floor":16.0},{"not_picked":["Tempest","Stack","Redo"],"picked":"SKIP","floor":18.0},{"not_picked":["Rebound","Go for the Eyes"],"picked":"Self Repair","floor":19.0},{"not_picked":["Beam Cell","Barrage","Double Energy"],"picked":"SKIP","floor":20.0},{"not_picked":["Defragment","Chaos","Redo"],"picked":"SKIP","floor":22.0},{"not_picked":["Rebound","Leap"],"picked":"Buffer","floor":24.0},{"not_picked":["Redo","Reprogram","White Noise"],"picked":"SKIP","floor":25.0},{"not_picked":["Barrage","Chill"],"picked":"Core Surge","floor":28.0},{"not_picked":["Beam Cell","Cold Snap","Barrage"],"picked":"SKIP","floor":29.0},{"not_picked":["Steam","White Noise"],"picked":"Coolheaded","floor":35},{"not_picked":["Sweeping Beam+1","Rebound","Redo"],"picked":"SKIP","floor":38},{"not_picked":["Chill","Stack+1"],"picked":"Blizzard","floor":39},{"not_picked":["Fission","Loop","Redo"],"picked":"SKIP","floor":41},{"not_picked":["Compile Driver","Coolheaded","Self Repair"],"picked":"SKIP","floor":44},{"not_picked":["Turbo","Rip and Tear"],"picked":"Storm","floor":47},{"not_picked":["Conserve Battery+1","Undo+1"],"picked":"Coolheaded+1","floor":48},{"not_picked":["Leap+1","Steam+1","Sweeping Beam"],"picked":"SKIP","floor":54}],"player_experience":2220017,"relics_obtained":[{"floor":9.0,"key":"Gremlin Horn"},{"floor":12.0,"key":"Mummified Hand"},{"floor":14.0,"key":"Omamori"},{"floor":19.0,"key":"Gambling Chip"},{"floor":19.0,"key":"Bottled Flame"},{"floor":24.0,"key":"Vajra"},{"floor":26.0,"key":"DataDisk"},{"floor":29.0,"key":"StoneCalendar"},{"floor":41,"key":"Centennial Puzzle"},{"floor":43,"key":"Strawberry"},{"floor":44,"key":"Lantern"},{"floor":47,"key":"Toxic Egg 2"},{"floor":54,"key":"Thread and Needle"}],"event_choices":[{"cards_removed":["Strike_B"],"damage_healed":0.0,"max_hp_gain":0.0,"max_hp_loss":0.0,"gold_gain":0.0,"event_name":"Golden Wing","player_choice":"Card Removal","floor":5.0,"gold_loss":0.0,"damage_taken":7.0},{"cards_removed":["Strike_B"],"damage_healed":0.0,"max_hp_gain":0.0,"max_hp_loss":0.0,"gold_gain":0.0,"event_name":"The Cleric","player_choice":"Card Removal","floor":8.0,"gold_loss":75.0,"damage_taken":0.0},{"cards_removed":["Strike_B"],"damage_healed":0.0,"max_hp_gain":0.0,"max_hp_loss":0.0,"gold_gain":0.0,"event_name":"Living Wall","player_choice":"Forget","floor":13.0,"gold_loss":0.0,"damage_taken":0.0},{"damage_healed":0.0,"max_hp_gain":0.0,"max_hp_loss":0.0,"gold_gain":0.0,"event_name":"Colosseum","player_choice":"Fight","floor":19.0,"gold_loss":0.0,"damage_taken":0.0},{"damage_healed":0.0,"max_hp_gain":0.0,"max_hp_loss":0.0,"gold_gain":0.0,"event_name":"Colosseum","player_choice":"Fought Nobs","floor":19.0,"gold_loss":0.0,"damage_taken":0.0},{"damage_healed":0.0,"max_hp_gain":0.0,"max_hp_loss":0.0,"gold_gain":0.0,"event_name":"Ghosts","player_choice":"Ignored","floor":30.0,"gold_loss":0.0,"damage_taken":0.0},{"damage_healed":0,"gold_gain":0,"player_choice":"Max HP","damage_taken":0,"max_hp_gain":0,"max_hp_loss":4,"event_name":"Winding Halls","floor":36,"gold_loss":0},{"damage_healed":0,"gold_gain":0,"player_choice":"Got Potions","damage_taken":0,"max_hp_gain":0,"max_hp_loss":0,"event_name":"Lab","floor":37,"gold_loss":0},{"damage_healed":0,"gold_gain":0,"player_choice":"Upgraded","damage_taken":0,"max_hp_gain":0,"max_hp_loss":0,"event_name":"Upgrade Shrine","floor":46,"gold_loss":0,"cards_upgraded":["Force Field"]}],"is_beta":true,"boss_relics":[{"not_picked":["Tiny House","Cursed Key"],"picked":"Astrolabe"},{"not_picked":["Busted Crown","Velvet Choker"],"picked":"Pandora\u0027s Box"}],"items_purged_floors":[2,53],"is_endless":false,"potions_floor_spawned":[3,11,14,16,18,22,29,33,38,44,47,48],"ascension_level":15}