{"gold_per_floor":[119,119,135,32,50,50,84,84,84,94,94,107,170,170,170,244,244,259,259,259,277,45,45,45],"floor_reached":24,"playtime":695,"items_purged":[],"score":408,"play_id":"942b801f-7417-4d94-aa61-379b34c39ff0","local_time":"20190216150112","is_ascension_mode":true,"campfire_choices":[{"data":"Bash","floor":6.0,"key":"SMITH"},{"data":"True Grit","floor":8.0,"key":"SMITH"},{"data":"Rampage","floor":11.0,"key":"SMITH"},{"floor":15,"key":"REST"},{"floor":23,"key":"REST"}],"neow_cost":"NONE","seed_source_timestamp":102095964803021,"circlet_count":0,"master_deck":["AscendersBane","Strike_R","Strike_R","Strike_R","Strike_R","Strike_R","Defend_R","Defend_R+1","Defend_R","Defend_R","Bash+1","Iron Wave","Shrug It Off","True Grit+1","Rampage+1","Clothesline+1","Shrug It Off","Feed","Demon Form","True Grit+1","Inflame","Corruption","Immolate"],"special_seed":0,"relics":["Burning Blood","NeowsBlessing","Orichalcum","Self Forming Clay","Tiny Chest","Cursed Key"],"potions_floor_usage":[13,13,24],"damage_taken":[{"damage":0.0,"enemies":"Small Slimes","floor":1.0,"turns":1.0},{"damage":0.0,"enemies":"2 Louse","floor":3.0,"turns":1.0},{"damage":0.0,"enemies":"Cultist","floor":5.0,"turns":1.0},{"damage":27.0,"enemies":"Gremlin Nob","floor":7.0,"turns":4.0},{"damage":21.0,"enemies":"Large Slime","floor":10.0,"turns":8.0},{"damage":13.0,"enemies":"Gremlin Gang","floor":12.0,"turns":6.0},{"damage":16,"enemies":"Lagavulin","floor":13,"turns":6},{"damage":35,"enemies":"The Guardian","floor":16,"turns":16},{"damage":6,"enemies":"Chosen","floor":18,"turns":5},{"damage":43,"enemies":"Colosseum Slavers","floor":19,"turns":12},{"damage":28,"enemies":"Spheric Guardian","floor":21,"turns":7},{"damage":39,"enemies":"Slavers","floor":24,"turns":4}],"seed_played":"-2301964716411375131","potions_obtained":[{"floor":1.0,"key":"Regen Potion"},{"floor":5.0,"key":"FearPotion"},{"floor":7.0,"key":"AttackPotion"},{"floor":13,"key":"Dexterity Potion"},{"floor":18,"key":"PowerPotion"}],"is_trial":false,"path_per_floor":["M","?","M","$","M","R","E","R","T","M","R","M","E","?","R","B",null,"M","?","?","M","$","R","E"],"character_chosen":"IRONCLAD","items_purchased":["True Grit","Rampage","Corruption","Immolate"],"campfire_rested":2,"item_purchase_floors":[4,4,22,22],"current_hp_per_floor":[74,79,80,80,80,80,59,59,59,44,44,37,41,17,41,12,63,66,32,32,13,13,39,0],"gold":45,"neow_bonus":"THREE_ENEMY_KILL","is_prod":false,"is_daily":false,"chose_seed":false,"campfire_upgraded":3,"win_rate":0,"timestamp":1550354472,"path_taken":["M","?","M","$","M","R","E","R","T","M","R","M","E","?","R","BOSS","M","?","?","M","$","R","E"],"build_version":"2019-02-06","purchased_purges":0,"victory":false,"max_hp_per_floor":[75,80,80,80,80,80,80,80,80,80,80,80,80,80,80,80,80,83,86,86,89,89,89,89],"card_choices":[{"not_picked":["Combust","Evolve"],"picked":"Iron Wave","floor":1.0},{"not_picked":["Warcry","Double Tap"],"picked":"Shrug It Off","floor":3.0},{"not_picked":["Combust","Burning Pact","Heavy Blade"],"picked":"SKIP","floor":5.0},{"not_picked":["Brutality","Wild Strike","Sever Soul"],"picked":"SKIP","floor":7.0},{"not_picked":["Dropkick","Pommel Strike"],"picked":"Clothesline","floor":10.0},{"not_picked":["True Grit","Heavy Blade"],"picked":"Shrug It Off","floor":12.0},{"not_picked":["Combust","Pummel"],"picked":"Feed","floor":13},{"not_picked":["Dark Embrace","Barricade"],"picked":"Demon Form","floor":16},{"not_picked":["Flame Barrier","Flex"],"picked":"True Grit+1","floor":18},{"not_picked":["Clothesline","Iron Wave"],"picked":"Inflame","floor":21}],"player_experience":1098045,"relics_obtained":[{"floor":7.0,"key":"Orichalcum"},{"floor":9.0,"key":"Self Forming Clay"},{"floor":13,"key":"Tiny Chest"}],"event_choices":[{"damage_healed":0.0,"max_hp_gain":5.0,"max_hp_loss":0.0,"gold_gain":0.0,"event_name":"Big Fish","player_choice":"Donut","floor":2.0,"gold_loss":0.0,"damage_taken":0.0},{"damage_healed":0,"gold_gain":0,"player_choice":"Entered Light","damage_taken":24,"max_hp_gain":0,"max_hp_loss":0,"event_name":"Shining Light","floor":14,"gold_loss":0,"cards_upgraded":["Clothesline","Defend_R"]},{"damage_healed":0,"gold_gain":0,"player_choice":"Fight","damage_taken":0,"max_hp_gain":0,"max_hp_loss":0,"event_name":"Colosseum","floor":19,"gold_loss":0},{"damage_healed":0,"gold_gain":0,"player_choice":"Fled From Nobs","damage_taken":0,"max_hp_gain":0,"max_hp_loss":0,"event_name":"Colosseum","floor":19,"gold_loss":0},{"damage_healed":0,"gold_gain":0,"player_choice":"Ignored","damage_taken":0,"max_hp_gain":0,"max_hp_loss":0,"event_name":"N\u0027loth","floor":20,"gold_loss":0}],"is_beta":true,"boss_relics":[{"not_picked":["Orrery","Velvet Choker"],"picked":"Cursed Key"}],"items_purged_floors":[],"is_endless":false,"potions_floor_spawned":[1,5,7,10,13,18],"killed_by":"Slavers","ascension_level":20}