{"gold_per_floor":[117,135,146,12,31,63,63,92,92,92,105,105,105,125,125,223,223,243,243,243,256,267,267,293,293,318,318,23,35,1,34,34,133,183,197,209,209,229,17,36,63,63,63,63,92,92],"floor_reached":46,"playtime":5369,"items_purged":[],"score":661,"play_id":"a67905dd-9a74-4ce4-af57-6088af568b8b","local_time":"20190430013205","is_ascension_mode":true,"campfire_choices":[{"floor":7.0,"key":"RECALL"},{"data":"Dualcast","floor":10.0,"key":"SMITH"},{"floor":13.0,"key":"REST"},{"data":"Sunder","floor":15.0,"key":"SMITH"},{"data":"Writhe","floor":23,"key":"PURGE"},{"data":"Echo Form","floor":25,"key":"SMITH"},{"floor":27,"key":"REST"},{"floor":32,"key":"REST"},{"floor":42,"key":"REST"},{"floor":44,"key":"REST"}],"neow_cost":"NONE","seed_source_timestamp":0,"circlet_count":0,"master_deck":["Strike_B+1","Strike_B+1","Strike_B+1","Strike_B+1","Defend_B+1","Defend_B+1","Defend_B+1","Defend_B+1","Zap","Dualcast+1","BootSequence","Hologram","Leap+1","Cold Snap","Sunder+1","Seek","Electrodynamics","Conserve Battery","Doom and Gloom","Biased Cognition","Chill","Coolheaded","Streamline+1","Echo Form+1","Loop","Steam+1","Consume","Rebound","Machine Learning","FTL","Go for the Eyes+1","Sweeping Beam+1","Hello World+1","Steam Power","Coolheaded+1","Heatsinks+1","Ball Lightning+1"],"special_seed":0,"relics":["Cracked Core","Bronze Scales","Smiling Mask","Darkstone Periapt","Inserter","Peace Pipe","PreservedInsect","Oddly Smooth Stone","Membership Card","Bag of Marbles","Tiny House","Toy Ornithopter","Juzu Bracelet","Mummified Hand","Blue Candle","Shovel"],"potions_floor_usage":[24,24,24,31,33,35,41],"damage_taken":[{"damage":1.0,"enemies":"Cultist","floor":1.0,"turns":3.0},{"damage":4.0,"enemies":"Jaw Worm","floor":2.0,"turns":3.0},{"damage":0.0,"enemies":"Small Slimes","floor":3.0,"turns":3.0},{"damage":1.0,"enemies":"Exordium Wildlife","floor":5.0,"turns":3.0},{"damage":8.0,"enemies":"3 Sentries","floor":6.0,"turns":6.0},{"damage":12.0,"enemies":"Gremlin Nob","floor":8.0,"turns":4.0},{"damage":0.0,"enemies":"Lots of Slimes","floor":11.0,"turns":3.0},{"damage":0.0,"enemies":"2 Fungi Beasts","floor":14.0,"turns":2.0},{"damage":0.0,"enemies":"Slime Boss","floor":16.0,"turns":7.0},{"damage":7,"enemies":"2 Thieves","floor":18,"turns":2},{"damage":16,"enemies":"Spheric Guardian","floor":21,"turns":4},{"damage":12,"enemies":"Shelled Parasite and Fungi","floor":22,"turns":8},{"damage":4,"enemies":"Slavers","floor":24,"turns":6},{"damage":13,"enemies":"Snake Plant","floor":29,"turns":4},{"damage":33,"enemies":"Book of Stabbing","floor":31,"turns":5},{"damage":9,"enemies":"Collector","floor":33,"turns":11},{"damage":0,"enemies":"3 Darklings","floor":35,"turns":3},{"damage":5,"enemies":"Orb Walker","floor":36,"turns":5},{"damage":9,"enemies":"Sphere and 2 Shapes","floor":38,"turns":5},{"damage":23,"enemies":"4 Shapes","floor":40,"turns":5},{"damage":20,"enemies":"Reptomancer","floor":41,"turns":7},{"damage":17,"enemies":"Giant Head","floor":45,"turns":10},{"damage":67,"enemies":"Transient","floor":46,"turns":5}],"seed_played":"-7805213070179618129","potions_obtained":[{"floor":2.0,"key":"FocusPotion"},{"floor":5.0,"key":"Explosive Potion"},{"floor":6.0,"key":"Dexterity Potion"},{"floor":14.0,"key":"PowerPotion"},{"floor":16.0,"key":"FearPotion"},{"floor":22,"key":"FocusPotion"},{"floor":34,"key":"Explosive Potion"},{"floor":36,"key":"Strength Potion"}],"is_trial":false,"path_per_floor":["M","M","M","$","M","E","R","E","T","R","M","?","R","M","R","B",null,"M","?","?","M","M","R","E","R","T","R","$","M","$","E","R","B",null,"M","M","?","M","$","M","E","R","T","R","E","M"],"character_chosen":"DEFECT","items_purchased":["Sunder","Block Potion","Energy Potion","Loop","Membership Card","FearPotion","LiquidBronze","Consume","Toy Ornithopter","Steam Power","Juzu Bracelet"],"campfire_rested":5,"item_purchase_floors":[4,4,4,28,28,28,28,30,39,39,39],"current_hp_per_floor":[74,70,70,70,69,61,61,49,49,49,49,31,53,53,53,53,75,68,74,74,58,46,46,42,42,42,66,66,53,53,20,44,35,86,86,81,81,72,72,49,34,58,58,82,65,0],"gold":92,"neow_bonus":"THREE_CARDS","is_prod":false,"is_daily":false,"chose_seed":false,"campfire_upgraded":3,"win_rate":0,"timestamp":1556580725,"path_taken":["M","?","M","$","M","E","R","E","T","R","M","?","R","M","R","BOSS","M","?","?","M","M","R","E","R","T","R","?","M","$","E","R","BOSS","M","M","?","M","$","M","E","R","T","R","E","M"],"build_version":"2019-01-23","purchased_purges":0,"victory":false,"max_hp_per_floor":[75,75,75,75,75,75,75,75,75,75,75,75,75,75,75,75,75,75,81,81,81,81,81,81,81,81,81,81,81,81,81,81,81,86,86,86,82,82,82,82,82,82,82,82,82,82],"card_choices":[{"not_picked":["Go for the Eyes","Rebound"],"picked":"BootSequence","floor":0.0},{"not_picked":["Streamline","Beam Cell"],"picked":"Hologram","floor":1.0},{"not_picked":["Redo","Reprogram"],"picked":"Leap","floor":2.0},{"not_picked":["Coolheaded","Compile Driver"],"picked":"Cold Snap","floor":3.0},{"not_picked":["Stack","Turbo","Redo"],"picked":"SKIP","floor":5.0},{"not_picked":["Tempest","Static Discharge"],"picked":"Seek","floor":6.0},{"not_picked":["Turbo","Sweeping Beam"],"picked":"Electrodynamics","floor":8.0},{"not_picked":["Stack","Tempest"],"picked":"Conserve Battery","floor":11.0},{"not_picked":["BootSequence","Sweeping Beam"],"picked":"Doom and Gloom","floor":14.0},{"not_picked":["Electrodynamics","Fission"],"picked":"Biased Cognition","floor":16.0},{"not_picked":["Sunder+1","Force Field"],"picked":"Chill","floor":18},{"not_picked":["Compile Driver","Stack+1"],"picked":"Coolheaded","floor":21},{"not_picked":["Conserve Battery","Turbo"],"picked":"Streamline+1","floor":22},{"not_picked":["Double Energy","Rebound+1"],"picked":"Echo Form","floor":24},{"not_picked":["Redo","Rebound"],"picked":"Steam+1","floor":29},{"not_picked":["Beam Cell","Scrape"],"picked":"Rebound","floor":31},{"not_picked":["Hyperbeam","Biased Cognition"],"picked":"Machine Learning","floor":33},{"not_picked":["Rip and Tear+1","Recycle+1"],"picked":"FTL","floor":34},{"not_picked":["Scrape+1","Self Repair"],"picked":"Go for the Eyes+1","floor":35},{"not_picked":["Coolheaded+1","Hologram+1"],"picked":"Sweeping Beam+1","floor":36},{"not_picked":["Stack","Scrape+1"],"picked":"Hello World+1","floor":38},{"not_picked":["Hologram+1","Sweeping Beam"],"picked":"Coolheaded+1","floor":40},{"not_picked":["Go for the Eyes+1","Tempest"],"picked":"Heatsinks+1","floor":41},{"not_picked":["FTL","Electrodynamics"],"picked":"Ball Lightning+1","floor":45}],"player_experience":208578,"relics_obtained":[{"floor":6.0,"key":"Bronze Scales"},{"floor":8.0,"key":"Smiling Mask"},{"floor":24,"key":"PreservedInsect"},{"floor":26,"key":"Oddly Smooth Stone"},{"floor":31,"key":"Bag of Marbles"},{"floor":41,"key":"Mummified Hand"},{"floor":43,"key":"Blue Candle"},{"floor":45,"key":"Shovel"}],"event_choices":[{"damage_healed":0.0,"max_hp_gain":0.0,"max_hp_loss":0.0,"gold_gain":0.0,"event_name":"Scrap Ooze","player_choice":"Success","floor":12.0,"gold_loss":0.0,"damage_taken":18.0,"relics_obtained":["Darkstone Periapt"]},{"damage_healed":0,"gold_gain":0,"player_choice":"Opened","damage_taken":0,"relics_obtained":["Peace Pipe"],"max_hp_gain":0,"max_hp_loss":0,"event_name":"The Mausoleum","floor":19,"gold_loss":0,"cards_obtained":["Writhe"]},{"damage_healed":0,"gold_gain":0,"player_choice":"Simplicity","damage_taken":0,"max_hp_gain":0,"max_hp_loss":0,"event_name":"Back to Basics","floor":20,"gold_loss":0,"cards_upgraded":["Strike_B","Strike_B","Strike_B","Strike_B","Defend_B","Defend_B","Defend_B","Defend_B"]},{"damage_healed":0,"gold_gain":0,"player_choice":"Max HP","damage_taken":0,"max_hp_gain":0,"max_hp_loss":4,"event_name":"Winding Halls","floor":37,"gold_loss":0}],"is_beta":false,"boss_relics":[{"not_picked":["Calling Bell","Fusion Hammer"],"picked":"Inserter"},{"not_picked":["Empty Cage","Cursed Key"],"picked":"Tiny House"}],"items_purged_floors":[],"is_endless":false,"potions_floor_spawned":[2,5,6,14,16,22,36],"killed_by":"Transient","ascension_level":2}