{"gold_per_floor":[18,35,50,61,80,80,109,109,158,15,29,57,71,91,91,166,166,181,201,201,221,10,10,35,35,107,107,29,29,54,54,54,131,131,150,170,170,181,48,76,76,0,51,76,87,87,97,109,109,109,109,109,109,0,33,33],"floor_reached":56,"playtime":3130,"items_purged":["Anger"],"score":1918,"play_id":"c349546f-c14d-4996-9e75-1e57f46d84a9","local_time":"20190507094224","is_ascension_mode":true,"campfire_choices":[{"data":"Perfected Strike","floor":6.0,"key":"SMITH"},{"data":"Perfected Strike","floor":8.0,"key":"SMITH"},{"data":"Inflame","floor":15.0,"key":"SMITH"},{"data":"Flame Barrier","floor":23.0,"key":"SMITH"},{"data":"Bash","floor":25.0,"key":"SMITH"},{"data":"Clothesline","floor":27.0,"key":"SMITH"},{"data":"Uppercut","floor":29.0,"key":"SMITH"},{"data":"Demon Form","floor":32.0,"key":"SMITH"},{"floor":41.0,"key":"RECALL"},{"floor":49,"key":"REST"},{"floor":53,"key":"REST"}],"neow_cost":"NO_GOLD","seed_source_timestamp":0,"circlet_count":0,"master_deck":["AscendersBane","Strike_R","Strike_R","Strike_R","Strike_R","Strike_R","Defend_R","Defend_R","Defend_R","Defend_R","Bash+1","Shrug It Off","Perfected Strike+1","Pommel Strike","Shrug It Off","Perfected Strike+1","Inflame+1","Clothesline+1","Twin Strike","Demon Form+1","Flame Barrier+1","Warcry+1","Battle Trance+1","Burning Pact+1","Uppercut+1","Double Tap","Shrug It Off","Corruption","Heavy Blade+1","Second Wind+1","Body Slam+1","Armaments"],"special_seed":0,"relics":["Burning Blood","Ornamental Fan","Oddly Smooth Stone","Blue Candle","Velvet Choker","Membership Card","Juzu Bracelet","Kunai","Bag of Preparation","Snecko Eye","Tiny Chest","Calipers","Red Mask","Omamori","ClockworkSouvenir","Vajra"],"potions_floor_usage":[50,56],"damage_taken":[{"damage":7.0,"enemies":"Cultist","floor":1.0,"turns":4.0},{"damage":4.0,"enemies":"2 Louse","floor":2.0,"turns":4.0},{"damage":6.0,"enemies":"Small Slimes","floor":3.0,"turns":4.0},{"damage":11.0,"enemies":"Looter","floor":4.0,"turns":2.0},{"damage":11.0,"enemies":"2 Fungi Beasts","floor":5.0,"turns":3.0},{"damage":8.0,"enemies":"Gremlin Nob","floor":7.0,"turns":3.0},{"damage":2.0,"enemies":"Exordium Thugs","floor":11.0,"turns":3.0},{"damage":14.0,"enemies":"3 Sentries","floor":12.0,"turns":5.0},{"damage":7.0,"enemies":"Blue Slaver","floor":13.0,"turns":3.0},{"damage":5.0,"enemies":"Looter","floor":14.0,"turns":2.0},{"damage":12.0,"enemies":"Slime Boss","floor":16.0,"turns":7.0},{"damage":31.0,"enemies":"2 Thieves","floor":18.0,"turns":4.0},{"damage":0.0,"enemies":"Spheric Guardian","floor":19.0,"turns":1.0},{"damage":27.0,"enemies":"Snake Plant","floor":21.0,"turns":3.0},{"damage":8.0,"enemies":"Gremlin Leader","floor":24.0,"turns":5.0},{"damage":24.0,"enemies":"Book of Stabbing","floor":30.0,"turns":4.0},{"damage":31.0,"enemies":"Champ","floor":33.0,"turns":8.0},{"damage":0.0,"enemies":"Orb Walker","floor":35.0,"turns":1.0},{"damage":10.0,"enemies":"3 Shapes","floor":36.0,"turns":9.0},{"damage":3.0,"enemies":"Spire Growth","floor":38.0,"turns":4.0},{"damage":9.0,"enemies":"Giant Head","floor":40.0,"turns":6.0},{"damage":31.0,"enemies":"Nemesis","floor":44.0,"turns":7.0},{"damage":0.0,"enemies":"Writhing Mass","floor":45.0,"turns":6.0},{"damage":2.0,"enemies":"Jaw Worm Horde","floor":47.0,"turns":3.0},{"damage":8.0,"enemies":"Spire Growth","floor":48.0,"turns":4.0},{"damage":58,"enemies":"Donu and Deca","floor":50,"turns":7},{"damage":35,"enemies":"Awakened One","floor":51,"turns":7},{"damage":50,"enemies":"Shield and Spear","floor":55,"turns":6},{"damage":45,"enemies":"The Heart","floor":56,"turns":6}],"seed_played":"641632125417586622","potions_obtained":[{"floor":1.0,"key":"FairyPotion"},{"floor":7.0,"key":"Poison Potion"},{"floor":12.0,"key":"Strength Potion"},{"floor":14.0,"key":"AttackPotion"},{"floor":16.0,"key":"SmokeBomb"},{"floor":18.0,"key":"Weak Potion"},{"floor":30.0,"key":"SkillPotion"},{"floor":33.0,"key":"BloodPotion"},{"floor":36.0,"key":"GamblersBrew"},{"floor":44.0,"key":"Swift Potion"},{"floor":45.0,"key":"Fire Potion"}],"is_trial":false,"path_per_floor":["M","M","M","M","M","R","E","R","T","$","M","E","M","M","R","B",null,"M","M","?","M","$","R","E","R","T","R","$","R","E","$","R","B",null,"M","M","?","M","$","E","R","?","T","E","M","?","M","M","R","B","B",null,"R","$","E","B"],"character_chosen":"IRONCLAD","items_purchased":["Inflame","Fire Potion","Membership Card","Uppercut","Block Potion","PowerPotion","Tiny Chest","Corruption","ClockworkSouvenir"],"campfire_rested":2,"item_purchase_floors":[10,10,22,28,28,28,39,39,54],"current_hp_per_floor":[81,83,83,78,73,73,71,71,71,71,75,67,66,67,67,61,82,57,63,89,68,68,68,66,66,66,66,66,66,48,48,48,23,73,79,75,75,78,78,75,75,75,75,58,64,64,68,66,89,37,8,69,89,89,45,0],"gold":33,"neow_bonus":"TWENTY_PERCENT_HP_BONUS","is_prod":false,"is_daily":false,"chose_seed":false,"campfire_upgraded":8,"win_rate":0,"timestamp":1557236544,"path_taken":["M","M","M","M","?","R","E","R","T","$","M","E","M","M","R","BOSS","M","M","?","?","$","R","E","R","T","R","?","R","E","$","R","BOSS","M","M","?","M","$","E","R","?","T","E","M","?","M","M","R","BOSS","BOSS","R","$","E","BOSS"],"build_version":"2019-01-23","purchased_purges":1,"victory":false,"max_hp_per_floor":[89,89,89,89,89,89,89,89,89,89,89,89,89,89,89,89,89,89,89,89,89,89,89,89,89,89,89,89,89,89,89,89,89,89,89,89,89,89,89,89,89,89,89,89,89,89,89,89,89,89,89,89,89,89,89,89],"card_choices":[{"not_picked":["Second Wind","Armaments"],"picked":"Shrug It Off","floor":1.0},{"not_picked":["Sword Boomerang","Dropkick"],"picked":"Anger","floor":2.0},{"not_picked":["Entrench","Blood for Blood"],"picked":"Perfected Strike","floor":3.0},{"not_picked":["Hemokinesis","Warcry"],"picked":"Pommel Strike","floor":4.0},{"not_picked":["Warcry","Disarm"],"picked":"Shrug It Off","floor":5.0},{"not_picked":["Twin Strike","Entrench"],"picked":"Perfected Strike","floor":7.0},{"not_picked":["Perfected Strike","Shrug It Off"],"picked":"Uppercut","floor":11.0},{"not_picked":["Warcry","Pommel Strike"],"picked":"Clothesline","floor":12.0},{"not_picked":["Heavy Blade","Corruption"],"picked":"Twin Strike","floor":13.0},{"not_picked":["Clothesline","Clash","Second Wind"],"picked":"SKIP","floor":14.0},{"not_picked":["Reaper","Dark Embrace"],"picked":"Demon Form","floor":16.0},{"not_picked":["Pommel Strike","Power Through"],"picked":"Flame Barrier","floor":18.0},{"not_picked":["Havoc+1","Dropkick"],"picked":"Warcry+1","floor":19.0},{"not_picked":["Burning Pact","Whirlwind"],"picked":"Battle Trance+1","floor":21.0},{"not_picked":["Armaments","Havoc"],"picked":"Burning Pact+1","floor":24.0},{"not_picked":["Whirlwind","Dropkick"],"picked":"Disarm","floor":30.0},{"not_picked":["Brutality","Fiend Fire"],"picked":"Double Tap","floor":33.0},{"not_picked":["Headbutt+1","Havoc","Warcry+1"],"picked":"SKIP","floor":35.0},{"not_picked":["Headbutt+1","Power Through","Wild Strike"],"picked":"SKIP","floor":36.0},{"not_picked":["Clothesline","True Grit"],"picked":"Shrug It Off","floor":38.0},{"not_picked":["Burning Pact","Shrug It Off"],"picked":"Heavy Blade","floor":40.0},{"not_picked":["Exhume","Bloodletting"],"picked":"Second Wind+1","floor":44.0},{"not_picked":["Ghostly Armor","Seeing Red"],"picked":"Body Slam+1","floor":45.0},{"not_picked":["Hemokinesis+1","Iron Wave","Bloodletting"],"picked":"SKIP","floor":47.0},{"not_picked":["Perfected Strike","Heavy Blade","Rage+1"],"picked":"SKIP","floor":48.0},{"not_picked":["Dropkick+1","Armaments","Reckless Charge"],"picked":"SKIP","floor":55},{"not_picked":["Dropkick+1","Reckless Charge"],"picked":"Armaments","floor":55}],"player_experience":2437568,"relics_obtained":[{"floor":7.0,"key":"Ornamental Fan"},{"floor":9.0,"key":"Oddly Smooth Stone"},{"floor":12.0,"key":"Blue Candle"},{"floor":24.0,"key":"Juzu Bracelet"},{"floor":26.0,"key":"Kunai"},{"floor":30.0,"key":"Bag of Preparation"},{"floor":40.0,"key":"Calipers"},{"floor":44.0,"key":"Omamori"},{"floor":55,"key":"Vajra"}],"event_choices":[{"cards_removed":["Uppercut"],"damage_healed":26.0,"max_hp_gain":0.0,"max_hp_loss":0.0,"gold_gain":0.0,"event_name":"Bonfire Elementals","player_choice":"Offered Uncommon","floor":20.0,"gold_loss":0.0,"damage_taken":0.0},{"cards_removed":["Disarm"],"damage_healed":0.0,"max_hp_gain":0.0,"max_hp_loss":0.0,"gold_gain":0.0,"event_name":"Falling","player_choice":"Removed Skill","floor":37.0,"gold_loss":0.0,"damage_taken":0.0},{"damage_healed":0.0,"max_hp_gain":0.0,"max_hp_loss":0.0,"gold_gain":0.0,"event_name":"Tomb of Lord Red Mask","player_choice":"Paid","floor":42.0,"gold_loss":76.0,"damage_taken":0.0,"relics_obtained":["Red Mask"]},{"damage_healed":0.0,"max_hp_gain":0.0,"max_hp_loss":0.0,"gold_gain":0.0,"event_name":"Upgrade Shrine","player_choice":"Upgraded","floor":46.0,"gold_loss":0.0,"damage_taken":0.0,"cards_upgraded":["Heavy Blade"]}],"is_beta":false,"boss_relics":[{"not_picked":["Calling Bell","Philosopher\u0027s Stone"],"picked":"Velvet Choker"},{"not_picked":["Cursed Key","Orrery"],"picked":"Snecko Eye"}],"items_purged_floors":[39],"is_endless":false,"potions_floor_spawned":[1,7,12,14,16,18,30,33,36,44,45,47],"killed_by":"The Heart","ascension_level":20}