{"path_per_floor":["M","$","?","$","M","?","?","M","T","M","R","M","R","M","R","B",null,"M","?","T","$","M","R","$","M","T","R","M","M","M","?","R"],"character_chosen":"IRONCLAD","items_purchased":["Inflame","Bloodletting"],"gold_per_floor":[115,40,40,40,60,60,10,29,29,43,43,61,61,79,79,200,200,215,215,215,90,106,106,20,45,45,45,59,74,93,93,93],"floor_reached":33,"campfire_rested":1,"playtime":837,"current_hp_per_floor":[80,80,73,73,68,68,68,66,66,66,66,60,60,60,60,8,74,67,67,67,67,71,71,71,74,74,74,56,59,26,26,48],"items_purged":["Defend_R","Defend_R","Strike_R"],"gold":93,"score":239,"play_id":"eadfa03c-7016-4378-bb7a-6237a87a2ce0","local_time":"20180310212837","is_prod":false,"is_daily":false,"is_ascension_mode":false,"campfire_upgraded":5,"timestamp":1520735317,"path_taken":["M","$","?","$","M","?","?","M","T","M","R","M","R","M","R","BOSS","M","?","?","$","M","R","?","M","T","R","M","?","M","?","R","BOSS"],"build_version":"2018-03-09","purchased_purges":3,"victory":false,"master_deck":["Strike_R","Strike_R","Strike_R","Strike_R","Bash","Clash+1","Flame Barrier","Hemokinesis","Cleave+1","Flex+1","Offering","Whirlwind+1","Inflame+1","Blood for Blood+1","Bloodletting","Clash+1","Clash+1"],"max_hp_per_floor":[80,80,80,80,80,74,74,74,74,74,74,74,74,74,74,74,74,74,74,74,74,74,74,74,74,74,74,74,74,74,74,74],"relics":["Black Blood","Prayer Wheel","Golden Idol","Frozen Eye","Smiling Mask","Sundial","Gambling Chip"],"card_choices":[{"not_picked":["Rage","Sword Boomerang"],"picked":"Clash"},{"not_picked":["Perfected Strike","Heavy Blade"],"picked":"Flame Barrier"},{"not_picked":["Heavy Blade","Disarm"],"picked":"Hemokinesis"},{"not_picked":["True Grit","Dropkick"],"picked":"Cleave"},{"not_picked":["Headbutt","Spot Weakness"],"picked":"Flex"},{"not_picked":["Brutality","Reaper"],"picked":"Offering"},{"not_picked":["Flex","Body Slam"],"picked":"Whirlwind"},{"not_picked":["Shockwave","Thunderclap"],"picked":"Blood for Blood"},{"not_picked":["Cleave","Second Wind"],"picked":"Clash"},{"not_picked":["Perfected Strike","Searing Blow"],"picked":"Clash"}],"player_experience":433321,"potions_floor_usage":[10,25,28,30,33],"damage_taken":[{"damage":1,"enemies":"2 Louse","floor":1,"turns":3},{"damage":11,"enemies":"Jaw Worm","floor":5,"turns":2},{"damage":8,"enemies":"Small Slimes","floor":8,"turns":3},{"damage":6,"enemies":"2 Fungi Beasts","floor":10,"turns":3},{"damage":12,"enemies":"Exordium Wildlife","floor":12,"turns":4},{"damage":6,"enemies":"3 Louse","floor":14,"turns":2},{"damage":58,"enemies":"Slime Boss","floor":16,"turns":10},{"damage":17,"enemies":"Spheric Guardian","floor":18,"turns":3},{"damage":6,"enemies":"3 Byrds","floor":22,"turns":3},{"damage":7,"enemies":"Sentry and Sphere","floor":25,"turns":1},{"damage":28,"enemies":"Snecko","floor":28,"turns":4},{"damage":7,"enemies":"Snake Plant","floor":29,"turns":1},{"damage":43,"enemies":"Cultist and Chosen","floor":30,"turns":4},{"damage":50,"enemies":"Collector","floor":33,"turns":5}],"event_choices":[{"event_name":"Golden Wing","player_choice":"Card Removal","floor":3,"damage_taken":0},{"event_name":"Golden Idol","player_choice":"Lose Max HP","floor":6,"damage_taken":0},{"event_name":"The Cleric","player_choice":"Card Removal","floor":7,"damage_taken":0},{"event_name":"The Mausoleum","player_choice":"Yes","floor":19,"damage_taken":0},{"event_name":"Vampires","player_choice":"Ignored","floor":31,"damage_taken":0}],"boss_relics":[{"not_picked":["Snecko Eye","Philosopher\u0027s Stone"],"picked":"Black Blood"}],"potions_floor_spawned":[8,16,18,22,28],"seed_played":"-998997717010735329","killed_by":"Collector","ascension_level":0,"is_trial":false}