{"gold_per_floor":[117,42,42,54,71,105,105,119,119,138,26,53,53,53,53,130,130,150,150,69,69,85,85],"floor_reached":23,"playtime":714,"items_purged":["Strike_B"],"score":498,"play_id":"4b57f577-5421-4afb-8797-cea9a03a9986","local_time":"20190426052012","is_ascension_mode":true,"campfire_choices":[{"data":"Zap","floor":7,"key":"SMITH"},{"data":"Defragment","floor":13,"key":"SMITH"},{"data":"Coolheaded","floor":15,"key":"SMITH"}],"neow_cost":"NONE","seed_source_timestamp":299862337482950,"circlet_count":0,"master_deck":["AscendersBane","Strike_B","Defend_B","Defend_B","Defend_B","Defend_B","Zap+1","Dualcast","Coolheaded+1","Defragment+1","Ball Lightning","Electrodynamics","Rebound+1","Rip and Tear+1","Lockon+1","Core Surge+1","Coolheaded+1","Sweeping Beam+1","Static Discharge+1","Cold Snap+1","Compile Driver+1"],"relics":["Cracked Core","NeowsBlessing","Molten Egg 2","Torii","Prayer Wheel","Velvet Choker"],"potions_floor_usage":[6,10,12,18,22,23],"damage_taken":[{"damage":0,"enemies":"Cultist","floor":1,"turns":1},{"damage":0,"enemies":"Small Slimes","floor":4,"turns":1},{"damage":0,"enemies":"Jaw Worm","floor":5,"turns":1},{"damage":14,"enemies":"Lagavulin","floor":6,"turns":7},{"damage":1,"enemies":"2 Fungi Beasts","floor":8,"turns":2},{"damage":0,"enemies":"Gremlin Gang","floor":10,"turns":1},{"damage":12,"enemies":"3 Sentries","floor":12,"turns":4},{"damage":0,"enemies":"The Guardian","floor":16,"turns":9},{"damage":17,"enemies":"2 Thieves","floor":18,"turns":2},{"damage":17,"enemies":"Shell Parasite","floor":22,"turns":3},{"damage":34,"enemies":"Book of Stabbing","floor":23,"turns":3}],"seed_played":"2792944032661419648","potions_obtained":[{"floor":1,"key":"Poison Potion"},{"floor":3,"key":"Regen Potion"},{"floor":8,"key":"Swift Potion"},{"floor":10,"key":"Dexterity Potion"},{"floor":12,"key":"Strength Potion"},{"floor":18,"key":"AttackPotion"}],"is_trial":false,"path_per_floor":["M","?","?","M","M","E","R","M","T","M","$","E","R","?","R","B",null,"M","?","$","?","M","E"],"character_chosen":"DEFECT","items_purchased":["Rip and Tear+1","Static Discharge"],"campfire_rested":0,"item_purchase_floors":[11,20],"current_hp_per_floor":[64,64,64,64,64,50,50,49,49,49,49,49,49,42,42,42,64,47,47,47,47,30,0],"gold":85,"neow_bonus":"THREE_ENEMY_KILL","is_prod":false,"is_daily":false,"chose_seed":false,"campfire_upgraded":3,"win_rate":0,"timestamp":1556270412,"path_taken":["M","?","?","?","?","E","R","M","T","M","$","E","R","?","R","BOSS","M","?","$","?","?","E"],"build_version":"2019-01-23","purchased_purges":1,"victory":false,"max_hp_per_floor":[71,71,71,71,71,71,71,71,71,71,71,71,71,71,71,71,71,71,71,71,71,71,71],"card_choices":[{"not_picked":["Redo","Streamline"],"picked":"Coolheaded","floor":1},{"not_picked":["Sunder","Go for the Eyes"],"picked":"Defragment","floor":4},{"not_picked":["Coolheaded","Rainbow"],"picked":"Ball Lightning","floor":5},{"not_picked":["Steam","Conserve Battery"],"picked":"Electrodynamics","floor":6},{"not_picked":["Conserve Battery","Turbo"],"picked":"Rebound+1","floor":8},{"not_picked":["Steam","Hello World","Rebound+1"],"picked":"SKIP","floor":10},{"not_picked":["Scrape+1","Undo"],"picked":"Lockon+1","floor":12},{"not_picked":["Amplify","Echo Form"],"picked":"Core Surge+1","floor":16},{"not_picked":["Rebound+1","Conserve Battery"],"picked":"Coolheaded+1","floor":18},{"not_picked":["Genetic Algorithm","Redo"],"picked":"Sweeping Beam+1","floor":18},{"not_picked":["Chaos","Turbo"],"picked":"Cold Snap+1","floor":22},{"not_picked":["Double Energy+1","Force Field"],"picked":"Compile Driver+1","floor":22}],"player_experience":1948687,"relics_obtained":[{"floor":6,"key":"Molten Egg 2"},{"floor":9,"key":"Torii"},{"floor":12,"key":"Prayer Wheel"}],"event_choices":[{"cards_removed":["Strike_B"],"damage_healed":0,"gold_gain":0,"player_choice":"Card Removal","damage_taken":0,"max_hp_gain":0,"max_hp_loss":0,"event_name":"The Cleric","floor":2,"gold_loss":75},{"damage_healed":0,"gold_gain":0,"player_choice":"Got Potions","damage_taken":0,"max_hp_gain":0,"max_hp_loss":0,"event_name":"Lab","floor":3,"gold_loss":0},{"cards_removed":["Strike_B"],"damage_healed":0,"gold_gain":0,"player_choice":"Card Removal","damage_taken":7,"max_hp_gain":0,"max_hp_loss":0,"event_name":"Golden Wing","floor":14,"gold_loss":0},{"damage_healed":0,"gold_gain":0,"player_choice":"Ignored","damage_taken":0,"max_hp_gain":0,"max_hp_loss":0,"event_name":"Ghosts","floor":19,"gold_loss":0},{"damage_healed":0,"gold_gain":0,"player_choice":"Upgraded","damage_taken":0,"max_hp_gain":0,"max_hp_loss":0,"event_name":"Upgrade Shrine","floor":21,"gold_loss":0,"cards_upgraded":["Static Discharge"]}],"is_beta":false,"boss_relics":[{"not_picked":["Tiny House","Empty Cage"],"picked":"Velvet Choker"}],"items_purged_floors":[11],"is_endless":false,"potions_floor_spawned":[1,8,10,12,16,18],"killed_by":"Book of Stabbing","ascension_level":20}