{"gold_per_floor":[118,43,4,4,16,45,45,71,97,97,114,144,144,157,157,157],"floor_reached":16,"playtime":683,"items_purged":[],"score":236,"play_id":"ab8c7615-b67a-46ad-88fd-a87d031282c3","local_time":"20190407050820","is_ascension_mode":true,"campfire_choices":[{"floor":7,"key":"REST"},{"data":"Barricade","floor":13,"key":"SMITH"},{"data":"Feel No Pain","floor":15,"key":"SMITH"}],"neow_cost":"NONE","seed_source_timestamp":499955026072088,"circlet_count":0,"master_deck":["AscendersBane","Strike_R+1","Strike_R","Strike_R","Strike_R","Defend_R","Defend_R+1","Defend_R","Defend_R+1","Bash+1","Twin Strike","Feel No Pain+1","Cleave","Barricade+1"],"relics":["Burning Blood","Omamori","War Paint","Thread and Needle","Pocketwatch","Whetstone","WarpedTongs","Blood Vial"],"potions_floor_usage":[6,14,16],"damage_taken":[{"damage":3,"enemies":"2 Louse","floor":1,"turns":3},{"damage":13,"enemies":"Small Slimes","floor":5,"turns":6},{"damage":32,"enemies":"Gremlin Nob","floor":6,"turns":4},{"damage":7,"enemies":"3 Sentries","floor":8,"turns":8},{"damage":0,"enemies":"Cultist","floor":11,"turns":3},{"damage":9,"enemies":"Lagavulin","floor":12,"turns":7},{"damage":20,"enemies":"Exordium Thugs","floor":14,"turns":3},{"damage":27,"enemies":"Hexaghost","floor":16,"turns":9}],"seed_played":"-8002780743601512445","potions_obtained":[{"floor":1,"key":"SteroidPotion"},{"floor":6,"key":"LiquidBronze"},{"floor":8,"key":"Swift Potion"}],"is_trial":false,"path_per_floor":["M","?","$","?","M","E","R","E","T","?","M","E","R","M","R","B"],"character_chosen":"IRONCLAD","items_purchased":["Feel No Pain"],"campfire_rested":1,"item_purchase_floors":[3],"current_hp_per_floor":[71,71,71,45,38,12,34,33,33,33,39,36,36,24,24,0],"gold":157,"neow_bonus":"RANDOM_COMMON_RELIC","is_prod":false,"is_daily":false,"chose_seed":false,"campfire_upgraded":2,"win_rate":0,"timestamp":1554628100,"path_taken":["M","?","$","?","M","E","R","E","T","?","M","E","R","M","R","BOSS"],"build_version":"2019-01-23","purchased_purges":0,"victory":false,"max_hp_per_floor":[75,75,75,75,75,75,75,75,75,75,75,75,75,75,75,75],"card_choices":[{"not_picked":["Sentinel","Warcry"],"picked":"Twin Strike","floor":1},{"not_picked":["Headbutt","Sword Boomerang"],"picked":"Cleave","floor":5},{"not_picked":["Rupture","Flex","Second Wind"],"picked":"SKIP","floor":6},{"not_picked":["Perfected Strike","Fire Breathing","Cleave"],"picked":"SKIP","floor":8},{"not_picked":["Thunderclap","Heavy Blade","Seeing Red"],"picked":"SKIP","floor":11},{"not_picked":["Flex","Metallicize"],"picked":"Barricade","floor":12},{"not_picked":["Heavy Blade","Warcry","Clash"],"picked":"SKIP","floor":14}],"player_experience":1690100,"relics_obtained":[{"floor":6,"key":"Thread and Needle"},{"floor":8,"key":"Pocketwatch"},{"floor":9,"key":"Whetstone"},{"floor":12,"key":"Blood Vial"}],"event_choices":[{"cards_removed":["Strike_R"],"damage_healed":0,"gold_gain":0,"player_choice":"Card Removal","damage_taken":0,"max_hp_gain":0,"max_hp_loss":0,"event_name":"The Cleric","floor":2,"gold_loss":75},{"damage_healed":0,"gold_gain":0,"player_choice":"Success","damage_taken":26,"relics_obtained":["War Paint"],"max_hp_gain":0,"max_hp_loss":0,"event_name":"Scrap Ooze","floor":4,"gold_loss":0},{"damage_healed":0,"gold_gain":0,"player_choice":"Rummage","damage_taken":0,"relics_obtained":["WarpedTongs"],"max_hp_gain":0,"max_hp_loss":0,"event_name":"Accursed Blacksmith","floor":10,"gold_loss":0,"cards_obtained":["Pain"]}],"is_beta":false,"boss_relics":[],"items_purged_floors":[],"is_endless":false,"potions_floor_spawned":[1,6,8],"killed_by":"Hexaghost","ascension_level":20}