{"path_per_floor":["M","M","?","M","?","R","?","R","T","R","M","?","E","M","R","B",null,"M","M","?","M","M","R","M","M","T","?","R","$","M","M","R","B",null,"M","T","?","M","$","R","$"],"character_chosen":"IRONCLAD","items_purchased":["Omamori","Ancient Tea Set","Mercury Hourglass","Block Potion","Feel No Pain"],"gold_per_floor":[113,132,132,148,148,148,148,148,172,172,190,215,243,254,254,329,329,346,362,562,572,585,585,601,614,614,614,614,318,335,353,353,430,430,449,494,494,511,144,144,103,103],"floor_reached":42,"campfire_rested":0,"playtime":1771,"current_hp_per_floor":[82,82,82,82,82,82,66,66,66,66,67,58,60,62,62,23,67,69,71,71,66,24,24,26,14,14,41,41,41,32,38,38,17,66,64,64,64,54,54,62,62,0],"items_purged":["Strike_R"],"gold":103,"score":765,"play_id":"7108fb96-b1e6-4a26-8568-9344e08ecada","local_time":"20180330200600","is_prod":false,"is_daily":false,"is_ascension_mode":true,"campfire_upgraded":8,"timestamp":1522454760,"path_taken":["M","M","?","M","?","R","?","R","T","R","M","?","E","M","R","BOSS","M","M","?","M","M","R","M","M","T","?","R","$","?","M","R","BOSS","M","?","?","M","$","R","?","E"],"build_version":"2018-03-29v2","purchased_purges":2,"victory":false,"master_deck":["Strike_R","Strike_R","Strike_R","Defend_R","Defend_R","Defend_R+1","Bash+1","AscendersBane","Body Slam+1","Clash","Clothesline+1","Body Slam+1","Offering","Power Through","Impervious","Body Slam+1","Demon Form+1","Shrug It Off+1","Flex+1","Evolve","Flex+1","Pummel+1","Second Wind+1","Offering","Feel No Pain"],"max_hp_per_floor":[82,82,82,82,82,82,82,82,82,82,82,82,82,82,82,82,82,82,82,82,82,82,82,82,82,82,82,82,82,82,82,82,82,82,82,82,82,82,82,82,82,82],"relics":["Burning Blood","Mango","Vajra","Odd Mushroom","Lantern","Mark of Pain","Peace Pipe","Omamori","Ancient Tea Set","Eternal Feather","Bronze Scales","Mercury Hourglass"],"card_choices":[{"not_picked":["Burning Pact","True Grit"],"picked":"Body Slam","floor":1},{"not_picked":["Armaments","Twin Strike"],"picked":"Clash","floor":2},{"not_picked":["Sentinel","Infernal Blade"],"picked":"Body Slam","floor":4},{"not_picked":["Wild Strike","Headbutt"],"picked":"Power Through","floor":11},{"not_picked":["Power Through","Feel No Pain"],"picked":"Impervious","floor":12},{"not_picked":["Havoc","Armaments"],"picked":"Body Slam","floor":14},{"not_picked":["Exhume","Double Tap"],"picked":"Demon Form","floor":16},{"not_picked":["Battle Trance","Dual Wield"],"picked":"Shrug It Off","floor":18},{"not_picked":["Havoc","Reckless Charge"],"picked":"Flex","floor":21},{"not_picked":["Pommel Strike","Searing Blow"],"picked":"Evolve","floor":24},{"not_picked":["Havoc","Warcry"],"picked":"Flex","floor":25},{"not_picked":["Headbutt","Reckless Charge"],"picked":"Pummel","floor":30},{"not_picked":["Impervious","Combust"],"picked":"Second Wind","floor":31},{"not_picked":["Exhume","Impervious"],"picked":"Offering","floor":33}],"player_experience":640142,"potions_floor_usage":[12,14,24,25,25,33,42],"damage_taken":[{"damage":6,"enemies":"Cultist","floor":1,"turns":3},{"damage":6,"enemies":"Jaw Worm","floor":2,"turns":5},{"damage":0,"enemies":"2 Louse","floor":4,"turns":3},{"damage":5,"enemies":"Red Slaver","floor":11,"turns":2},{"damage":15,"enemies":"The Mushroom Lair","floor":12,"turns":4},{"damage":4,"enemies":"Gremlin Nob","floor":13,"turns":2},{"damage":4,"enemies":"Exordium Wildlife","floor":14,"turns":3},{"damage":45,"enemies":"The Guardian","floor":16,"turns":9},{"damage":4,"enemies":"Spheric Guardian","floor":18,"turns":3},{"damage":4,"enemies":"2 Thieves","floor":19,"turns":2},{"damage":11,"enemies":"Centurion and Healer","floor":21,"turns":4},{"damage":48,"enemies":"Cultist and Chosen","floor":22,"turns":7},{"damage":4,"enemies":"Snake Plant","floor":24,"turns":3},{"damage":18,"enemies":"Sentry and Sphere","floor":25,"turns":5},{"damage":15,"enemies":"Centurion and Healer","floor":30,"turns":5},{"damage":0,"enemies":"Chosen and Byrds","floor":31,"turns":5},{"damage":27,"enemies":"Champ","floor":33,"turns":10},{"damage":8,"enemies":"3 Shapes","floor":35,"turns":5},{"damage":16,"enemies":"3 Darklings","floor":38,"turns":4},{"damage":67,"enemies":"Giant Head","floor":42,"turns":6}],"event_choices":[{"event_name":"Transmorgrifier","player_choice":"Transform","floor":3,"damage_taken":0},{"event_name":"Match and Keep!","player_choice":"1 cards matched","floor":5,"damage_taken":0},{"event_name":"Shining Light","player_choice":"Entered Light","floor":7,"damage_taken":0},{"event_name":"Mushrooms","player_choice":"Fought Mushrooms","floor":12,"damage_taken":0},{"event_name":"Wheel of Change","player_choice":"Gold","floor":20,"damage_taken":0},{"event_name":"The Library","player_choice":"Heal","floor":27,"damage_taken":0}],"boss_relics":[{"not_picked":["Philosopher\u0027s Stone","White Beast Statue"],"picked":"Mark of Pain"},{"not_picked":["Cursed Key","Orrery"],"picked":"Eternal Feather"}],"potions_floor_spawned":[1,12,16,22,24,25,35,38],"seed_played":"1286354187823028713","killed_by":"Giant Head","ascension_level":14,"is_trial":false}