{"gold_per_floor":[119,130,130,143,154,154,169,169,169,199,217,217,61,111,111,188,188,203,203,46,56,74,109,109,143,194,57,57],"floor_reached":28,"playtime":1187,"items_purged":["Strike_G","Writhe"],"score":516,"play_id":"231d3595-f428-4791-914b-4a2c5f3851e2","local_time":"20190506171738","is_ascension_mode":true,"campfire_choices":[{"data":"Dagger Spray","floor":6.0,"key":"SMITH"},{"data":"Neutralize","floor":8.0,"key":"SMITH"},{"data":"Deadly Poison","floor":12.0,"key":"SMITH"},{"data":"Poisoned Stab","floor":15.0,"key":"SMITH"},{"floor":24.0,"key":"REST"}],"neow_cost":"NONE","seed_source_timestamp":1206305512481093,"circlet_count":0,"master_deck":["AscendersBane","Defend_G","Defend_G","Defend_G","Defend_G+1","Defend_G","Strike_G","Strike_G","Survivor","Neutralize+1","Poisoned Stab+1","Deadly Poison+1","Endless Agony","Footwork","Dagger Spray+1","Cloak And Dagger+1","Adrenaline+1","Deadly Poison+1","Catalyst+1","Burst+1","Well Laid Plans","A Thousand Cuts","Dodge and Roll+1","Cloak And Dagger+1","Catalyst+1"],"special_seed":0,"relics":["Ring of the Snake","Toxic Egg 2","Pantograph","Fusion Hammer","Ginger","War Paint"],"potions_floor_usage":[28],"damage_taken":[{"damage":2.0,"enemies":"2 Louse","floor":1.0,"turns":4.0},{"damage":0.0,"enemies":"Cultist","floor":2.0,"turns":4.0},{"damage":4.0,"enemies":"Jaw Worm","floor":4.0,"turns":4.0},{"damage":15.0,"enemies":"Exordium Thugs","floor":5.0,"turns":7.0},{"damage":0.0,"enemies":"3 Louse","floor":7.0,"turns":3.0},{"damage":14.0,"enemies":"Lagavulin","floor":10.0,"turns":9.0},{"damage":0.0,"enemies":"2 Fungi Beasts","floor":11.0,"turns":2.0},{"damage":2.0,"enemies":"Hexaghost","floor":16.0,"turns":4.0},{"damage":8.0,"enemies":"2 Thieves","floor":18.0,"turns":4.0},{"damage":1.0,"enemies":"Shell Parasite","floor":21.0,"turns":3.0},{"damage":8.0,"enemies":"Shelled Parasite and Fungi","floor":22.0,"turns":4.0},{"damage":10.0,"enemies":"Book of Stabbing","floor":23.0,"turns":4.0},{"damage":37.0,"enemies":"Slavers","floor":25.0,"turns":6.0},{"damage":18,"enemies":"Book of Stabbing","floor":28,"turns":4}],"seed_played":"-8145463964105553220","potions_obtained":[{"floor":4.0,"key":"FearPotion"},{"floor":10.0,"key":"FearPotion"},{"floor":16.0,"key":"FearPotion"},{"floor":18.0,"key":"Ancient Potion"}],"is_trial":false,"path_per_floor":["M","M","?","M","M","R","M","R","T","E","M","R","$","?","R","B",null,"M","?","$","M","M","E","R","E","T","$","E"],"character_chosen":"THE_SILENT","items_purchased":["Catalyst+1","Dodge and Roll+1","Block Potion","Catalyst+1"],"campfire_rested":1,"item_purchase_floors":[13,20,27,27],"current_hp_per_floor":[57,57,57,53,38,38,38,38,38,24,24,24,24,18,18,41,60,52,52,52,51,43,33,52,15,15,15,0],"gold":57,"neow_bonus":"REMOVE_CARD","is_prod":false,"is_daily":false,"chose_seed":false,"campfire_upgraded":4,"win_rate":0,"timestamp":1557177458,"path_taken":["M","M","?","M","M","R","M","R","T","E","?","R","?","?","R","BOSS","M","?","?","?","M","E","R","E","T","$","E"],"build_version":"2019-01-23","purchased_purges":2,"victory":false,"max_hp_per_floor":[66,66,66,66,66,66,66,66,66,66,66,66,66,66,66,66,66,66,66,66,66,66,66,66,66,66,66,66],"card_choices":[{"not_picked":["Flying Knee","Blur"],"picked":"Poisoned Stab","floor":1.0},{"not_picked":["Sucker Punch","Acrobatics"],"picked":"Deadly Poison","floor":2.0},{"not_picked":["Crippling Poison","Blade Dance"],"picked":"Footwork","floor":4.0},{"not_picked":["Sucker Punch","Slice"],"picked":"Dagger Spray","floor":5.0},{"not_picked":["Quick Slash","Escape Plan"],"picked":"Cloak And Dagger","floor":7.0},{"not_picked":["Flying Knee","Calculated Gamble+1"],"picked":"Adrenaline+1","floor":10.0},{"not_picked":["Tactician+1","Flying Knee"],"picked":"Deadly Poison+1","floor":11.0},{"not_picked":["Glass Knife","Storm of Steel+1"],"picked":"Burst+1","floor":16.0},{"not_picked":["Slice","Deflect+1"],"picked":"Well Laid Plans","floor":18.0},{"not_picked":["Flying Knee+1","Bane"],"picked":"Cloak And Dagger+1","floor":21.0},{"not_picked":["Setup+1","Deflect+1","Distraction+1"],"picked":"SKIP","floor":22.0},{"not_picked":["Accuracy","Skewer","Blade Dance+1"],"picked":"SKIP","floor":23.0},{"not_picked":["Flying Knee","Unload","All Out Attack"],"picked":"SKIP","floor":25.0}],"player_experience":2415137,"relics_obtained":[{"floor":9.0,"key":"Toxic Egg 2"},{"floor":10.0,"key":"Pantograph"},{"floor":23.0,"key":"Ginger"},{"floor":25.0,"key":"War Paint"}],"event_choices":[{"damage_healed":0.0,"max_hp_gain":0.0,"max_hp_loss":0.0,"gold_gain":0.0,"cards_transformed":["Strike_G"],"event_name":"Transmorgrifier","player_choice":"Transformed","floor":3.0,"gold_loss":0.0,"damage_taken":0.0,"cards_obtained":["Endless Agony"]},{"damage_healed":0.0,"max_hp_gain":0.0,"max_hp_loss":0.0,"gold_gain":50.0,"event_name":"FaceTrader","player_choice":"Touch","floor":14.0,"gold_loss":0.0,"damage_taken":6.0},{"damage_healed":0.0,"max_hp_gain":0.0,"max_hp_loss":0.0,"gold_gain":0.0,"event_name":"Match and Keep!","player_choice":"2 cards matched","floor":19.0,"gold_loss":0.0,"damage_taken":0.0,"cards_obtained":["Writhe","A Thousand Cuts"]}],"is_beta":false,"boss_relics":[{"not_picked":["Eternal Feather","Empty Cage"],"picked":"Fusion Hammer"}],"items_purged_floors":[13,20],"is_endless":false,"potions_floor_spawned":[4,10,16,18,23],"killed_by":"Book of Stabbing","ascension_level":20}