{"gold_per_floor":[115,115,131,147,159,159,159,159,159,159,171,206,218,230,230,307,307,318,318,38,38,38,38,38,70,70,82,82,82,82,82],"floor_reached":31,"playtime":1181,"items_purged":[],"score":481,"play_id":"3de64b1b-fbec-4e6e-9cec-16ef4cd640f3","local_time":"20180816182331","is_ascension_mode":true,"campfire_choices":[{"data":"Neutralize","floor":6,"key":"SMITH"},{"data":"Cloak And Dagger","floor":8,"key":"SMITH"},{"floor":10,"key":"REST"},{"data":"Footwork","floor":15,"key":"SMITH"},{"floor":24,"key":"REST"},{"floor":28,"key":"REST"},{"floor":30,"key":"REST"}],"neow_cost":"","seed_source_timestamp":116627556752342,"circlet_count":0,"master_deck":["Defend_G","Defend_G","Defend_G","Defend_G","Defend_G","Strike_G","Strike_G","Strike_G","Survivor","Neutralize+1","AscendersBane","Cloak And Dagger+1","Sucker Punch","Well Laid Plans","Poisoned Stab","Footwork+1","Dash","A Thousand Cuts","Apotheosis","Dodge and Roll","Noxious Fumes"],"relics":["Ring of the Snake","Meat on the Bone","Ornamental Fan","Fusion Hammer","Omamori","Nilry\u0027s Codex","Art of War","Nunchaku"],"potions_floor_usage":[12,12,12,16,16],"damage_taken":[{"damage":2,"enemies":"2 Louse","floor":1,"turns":4},{"damage":11,"enemies":"Small Slimes","floor":3,"turns":6},{"damage":0,"enemies":"Jaw Worm","floor":4,"turns":7},{"damage":12,"enemies":"Red Slaver","floor":5,"turns":6},{"damage":12,"enemies":"2 Fungi Beasts","floor":11,"turns":4},{"damage":6,"enemies":"Lagavulin","floor":12,"turns":5},{"damage":0,"enemies":"Looter","floor":13,"turns":4},{"damage":0,"enemies":"Red Slaver","floor":14,"turns":4},{"damage":51,"enemies":"Slime Boss","floor":16,"turns":20},{"damage":0,"enemies":"Spheric Guardian","floor":18,"turns":8},{"damage":45,"enemies":"Gremlin Leader","floor":25,"turns":10},{"damage":0,"enemies":"3 Byrds","floor":27,"turns":6},{"damage":58,"enemies":"Slavers","floor":31,"turns":4}],"seed_played":"7949962358454045983","potions_obtained":[{"floor":1,"key":"Strength Potion"},{"floor":3,"key":"EntropicBrew"},{"floor":13,"key":"Regen Potion"},{"floor":27,"key":"SteroidPotion"}],"is_trial":false,"path_per_floor":["M","?","M","M","M","R","?","R","T","R","M","E","M","M","R","B",null,"M","?","$","T","?","?","R","E","T","M","R","?","R"],"character_chosen":"THE_SILENT","items_purchased":["Apotheosis","Dodge and Roll"],"campfire_rested":4,"item_purchase_floors":[20,20],"current_hp_per_floor":[57,50,39,39,27,27,27,27,27,46,34,40,40,40,40,16,54,54,54,54,54,33,33,52,19,19,31,50,32,53,0],"gold":82,"neow_bonus":"","is_prod":false,"is_daily":false,"chose_seed":false,"campfire_upgraded":3,"win_rate":0,"timestamp":1534469011,"path_taken":["M","?","M","?","M","R","?","R","T","R","M","E","?","M","R","BOSS","M","?","$","?","?","?","R","E","T","M","R","?","R","E"],"build_version":"2018-08-16","purchased_purges":0,"victory":false,"max_hp_per_floor":[66,66,66,66,66,66,66,66,66,66,66,66,66,66,66,66,66,66,66,66,66,66,66,66,66,66,66,66,71,71,71],"card_choices":[{"not_picked":["Caltrops","Acrobatics","Outmaneuver"],"picked":"SKIP","floor":1},{"not_picked":["Calculated Gamble","Eviscerate"],"picked":"Cloak And Dagger","floor":3},{"not_picked":["Blade Dance","Masterful Stab"],"picked":"Sucker Punch","floor":4},{"not_picked":["Masterful Stab","Deflect"],"picked":"Well Laid Plans","floor":5},{"not_picked":["Predator","Blade Dance"],"picked":"Poisoned Stab","floor":11},{"not_picked":["Blade Dance","Blur"],"picked":"Footwork","floor":12},{"not_picked":["Distraction","Tactician","Flechettes"],"picked":"SKIP","floor":13},{"not_picked":["Tactician","Sucker Punch"],"picked":"Dash","floor":14},{"not_picked":["Venomology","Doppelganger"],"picked":"A Thousand Cuts","floor":16},{"not_picked":["Skewer","Riddle With Holes","Poisoned Stab"],"picked":"SKIP","floor":18},{"not_picked":["Bane","Underhanded Strike","Deadly Poison"],"picked":"SKIP","floor":25},{"not_picked":["Dodge and Roll","Quick Slash"],"picked":"Noxious Fumes","floor":27}],"player_experience":888219,"relics_obtained":[{"floor":9,"key":"Meat on the Bone"},{"floor":12,"key":"Ornamental Fan"},{"floor":21,"key":"Omamori"},{"floor":22,"key":"Nilry\u0027s Codex"},{"floor":25,"key":"Art of War"},{"floor":26,"key":"Nunchaku"}],"event_choices":[{"event_name":"Golden Wing","player_choice":"Card Removal","floor":2,"damage_taken":0},{"event_name":"Living Wall","player_choice":"Forget","floor":7,"damage_taken":0},{"event_name":"Ghosts","player_choice":"Ignored","floor":19,"damage_taken":0},{"event_name":"Cursed Tome","player_choice":"Obtained Book","floor":22,"damage_taken":0},{"event_name":"Beggar","player_choice":"Ignored","floor":23,"damage_taken":0},{"event_name":"Forgotten Altar","player_choice":"Shed Blood","floor":29,"damage_taken":0}],"is_beta":true,"boss_relics":[{"not_picked":["Eternal Feather","Astrolabe"],"picked":"Fusion Hammer"}],"items_purged_floors":[],"is_endless":false,"potions_floor_spawned":[1,3,11,13,14,27],"killed_by":"Slavers","ascension_level":18}