{"gold_per_floor":[211,361,361,374,385,385,416,416,443,443],"floor_reached":10,"playtime":300,"items_purged":[],"score":132,"play_id":"ebf0be0b-cf8b-45ad-8ee0-eee4a46171dc","local_time":"20190408020541","is_ascension_mode":true,"campfire_choices":[{"data":"Noxious Fumes","floor":6,"key":"SMITH"},{"data":"Cloak And Dagger","floor":8,"key":"SMITH"}],"neow_cost":"NONE","seed_source_timestamp":575792752107536,"circlet_count":0,"master_deck":["AscendersBane","Defend_G","Defend_G","Defend_G","Defend_G+1","Defend_G","Strike_G","Strike_G","Strike_G","Strike_G","Strike_G","Survivor","Neutralize+1","Cloak And Dagger+1","Doubt","Dodge and Roll+1","Noxious Fumes+1","Calculated Gamble"],"relics":["Ring of the Snake","Ancient Tea Set","War Paint"],"potions_floor_usage":[],"damage_taken":[{"damage":0,"enemies":"Jaw Worm","floor":1,"turns":6},{"damage":18,"enemies":"Small Slimes","floor":4,"turns":4},{"damage":0,"enemies":"Cultist","floor":5,"turns":5},{"damage":33,"enemies":"Lagavulin","floor":7,"turns":9}],"seed_played":"-9104842409658967164","potions_obtained":[{"floor":5,"key":"Explosive Potion"},{"floor":7,"key":"AttackPotion"}],"is_trial":false,"path_per_floor":["M","?","?","M","M","R","E","R","T","?"],"character_chosen":"THE_SILENT","items_purchased":[],"campfire_rested":0,"item_purchase_floors":[],"current_hp_per_floor":[59,59,59,41,41,41,8,8,8,0],"gold":443,"neow_bonus":"HUNDRED_GOLD","is_prod":false,"is_daily":false,"chose_seed":false,"campfire_upgraded":2,"win_rate":0,"timestamp":1554703541,"path_taken":["M","?","?","?","?","R","E","R","T","?"],"build_version":"2019-01-23","purchased_purges":0,"victory":false,"max_hp_per_floor":[66,66,66,66,66,66,66,66,66,66],"card_choices":[{"not_picked":["Heel Hook","Blade Dance"],"picked":"Cloak And Dagger","floor":1},{"not_picked":["Prepared","Acrobatics"],"picked":"Dodge and Roll","floor":4},{"not_picked":["Flying Knee","Caltrops"],"picked":"Noxious Fumes","floor":5},{"not_picked":["Accuracy","Blade Dance"],"picked":"Calculated Gamble","floor":7}],"player_experience":1720261,"relics_obtained":[{"floor":7,"key":"Ancient Tea Set"},{"floor":9,"key":"War Paint"}],"event_choices":[{"damage_healed":0,"gold_gain":150,"player_choice":"AGREE","damage_taken":0,"max_hp_gain":0,"max_hp_loss":0,"event_name":"Liars Game","floor":2,"gold_loss":0,"cards_obtained":["Doubt"]},{"damage_healed":0,"gold_gain":0,"player_choice":"Forge","damage_taken":0,"max_hp_gain":0,"max_hp_loss":0,"event_name":"Accursed Blacksmith","floor":3,"gold_loss":0,"cards_upgraded":["Neutralize"]}],"is_beta":false,"boss_relics":[],"items_purged_floors":[],"is_endless":false,"potions_floor_spawned":[5,7],"ascension_level":20}