{"gold_per_floor":[109,119,136,152,152,152,164,164,242,242,517,12,27,46,46,149,149,167,182,193,193,193],"floor_reached":22,"playtime":798,"items_purged":["Regret"],"score":357,"play_id":"72ad9af0-3df4-45fd-b337-202690a1f843","local_time":"20190318031953","is_ascension_mode":true,"campfire_choices":[{"data":"Zap","floor":6,"key":"SMITH"},{"data":"Defragment","floor":8,"key":"SMITH"},{"data":"Coolheaded","floor":10,"key":"SMITH"},{"data":"Defragment","floor":15,"key":"SMITH"}],"neow_cost":"NONE","seed_source_timestamp":92460087311389,"circlet_count":0,"master_deck":["AscendersBane","Strike_B","Strike_B","Defend_B+1","Defend_B","Defend_B","Defend_B","Zap+1","Dualcast","Ball Lightning","Steam","Ball Lightning+1","Coolheaded+1","Defragment+1","Creative AI","Cold Snap","Defragment+1","Hyperbeam","Storm+1","Self Repair","Echo Form","Sunder"],"relics":["Cracked Core","Ancient Tea Set","Singing Bowl","Vajra","Dream Catcher","Sozu"],"potions_floor_usage":[4,16,20],"damage_taken":[{"damage":2,"enemies":"Jaw Worm","floor":1,"turns":3},{"damage":2,"enemies":"2 Louse","floor":2,"turns":3},{"damage":1,"enemies":"Cultist","floor":3,"turns":4},{"damage":10,"enemies":"Gremlin Gang","floor":4,"turns":4},{"damage":6,"enemies":"Looter","floor":7,"turns":2},{"damage":0,"enemies":"Large Slime","floor":13,"turns":3},{"damage":7,"enemies":"Blue Slaver","floor":14,"turns":2},{"damage":0,"enemies":"Slime Boss","floor":16,"turns":6},{"damage":10,"enemies":"3 Byrds","floor":18,"turns":3},{"damage":22,"enemies":"Spheric Guardian","floor":19,"turns":4},{"damage":19,"enemies":"Centurion and Healer","floor":20,"turns":5},{"damage":25,"enemies":"Snake Plant","floor":22,"turns":2}],"seed_played":"-9190801581529096771","potions_obtained":[{"floor":3,"key":"EssenceOfSteel"},{"floor":7,"key":"Swift Potion"},{"floor":16,"key":"EssenceOfSteel"}],"is_trial":false,"path_per_floor":["M","M","M","M","?","R","M","R","T","R","?","$","M","M","R","B",null,"M","M","M","?","M"],"character_chosen":"DEFECT","items_purchased":["Creative AI","Cold Snap","Vajra","Dream Catcher"],"campfire_rested":0,"item_purchase_floors":[12,12,12,12],"current_hp_per_floor":[66,64,63,53,38,38,32,32,32,32,32,32,34,27,27,27,65,55,33,23,23,0],"gold":193,"neow_bonus":"RANDOM_COMMON_RELIC","is_prod":false,"is_daily":false,"chose_seed":false,"campfire_upgraded":4,"win_rate":0,"timestamp":1552893593,"path_taken":["M","M","M","M","?","R","M","R","T","R","?","$","M","?","R","BOSS","M","?","M","?","M"],"build_version":"2019-01-23","purchased_purges":1,"victory":false,"max_hp_per_floor":[75,75,75,75,75,75,75,75,75,75,75,75,77,77,77,77,77,77,77,79,79,79],"card_choices":[{"not_picked":["Cold Snap","Steam"],"picked":"Ball Lightning","floor":1},{"not_picked":["Beam Cell","Redo"],"picked":"Steam","floor":2},{"not_picked":["Barrage","Stack"],"picked":"Ball Lightning","floor":3},{"not_picked":["Hologram","Streamline"],"picked":"Coolheaded","floor":4},{"not_picked":["Barrage","Fusion"],"picked":"Defragment","floor":7},{"not_picked":["Turbo","Darkness","Coolheaded"],"picked":"Singing Bowl","floor":13},{"not_picked":["Ball Lightning","Beam Cell"],"picked":"Defragment","floor":14},{"not_picked":["Multi-Cast","Meteor Strike"],"picked":"Hyperbeam","floor":16},{"not_picked":["Ball Lightning+1","Beam Cell+1"],"picked":"Storm+1","floor":18},{"not_picked":["Stack","Steam"],"picked":"Self Repair","floor":19},{"not_picked":["Reinforced Body","Sweeping Beam","Redo"],"picked":"Singing Bowl","floor":20}],"player_experience":1205868,"relics_obtained":[{"floor":9,"key":"Singing Bowl"}],"event_choices":[{"damage_healed":0,"gold_gain":0,"player_choice":"Entered Light","damage_taken":15,"max_hp_gain":0,"max_hp_loss":0,"event_name":"Shining Light","floor":5,"gold_loss":0,"cards_upgraded":["Ball Lightning","Defend_B"]},{"damage_healed":0,"gold_gain":275,"player_choice":"Desecrate","damage_taken":0,"max_hp_gain":0,"max_hp_loss":0,"event_name":"Golden Shrine","floor":11,"gold_loss":0,"cards_obtained":["Regret"]},{"damage_healed":0,"gold_gain":0,"cards_transformed":["Strike_B","Strike_B"],"player_choice":"Became Test Subject","damage_taken":0,"max_hp_gain":0,"max_hp_loss":0,"event_name":"Drug Dealer","floor":21,"gold_loss":0,"cards_obtained":["Echo Form","Sunder"]}],"is_beta":false,"boss_relics":[{"not_picked":["FrozenCore","Eternal Feather"],"picked":"Sozu"}],"items_purged_floors":[12],"is_endless":false,"potions_floor_spawned":[3,7,16,19],"killed_by":"Snake Plant","ascension_level":11}