{"gold_per_floor":[113,113,132,132,132,132,157,3,3,3,18,29,29,29,29,101,101,118,81,96,109,109,109,128,128,180,180,280,312,312,326,326,326],"floor_reached":33,"playtime":846,"items_purged":["Strike_G"],"score":526,"play_id":"c4e785f7-8cd0-4b32-a046-ee7a0a7eacf5","local_time":"20190216143557","is_ascension_mode":true,"campfire_choices":[{"data":"Defend_G","floor":6,"key":"SMITH"},{"floor":10,"key":"REST"},{"data":"Footwork","floor":13,"key":"SMITH"},{"data":"Glass Knife","floor":15,"key":"SMITH"},{"floor":23,"key":"REST"},{"data":"Cloak And Dagger","floor":25,"key":"SMITH"},{"floor":27,"key":"REST"},{"floor":32,"key":"REST"}],"neow_cost":"NONE","seed_source_timestamp":100472608960624,"circlet_count":0,"master_deck":["AscendersBane","Defend_G+1","Defend_G+1","Defend_G+1","Defend_G+1","Defend_G+1","Strike_G+1","Strike_G+1","Strike_G+1","Survivor","Neutralize+1","All Out Attack+1","Well Laid Plans","Cloak And Dagger+1","Footwork+1","Quick Slash","Glass Knife+1","Die Die Die","Poisoned Stab","Backstab","PiercingWail","Escape Plan"],"relics":["Ring of the Snake","Anchor","Lantern","NlothsMask","Busted Crown","Tingsha","Gremlin Horn","Bottled Flame"],"potions_floor_usage":[16,16,28,28,33,33],"damage_taken":[{"damage":0,"enemies":"Jaw Worm","floor":1,"turns":6},{"damage":0,"enemies":"2 Louse","floor":3,"turns":5},{"damage":46,"enemies":"Lagavulin","floor":7,"turns":9},{"damage":0,"enemies":"Small Slimes","floor":11,"turns":2},{"damage":0,"enemies":"Red Slaver","floor":12,"turns":3},{"damage":10,"enemies":"Hexaghost","floor":16,"turns":10},{"damage":30,"enemies":"Chosen","floor":18,"turns":5},{"damage":11,"enemies":"Shell Parasite","floor":20,"turns":4},{"damage":0,"enemies":"Centurion and Healer","floor":21,"turns":6},{"damage":11,"enemies":"3 Cultists","floor":24,"turns":4},{"damage":1,"enemies":"Colosseum Slavers","floor":28,"turns":4},{"damage":0,"enemies":"Colosseum Nobs","floor":28,"turns":4},{"damage":22,"enemies":"Book of Stabbing","floor":29,"turns":6},{"damage":4,"enemies":"Shelled Parasite and Fungi","floor":31,"turns":5},{"damage":45,"enemies":"Collector","floor":33,"turns":7}],"seed_played":"7719503430357121872","potions_obtained":[{"floor":7,"key":"Strength Potion"},{"floor":12,"key":"LiquidBronze"},{"floor":20,"key":"Swift Potion"},{"floor":24,"key":"AttackPotion"},{"floor":29,"key":"Poison Potion"},{"floor":31,"key":"Swift Potion"}],"is_trial":false,"path_per_floor":["M","?","M","?","?","R","E","$","T","R","M","M","R","?","R","B",null,"M","$","M","M","?","R","M","R","T","R","?","E","?","M","R","B"],"character_chosen":"THE_SILENT","items_purchased":["Footwork","Backstab"],"campfire_rested":4,"item_purchase_floors":[8,19],"current_hp_per_floor":[59,59,59,64,64,64,18,18,18,39,39,39,39,39,39,29,61,31,31,20,20,20,41,30,30,30,51,50,28,28,24,45,0],"gold":326,"neow_bonus":"UPGRADE_CARD","is_prod":false,"is_daily":false,"chose_seed":false,"campfire_upgraded":4,"win_rate":0,"timestamp":1550352957,"path_taken":["M","?","M","?","?","R","E","$","T","R","?","M","R","?","R","BOSS","M","$","M","M","?","R","M","R","T","R","?","E","?","M","R","BOSS"],"build_version":"2019-02-06","purchased_purges":1,"victory":false,"max_hp_per_floor":[66,66,66,71,71,71,71,71,71,71,71,71,71,71,71,71,71,71,71,71,71,71,71,71,71,71,71,71,71,71,71,71,71],"card_choices":[{"not_picked":["Flying Knee","Blade Dance"],"picked":"All Out Attack","floor":1},{"not_picked":["Acrobatics","PiercingWail"],"picked":"Well Laid Plans","floor":3},{"not_picked":["PiercingWail","Acrobatics"],"picked":"Cloak And Dagger","floor":7},{"not_picked":["All Out Attack","Heel Hook"],"picked":"Quick Slash","floor":11},{"not_picked":["Slice","Bouncing Flask"],"picked":"Glass Knife","floor":12},{"not_picked":["Bullet Time","Doppelganger"],"picked":"Die Die Die","floor":16},{"not_picked":[],"picked":"Poisoned Stab","floor":18},{"not_picked":["Dagger Spray"],"picked":"SKIP","floor":20},{"not_picked":[],"picked":"PiercingWail","floor":21},{"not_picked":["Flechettes"],"picked":"SKIP","floor":24},{"not_picked":["Finisher"],"picked":"SKIP","floor":29},{"not_picked":["Acrobatics"],"picked":"SKIP","floor":31}],"player_experience":1096453,"relics_obtained":[{"floor":7,"key":"Anchor"},{"floor":9,"key":"Lantern"},{"floor":28,"key":"Tingsha"},{"floor":28,"key":"Gremlin Horn"},{"floor":29,"key":"Bottled Flame"}],"event_choices":[{"damage_healed":0,"gold_gain":0,"player_choice":"Ignored","damage_taken":0,"max_hp_gain":0,"max_hp_loss":0,"event_name":"Liars Game","floor":2,"gold_loss":0},{"damage_healed":0,"gold_gain":0,"player_choice":"Donut","damage_taken":0,"max_hp_gain":5,"max_hp_loss":0,"event_name":"Big Fish","floor":4,"gold_loss":0},{"damage_healed":0,"gold_gain":0,"player_choice":"Upgraded","damage_taken":0,"max_hp_gain":0,"max_hp_loss":0,"event_name":"Upgrade Shrine","floor":5,"gold_loss":0,"cards_upgraded":["All Out Attack"]},{"damage_healed":0,"gold_gain":0,"player_choice":"Trade","damage_taken":0,"relics_obtained":["NlothsMask"],"max_hp_gain":0,"max_hp_loss":0,"event_name":"FaceTrader","floor":14,"gold_loss":0},{"damage_healed":0,"gold_gain":0,"player_choice":"Simplicity","damage_taken":0,"max_hp_gain":0,"max_hp_loss":0,"event_name":"Back to Basics","floor":22,"gold_loss":0,"cards_upgraded":["Defend_G","Defend_G","Defend_G","Defend_G","Strike_G","Strike_G","Strike_G","Strike_G"]},{"damage_healed":0,"gold_gain":0,"player_choice":"Fight","damage_taken":0,"max_hp_gain":0,"max_hp_loss":0,"event_name":"Colosseum","floor":28,"gold_loss":0},{"damage_healed":0,"gold_gain":0,"player_choice":"Fought Nobs","damage_taken":0,"max_hp_gain":0,"max_hp_loss":0,"event_name":"Colosseum","floor":28,"gold_loss":0},{"damage_healed":0,"gold_gain":0,"cards_transformed":["Strike_G"],"player_choice":"Transformed","damage_taken":0,"max_hp_gain":0,"max_hp_loss":0,"event_name":"Transmorgrifier","floor":30,"gold_loss":0,"cards_obtained":["Escape Plan"]}],"is_beta":true,"boss_relics":[{"not_picked":["White Beast Statue","Eternal Feather"],"picked":"Busted Crown"}],"items_purged_floors":[8],"is_endless":false,"potions_floor_spawned":[7,12,20,24,28,29,31],"killed_by":"Collector","ascension_level":20}