{"gold_per_floor":[111,111,111,111,124,124,168,186,186,186,211,211,235,276,276,374,374,388,388,388],"floor_reached":20,"playtime":1021,"items_purged":[],"score":364,"play_id":"e7419dbd-2d35-4d84-8ce9-1a69eccefe8c","local_time":"20190504161154","is_ascension_mode":true,"campfire_choices":[{"data":"Twin Strike","floor":6,"key":"SMITH"},{"data":"Hemokinesis","floor":10,"key":"SMITH"},{"data":"Anger","floor":12,"key":"SMITH"},{"floor":15,"key":"REST"}],"neow_cost":"NONE","seed_source_timestamp":369376802643120,"circlet_count":0,"master_deck":["AscendersBane","Strike_R","Strike_R","Strike_R","Strike_R","Strike_R","Defend_R+1","Defend_R","Defend_R","Defend_R+1","Bash+1","Twin Strike+1","Burning Pact","Hemokinesis+1","Pommel Strike","Anger+1","Reaper","RitualDagger"],"relics":["Burning Blood","Omamori","Golden Idol","Regal Pillow","Frozen Egg 2","The Courier","Busted Crown"],"potions_floor_usage":[7,16,16],"damage_taken":[{"damage":10,"enemies":"Small Slimes","floor":1,"turns":3},{"damage":0,"enemies":"2 Louse","floor":5,"turns":3},{"damage":36,"enemies":"3 Sentries","floor":7,"turns":13},{"damage":0,"enemies":"Jaw Worm","floor":8,"turns":3},{"damage":0,"enemies":"3 Louse","floor":11,"turns":2},{"damage":2,"enemies":"Looter","floor":13,"turns":2},{"damage":10,"enemies":"Gremlin Nob","floor":14,"turns":3},{"damage":12,"enemies":"Slime Boss","floor":16,"turns":8},{"damage":39,"enemies":"Shell Parasite","floor":18,"turns":4},{"damage":59,"enemies":"Colosseum Slavers","floor":20,"turns":4}],"seed_played":"-3619732712092669293","potions_obtained":[{"floor":1,"key":"FearPotion"},{"floor":5,"key":"Swift Potion"},{"floor":13,"key":"SmokeBomb"},{"floor":14,"key":"SteroidPotion"}],"is_trial":false,"path_per_floor":["M","?","?","?","M","R","E","M","T","R","M","R","M","E","R","B",null,"M","?","?"],"character_chosen":"IRONCLAD","items_purchased":[],"campfire_rested":1,"item_purchase_floors":[],"current_hp_per_floor":[64,64,41,41,47,47,17,23,23,23,29,29,33,29,66,60,71,38,32,0],"gold":388,"neow_bonus":"RANDOM_COMMON_RELIC","is_prod":false,"is_daily":false,"chose_seed":false,"campfire_upgraded":3,"win_rate":0,"timestamp":1557011514,"path_taken":["M","?","?","?","M","R","E","M","T","R","M","R","M","E","R","BOSS","M","?","?"],"build_version":"2019-04-23","purchased_purges":0,"victory":false,"max_hp_per_floor":[75,75,75,75,75,75,75,75,75,75,75,75,75,75,75,75,75,75,75,75],"card_choices":[{"not_picked":["Dual Wield","Perfected Strike"],"picked":"Twin Strike","floor":1},{"not_picked":["Dual Wield","Flex"],"picked":"Burning Pact","floor":5},{"not_picked":["True Grit","Dark Embrace"],"picked":"Hemokinesis","floor":7},{"not_picked":["Hemokinesis","Cleave"],"picked":"Pommel Strike","floor":8},{"not_picked":["Dropkick","Clash"],"picked":"Anger","floor":11},{"not_picked":["Havoc","Wild Strike","Anger"],"picked":"SKIP","floor":13},{"not_picked":["Berserk+1","Rupture+1","Sever Soul"],"picked":"SKIP","floor":14},{"not_picked":["Demon Form+1","Bludgeon"],"picked":"Reaper","floor":16},{"not_picked":["Thunderclap"],"picked":"SKIP","floor":18}],"player_experience":6134938,"relics_obtained":[{"floor":7,"key":"Regal Pillow"},{"floor":9,"key":"Frozen Egg 2"},{"floor":14,"key":"The Courier"}],"event_choices":[{"damage_healed":0,"gold_gain":0,"player_choice":"Take Wound","damage_taken":0,"relics_obtained":["Golden Idol"],"max_hp_gain":0,"max_hp_loss":0,"event_name":"Golden Idol","floor":2,"gold_loss":0,"cards_obtained":["Injury"]},{"damage_healed":0,"gold_gain":0,"player_choice":"Entered Light","damage_taken":23,"max_hp_gain":0,"max_hp_loss":0,"event_name":"Shining Light","floor":3,"gold_loss":0,"cards_upgraded":["Defend_R","Defend_R"]},{"damage_healed":0,"gold_gain":0,"player_choice":"Grow","damage_taken":0,"max_hp_gain":0,"max_hp_loss":0,"event_name":"Living Wall","floor":4,"gold_loss":0,"cards_upgraded":["Bash"]},{"damage_healed":0,"gold_gain":0,"player_choice":"Joined the Cult","damage_taken":6,"max_hp_gain":0,"max_hp_loss":0,"event_name":"Nest","floor":19,"gold_loss":0,"cards_obtained":["RitualDagger"]},{"damage_healed":0,"gold_gain":0,"player_choice":"Fight","damage_taken":0,"max_hp_gain":0,"max_hp_loss":0,"event_name":"Colosseum","floor":20,"gold_loss":0}],"is_beta":true,"boss_relics":[{"not_picked":["Orrery","Black Blood"],"picked":"Busted Crown"}],"items_purged_floors":[],"is_endless":false,"potions_floor_spawned":[1,5,13,14],"killed_by":"Colosseum Slavers","ascension_level":20}