{"gold_per_floor":[113,133,133,133,133,173,98,98,98,112,132,162,203,103,103,202,202,220,345,345,122,165,204,204,243,243,287,287,327,343,387,387,387],"floor_reached":33,"playtime":1100,"items_purged":["Defend_R","Defend_R"],"score":781,"play_id":"97a78ec4-2571-4ad6-b55e-d5a340db628d","local_time":"20190313000828","is_ascension_mode":true,"campfire_choices":[{"data":"Bash","floor":8,"key":"SMITH"},{"data":"Rage","floor":15,"key":"SMITH"},{"data":"Whirlwind","floor":24,"key":"SMITH"},{"data":"Rage","floor":32,"key":"SMITH"}],"neow_cost":"NONE","seed_source_timestamp":824226860557153,"circlet_count":0,"master_deck":["AscendersBane","Strike_R","Strike_R","Strike_R","Strike_R","Strike_R","Defend_R","Bash+1","Wild Strike","Perfected Strike+1","Wild Strike","Rage+1","Rage+1","Immolate","Battle Trance","Bloodletting+1","Twin Strike","Whirlwind+1","Blood for Blood","Perfected Strike+1","Wild Strike","Hemokinesis+1"],"relics":["Burning Blood","NeowsBlessing","Golden Idol","Mercury Hourglass","Self Forming Clay","Orichalcum","Art of War","Mark of Pain","WingedGreaves","Letter Opener","MutagenicStrength","ClockworkSouvenir","Red Mask","Anchor","Torii","Paper Frog","The Courier","Incense Burner","Dodecahedron"],"potions_floor_usage":[16,19,25,27,31],"damage_taken":[{"damage":0,"enemies":"Small Slimes","floor":1,"turns":2},{"damage":0,"enemies":"Jaw Worm","floor":2,"turns":1},{"damage":0,"enemies":"3 Sentries","floor":6,"turns":1},{"damage":6,"enemies":"2 Louse","floor":10,"turns":2},{"damage":13,"enemies":"Blue Slaver","floor":11,"turns":3},{"damage":20,"enemies":"Lagavulin","floor":13,"turns":5},{"damage":21,"enemies":"Hexaghost","floor":16,"turns":7},{"damage":0,"enemies":"Chosen","floor":18,"turns":2},{"damage":7,"enemies":"Colosseum Slavers","floor":19,"turns":3},{"damage":3,"enemies":"Colosseum Nobs","floor":19,"turns":4},{"damage":3,"enemies":"Masked Bandits","floor":22,"turns":2},{"damage":12,"enemies":"Slavers","floor":23,"turns":3},{"damage":8,"enemies":"Gremlin Leader","floor":25,"turns":3},{"damage":3,"enemies":"Book of Stabbing","floor":27,"turns":2},{"damage":1,"enemies":"Gremlin Leader","floor":29,"turns":2},{"damage":0,"enemies":"3 Byrds","floor":30,"turns":3},{"damage":0,"enemies":"Book of Stabbing","floor":31,"turns":2},{"damage":77,"enemies":"Champ","floor":33,"turns":5}],"seed_played":"6049793369781634714","potions_obtained":[{"floor":1,"key":"Explosive Potion"},{"floor":13,"key":"GamblersBrew"},{"floor":16,"key":"FearPotion"},{"floor":22,"key":"LiquidBronze"},{"floor":27,"key":"Explosive Potion"},{"floor":29,"key":"Dexterity Potion"}],"is_trial":false,"path_per_floor":["M","M","?","?","?","E","$","R","T","M","M","?","E","$","R","B",null,"M","?","?","$","?","E","R","E","T","E","?","E","M","E","R","B"],"character_chosen":"IRONCLAD","items_purchased":["ClockworkSouvenir"],"campfire_rested":0,"item_purchase_floors":[21],"current_hp_per_floor":[74,75,49,49,42,48,48,48,48,48,41,41,27,27,27,12,59,65,67,67,67,70,64,64,62,62,65,65,70,75,75,75,0],"gold":387,"neow_bonus":"THREE_ENEMY_KILL","is_prod":false,"is_daily":false,"chose_seed":false,"campfire_upgraded":4,"win_rate":0,"timestamp":1552450108,"path_taken":["M","M","?","?","?","E","?","R","T","M","?","?","E","$","R","BOSS","M","?","?","$","?","E","R","E","T","E","?","E","M","E","R","BOSS"],"build_version":"2019-01-23","purchased_purges":2,"victory":false,"max_hp_per_floor":[75,75,75,75,75,75,75,75,75,75,75,75,75,75,75,75,75,75,75,75,75,75,75,75,75,75,75,75,75,75,75,75,75],"card_choices":[{"not_picked":["Power Through","Thunderclap"],"picked":"Wild Strike","floor":1},{"not_picked":["Anger","Dual Wield"],"picked":"Perfected Strike","floor":2},{"not_picked":["Armaments","Brutality"],"picked":"Wild Strike","floor":6},{"not_picked":["Body Slam","Iron Wave"],"picked":"Rage","floor":10},{"not_picked":["Cleave","Disarm"],"picked":"Rage","floor":11},{"not_picked":["Impervious","Thunderclap","Whirlwind"],"picked":"SKIP","floor":13},{"not_picked":["Impervious","Limit Break"],"picked":"Immolate","floor":16},{"not_picked":["Warcry","Power Through"],"picked":"Battle Trance","floor":18},{"not_picked":["Armaments","Havoc"],"picked":"Bloodletting+1","floor":19},{"not_picked":["Headbutt","Sword Boomerang"],"picked":"Twin Strike","floor":22},{"not_picked":["Spot Weakness","Flame Barrier"],"picked":"Whirlwind","floor":23},{"not_picked":["Burning Pact","Havoc"],"picked":"Blood for Blood","floor":25},{"not_picked":["Clash","Exhume","Iron Wave"],"picked":"SKIP","floor":27},{"not_picked":["Pummel","Shrug It Off"],"picked":"Wild Strike","floor":29},{"not_picked":["Cleave","Shrug It Off","Heavy Blade"],"picked":"SKIP","floor":30},{"not_picked":["Impervious","Dropkick"],"picked":"Hemokinesis+1","floor":31}],"player_experience":1061568,"relics_obtained":[{"floor":6,"key":"Mercury Hourglass"},{"floor":9,"key":"Self Forming Clay"},{"floor":13,"key":"Art of War"},{"floor":19,"key":"WingedGreaves"},{"floor":19,"key":"Letter Opener"},{"floor":22,"key":"Red Mask"},{"floor":23,"key":"Anchor"},{"floor":25,"key":"Torii"},{"floor":26,"key":"Paper Frog"},{"floor":27,"key":"The Courier"},{"floor":29,"key":"Incense Burner"},{"floor":31,"key":"Dodecahedron"}],"event_choices":[{"damage_healed":0,"gold_gain":0,"player_choice":"Take Damage","damage_taken":26,"relics_obtained":["Golden Idol"],"max_hp_gain":0,"max_hp_loss":0,"event_name":"Golden Idol","floor":3,"gold_loss":0},{"damage_healed":0,"gold_gain":0,"player_choice":"Grow","damage_taken":0,"max_hp_gain":0,"max_hp_loss":0,"event_name":"Living Wall","floor":4,"gold_loss":0,"cards_upgraded":["Perfected Strike"]},{"cards_removed":["Defend_R"],"damage_healed":0,"gold_gain":0,"player_choice":"Card Removal","damage_taken":7,"max_hp_gain":0,"max_hp_loss":0,"event_name":"Golden Wing","floor":5,"gold_loss":0},{"damage_healed":0,"gold_gain":30,"player_choice":"Searched \u00272\u0027 times","damage_taken":0,"relics_obtained":["Orichalcum"],"max_hp_gain":0,"max_hp_loss":0,"event_name":"Dead Adventurer","floor":12,"gold_loss":0},{"damage_healed":0,"gold_gain":0,"player_choice":"Fight","damage_taken":0,"max_hp_gain":0,"max_hp_loss":0,"event_name":"Colosseum","floor":19,"gold_loss":0},{"damage_healed":0,"gold_gain":0,"player_choice":"Fought Nobs","damage_taken":0,"max_hp_gain":0,"max_hp_loss":0,"event_name":"Colosseum","floor":19,"gold_loss":0},{"damage_healed":0,"gold_gain":0,"player_choice":"Inject Mutagens","damage_taken":0,"relics_obtained":["MutagenicStrength"],"max_hp_gain":0,"max_hp_loss":0,"event_name":"Drug Dealer","floor":20,"gold_loss":0},{"damage_healed":0,"gold_gain":0,"player_choice":"Fought Bandits","damage_taken":0,"max_hp_gain":0,"max_hp_loss":0,"event_name":"Masked Bandits","floor":22,"gold_loss":0},{"damage_healed":0,"gold_gain":0,"player_choice":"Copied","damage_taken":0,"max_hp_gain":0,"max_hp_loss":0,"event_name":"Duplicator","floor":28,"gold_loss":0,"cards_obtained":["Perfected Strike"]}],"is_beta":false,"boss_relics":[{"not_picked":["Philosopher\u0027s Stone","Snecko Eye"],"picked":"Mark of Pain"}],"items_purged_floors":[7,14],"is_endless":false,"potions_floor_spawned":[1,13,16,22,27,29,30],"killed_by":"Champ","ascension_level":17}