{"gold_per_floor":[118,137,153,153,172,172,172,184,184,200,200,234,234,247,247,349,349,364,364,173,18,30,30,30,30,30,41,41,53,82,97,97,97],"floor_reached":33,"playtime":2456,"items_purged":[],"score":269,"play_id":"d2aae702-7f79-4377-9d12-07332690ebdd","local_time":"20181002192513","is_ascension_mode":false,"campfire_choices":[{"floor":7.0,"key":"REST"},{"data":"Accuracy","floor":11.0,"key":"SMITH"},{"data":"Infinite Blades","floor":13,"key":"SMITH"},{"floor":15,"key":"REST"},{"data":"Choke","floor":23,"key":"SMITH"},{"data":"Night Terror","floor":25,"key":"SMITH"},{"data":"Tools of the Trade","floor":28,"key":"SMITH"},{"floor":32,"key":"REST"}],"neow_cost":"","seed_source_timestamp":0,"circlet_count":0,"master_deck":["Defend_G","Defend_G","Defend_G","Defend_G","Defend_G","Strike_G","Strike_G","Strike_G","Strike_G","Strike_G","Survivor","Neutralize","Masterful Stab","Accuracy+1","Bouncing Flask","Bane","Tools of the Trade+1","Blade Dance","Infinite Blades+1","Night Terror+1","Infinite Blades","J.A.X.","Choke+1","Deadly Poison","Accuracy"],"special_seed":0,"relics":["Ring of the Snake","Question Card","Mummified Hand","Oddly Smooth Stone","Sozu","TwistedFunnel","Happy Flower","Ninja Scroll","Mango"],"potions_floor_usage":[12,12,16],"damage_taken":[{"damage":5.0,"enemies":"Small Slimes","floor":1.0,"turns":4.0},{"damage":0.0,"enemies":"2 Louse","floor":2.0,"turns":3.0},{"damage":1.0,"enemies":"Cultist","floor":3.0,"turns":3.0},{"damage":1.0,"enemies":"Exordium Thugs","floor":5.0,"turns":5.0},{"damage":5.0,"enemies":"Looter","floor":8.0,"turns":2.0},{"damage":0.0,"enemies":"3 Louse","floor":10.0,"turns":2.0},{"damage":18,"enemies":"3 Sentries","floor":12,"turns":9},{"damage":6,"enemies":"Blue Slaver","floor":14,"turns":3},{"damage":34,"enemies":"Slime Boss","floor":16,"turns":9},{"damage":25,"enemies":"Chosen","floor":18,"turns":5},{"damage":10,"enemies":"Shell Parasite","floor":22,"turns":3},{"damage":17,"enemies":"Cultist and Chosen","floor":27,"turns":4},{"damage":6,"enemies":"Centurion and Healer","floor":29,"turns":3},{"damage":30,"enemies":"Book of Stabbing","floor":30,"turns":5},{"damage":15,"enemies":"Snake Plant","floor":31,"turns":3},{"damage":30,"enemies":"Champ","floor":33,"turns":3}],"seed_played":"-8646259259656977912","potions_obtained":[{"floor":1.0,"key":"AttackPotion"},{"floor":5.0,"key":"Ancient Potion"},{"floor":8.0,"key":"Dexterity Potion"},{"floor":10.0,"key":"Dexterity Potion"}],"is_trial":false,"path_per_floor":["M","M","M","$","M","?","R","M","T","M","R","E","R","M","R","B",null,"M","?","$","$","M","R","?","R","T","M","R","M","E","M","R"],"character_chosen":"THE_SILENT","items_purchased":["TwistedFunnel","Happy Flower"],"campfire_rested":3,"item_purchase_floors":[20,21],"current_hp_per_floor":[65,65,64,64,63,45,66,61,61,61,61,43,43,37,58,24,70,45,45,45,45,35,35,58,58,58,41,41,35,19,4,29,0],"gold":97,"neow_bonus":"","is_prod":false,"is_daily":false,"chose_seed":false,"campfire_upgraded":5,"win_rate":0,"timestamp":1538522713,"path_taken":["M","M","M","$","M","?","R","M","T","M","R","E","R","M","R","BOSS","M","?","?","$","?","R","?","R","T","M","R","M","E","M","R","BOSS"],"build_version":"2018-09-27","purchased_purges":0,"victory":false,"max_hp_per_floor":[70,70,70,70,70,70,70,70,70,70,70,70,70,70,70,70,70,70,70,70,70,70,70,70,70,70,70,70,70,84,84,84,84],"card_choices":[{"not_picked":["Dagger Spray","Outmaneuver"],"picked":"Masterful Stab","floor":1.0},{"not_picked":["Footwork","Sucker Punch"],"picked":"Accuracy","floor":2.0},{"not_picked":["Outmaneuver","PiercingWail"],"picked":"Bouncing Flask","floor":3.0},{"not_picked":["Expertise","Slice"],"picked":"Bane","floor":5.0},{"not_picked":["Dodge and Roll","All Out Attack","Acrobatics"],"picked":"Tools of the Trade","floor":8.0},{"not_picked":["Outmaneuver","Backflip","Quick Slash"],"picked":"Blade Dance","floor":10.0},{"not_picked":["Distraction","Dagger Throw","Blade Dance"],"picked":"Infinite Blades","floor":12},{"not_picked":["Bane","Dagger Throw","Eviscerate","Venomology"],"picked":"SKIP","floor":14},{"not_picked":["Glass Knife","Doppelganger","Unload"],"picked":"Night Terror","floor":16},{"not_picked":["Flechettes","PiercingWail","Sucker Punch+1"],"picked":"Infinite Blades","floor":18},{"not_picked":["Backflip","Expertise","Eviscerate"],"picked":"Choke","floor":22},{"not_picked":["Quick Slash","Bouncing Flask","Acrobatics"],"picked":"Deadly Poison","floor":27},{"not_picked":["Unload","Underhanded Strike+1","Backflip+1","Skewer"],"picked":"SKIP","floor":29},{"not_picked":["Footwork","Quick Slash","Dagger Spray"],"picked":"Accuracy","floor":30},{"not_picked":["Distraction","Blade Dance","Backflip","Slice"],"picked":"SKIP","floor":31}],"player_experience":139073,"relics_obtained":[{"floor":9.0,"key":"Mummified Hand"},{"floor":12,"key":"Oddly Smooth Stone"},{"floor":26,"key":"Ninja Scroll"},{"floor":30,"key":"Mango"}],"event_choices":[{"event_name":"Scrap Ooze","player_choice":"success","floor":6.0,"damage_taken":18.0},{"event_name":"Drug Dealer","player_choice":"Got JAX","floor":19,"damage_taken":0},{"event_name":"The Library","player_choice":"Heal","floor":24,"damage_taken":0}],"is_beta":false,"boss_relics":[{"not_picked":["Philosopher\u0027s Stone","Runic Pyramid"],"picked":"Sozu"}],"items_purged_floors":[],"is_endless":false,"potions_floor_spawned":[1,5,8,10,18,22],"killed_by":"Champ","ascension_level":0}