{"gold_per_floor":[112,131,131,47,47,47,47,60,60,71,71,86,86,104,104,175,175,194,194,206,226,238,238,238],"floor_reached":24,"playtime":1082,"items_purged":[],"score":380,"play_id":"b77de1aa-5a55-41f5-b7f5-a95fcbac5069","local_time":"20181226003759","is_ascension_mode":true,"campfire_choices":[{"data":"Neutralize","floor":6,"key":"SMITH"},{"data":"Sucker Punch","floor":11,"key":"SMITH"},{"data":"Deadly Poison","floor":15,"key":"SMITH"},{"floor":23,"key":"REST"}],"neow_cost":"PERCENT_DAMAGE","seed_source_timestamp":222331025871185,"circlet_count":0,"master_deck":["AscendersBane","Defend_G","Defend_G","Defend_G","Defend_G","Defend_G","Strike_G","Strike_G","Survivor","Neutralize+1","Cloak And Dagger","PiercingWail","Well Laid Plans+1","Cloak And Dagger","Deadly Poison+1","Sucker Punch+1","Quick Slash","Backstab","Malaise","Heel Hook+1","Dagger Throw+1","Acrobatics+1","Dodge and Roll","Leg Sweep","Dodge and Roll","Leg Sweep"],"relics":["Ring of the Snake","Prayer Wheel","The Courier","Astrolabe","Frozen Egg 2"],"potions_floor_usage":[14,16,16,22],"damage_taken":[{"damage":2,"enemies":"2 Louse","floor":1,"turns":3},{"damage":0,"enemies":"Cultist","floor":2,"turns":4},{"damage":1,"enemies":"Small Slimes","floor":8,"turns":4},{"damage":0,"enemies":"Looter","floor":10,"turns":4},{"damage":0,"enemies":"3 Louse","floor":12,"turns":4},{"damage":5,"enemies":"Gremlin Gang","floor":14,"turns":5},{"damage":37,"enemies":"Hexaghost","floor":16,"turns":13},{"damage":17,"enemies":"Shell Parasite","floor":18,"turns":9},{"damage":25,"enemies":"3 Byrds","floor":20,"turns":11},{"damage":10,"enemies":"Shelled Parasite and Fungi","floor":21,"turns":12},{"damage":13,"enemies":"Snecko","floor":22,"turns":9},{"damage":29,"enemies":"Book of Stabbing","floor":24,"turns":7}],"seed_played":"6195581616907728054","potions_obtained":[{"floor":8,"key":"SkillPotion"},{"floor":12,"key":"Regen Potion"},{"floor":14,"key":"LiquidBronze"},{"floor":16,"key":"SteroidPotion"},{"floor":18,"key":"GamblersBrew"},{"floor":21,"key":"Regen Potion"}],"is_trial":false,"path_per_floor":["M","M","?","$","?","R","?","M","T","M","R","M","?","M","R","B",null,"M","?","M","M","M","R","E"],"character_chosen":"THE_SILENT","items_purchased":["Well Laid Plans"],"campfire_rested":1,"item_purchase_floors":[4],"current_hp_per_floor":[42,42,66,66,66,66,66,65,65,65,65,65,65,60,60,38,59,42,42,17,7,9,28,0],"gold":238,"neow_bonus":"ONE_RARE_RELIC","is_prod":false,"is_daily":false,"chose_seed":false,"campfire_upgraded":3,"win_rate":0,"timestamp":1545809879,"path_taken":["M","M","?","$","?","R","?","?","T","M","R","M","?","M","R","BOSS","M","?","?","M","M","R","E"],"build_version":"2018-12-25","purchased_purges":0,"victory":false,"max_hp_per_floor":[66,66,66,66,66,66,66,66,66,66,66,66,66,66,66,66,66,66,66,66,66,66,66,66],"card_choices":[{"not_picked":["Dagger Throw","Underhanded Strike"],"picked":"Cloak And Dagger","floor":1},{"not_picked":["Underhanded Strike","Expertise","Deflect"],"picked":"SKIP","floor":1},{"not_picked":["Riddle With Holes","Catalyst"],"picked":"PiercingWail","floor":2},{"not_picked":["Outmaneuver","Underhanded Strike"],"picked":"Reflex","floor":2},{"not_picked":["Deadly Poison","Calculated Gamble"],"picked":"Cloak And Dagger","floor":8},{"not_picked":["Outmaneuver","Bane"],"picked":"Deadly Poison","floor":8},{"not_picked":["Expertise","Deadly Poison"],"picked":"Sucker Punch","floor":10},{"not_picked":["Acrobatics","Riddle With Holes","Reflex"],"picked":"SKIP","floor":10},{"not_picked":["Distraction","Deadly Poison"],"picked":"Quick Slash","floor":12},{"not_picked":["Underhanded Strike","Acrobatics","Finisher"],"picked":"SKIP","floor":12},{"not_picked":["Quick Slash","Heel Hook"],"picked":"Backstab","floor":14},{"not_picked":["Sucker Punch","Distraction","Endless Agony"],"picked":"SKIP","floor":14},{"not_picked":["Sucker Punch","Distraction","Endless Agony"],"picked":"SKIP","floor":14},{"not_picked":["Die Die Die","Corpse Explosion"],"picked":"Malaise","floor":16},{"not_picked":["Terror","Heel Hook"],"picked":"Dodge and Roll","floor":18},{"not_picked":["Distraction","Catalyst","Slice"],"picked":"SKIP","floor":18},{"not_picked":["Reflex","Choke"],"picked":"Leg Sweep","floor":20},{"not_picked":["Prepared","Poisoned Stab"],"picked":"Dodge and Roll","floor":20},{"not_picked":["Deflect","Bouncing Flask","Quick Slash"],"picked":"SKIP","floor":21},{"not_picked":["Poisoned Stab","Slice","Acrobatics"],"picked":"SKIP","floor":21},{"not_picked":["Quick Slash","Escape Plan+1"],"picked":"Leg Sweep","floor":22},{"not_picked":["Acrobatics","Calculated Gamble","Dodge and Roll"],"picked":"SKIP","floor":22}],"player_experience":997049,"relics_obtained":[{"floor":9,"key":"The Courier"}],"event_choices":[{"cards_removed":["Reflex"],"damage_healed":24,"gold_gain":0,"player_choice":"Offered Uncommon","damage_taken":0,"max_hp_gain":0,"max_hp_loss":0,"event_name":"Bonfire Elementals","floor":3,"gold_loss":0},{"damage_healed":0,"gold_gain":0,"player_choice":"Leave","damage_taken":0,"max_hp_gain":0,"max_hp_loss":0,"event_name":"The Cleric","floor":5,"gold_loss":0},{"damage_healed":0,"gold_gain":0,"player_choice":"Upgraded","damage_taken":0,"max_hp_gain":0,"max_hp_loss":0,"event_name":"Upgrade Shrine","floor":7,"gold_loss":0,"cards_upgraded":["Well Laid Plans"]},{"damage_healed":0,"gold_gain":0,"player_choice":"Ignored","damage_taken":0,"max_hp_gain":0,"max_hp_loss":0,"event_name":"Liars Game","floor":13,"gold_loss":0},{"damage_healed":0,"gold_gain":0,"player_choice":"Gave Potion","damage_taken":0,"relics_obtained":["Frozen Egg 2"],"max_hp_gain":0,"max_hp_loss":0,"event_name":"WeMeetAgain","floor":19,"gold_loss":0}],"is_beta":true,"boss_relics":[{"not_picked":["Eternal Feather","Runic Pyramid"],"picked":"Astrolabe"}],"items_purged_floors":[],"is_endless":false,"potions_floor_spawned":[8,12,14,16,18,21],"killed_by":"Book of Stabbing","ascension_level":20}