{"gold_per_floor":[114,125,50,67,67,102,102,102,102,119,150,150,150,185,185,263,263,277,297,34,34,34,34,62,62,62,62,75,93,120,130,130,130],"floor_reached":33,"playtime":926,"items_purged":["Strike_R","Strike_R"],"score":706,"play_id":"7e99c87e-1f27-43ca-b049-15b3e1ad860e","local_time":"20190504121427","is_ascension_mode":true,"campfire_choices":[{"data":"Bash","floor":8,"key":"SMITH"},{"data":"Demon Form","floor":12,"key":"SMITH"},{"data":"Clothesline","floor":15,"key":"SMITH"},{"data":"Immolate","floor":23,"key":"SMITH"},{"data":"Pommel Strike","floor":25,"key":"SMITH"},{"data":"Battle Trance","floor":27,"key":"SMITH"},{"floor":32,"key":"REST"}],"neow_cost":"NONE","seed_source_timestamp":273751318554415,"circlet_count":0,"master_deck":["AscendersBane","Strike_R","Strike_R","Strike_R","Defend_R","Defend_R","Defend_R","Defend_R","Bash+1","Cleave+1","Clothesline+1","Pommel Strike+1","Offering","Thunderclap","Demon Form+1","Immolate+1","Armaments+1","Battle Trance+1","Disarm+1","Doubt","Warcry","Reaper+1","True Grit"],"relics":["Burning Blood","PreservedInsect","Question Card","CultistMask","Mercury Hourglass","Bag of Preparation","Oddly Smooth Stone","Regal Pillow","Cursed Key","Anchor","Orichalcum","Whetstone"],"potions_floor_usage":[11,16,33],"damage_taken":[{"damage":4,"enemies":"2 Louse","floor":1,"turns":3},{"damage":8,"enemies":"Small Slimes","floor":2,"turns":4},{"damage":0,"enemies":"Cultist","floor":4,"turns":3},{"damage":30,"enemies":"Gremlin Nob","floor":6,"turns":4},{"damage":1,"enemies":"2 Fungi Beasts","floor":10,"turns":2},{"damage":6,"enemies":"3 Sentries","floor":11,"turns":3},{"damage":15,"enemies":"Lagavulin","floor":14,"turns":5},{"damage":16,"enemies":"Hexaghost","floor":16,"turns":7},{"damage":17,"enemies":"2 Thieves","floor":18,"turns":2},{"damage":11,"enemies":"Spheric Guardian","floor":19,"turns":3},{"damage":6,"enemies":"Slavers","floor":24,"turns":1},{"damage":17,"enemies":"Shelled Parasite and Fungi","floor":28,"turns":5},{"damage":6,"enemies":"Chosen and Byrds","floor":29,"turns":3},{"damage":19,"enemies":"Book of Stabbing","floor":30,"turns":4},{"damage":6,"enemies":"Snake Plant","floor":31,"turns":4},{"damage":78,"enemies":"Automaton","floor":33,"turns":8}],"seed_played":"-2058877296419194249","potions_obtained":[{"floor":2,"key":"Explosive Potion"},{"floor":6,"key":"SpeedPotion"},{"floor":14,"key":"Block Potion"},{"floor":16,"key":"PowerPotion"},{"floor":19,"key":"Strength Potion"}],"is_trial":false,"path_per_floor":["M","M","$","M","?","E","?","R","T","M","E","R","?","E","R","B",null,"M","M","$","?","$","R","E","R","T","R","M","M","E","M","R","B"],"character_chosen":"IRONCLAD","items_purchased":["Anchor"],"campfire_rested":1,"item_purchase_floors":[20],"current_hp_per_floor":[70,68,68,74,74,50,50,50,50,55,55,55,55,46,46,36,65,54,49,49,49,49,49,49,49,49,49,38,38,25,25,62,0],"gold":130,"neow_bonus":"RANDOM_COMMON_RELIC","is_prod":false,"is_daily":false,"chose_seed":false,"campfire_upgraded":6,"win_rate":0,"timestamp":1556997267,"path_taken":["M","M","$","M","?","E","?","R","T","?","E","R","?","E","R","BOSS","M","M","?","?","$","R","E","R","T","R","M","M","E","M","R","BOSS"],"build_version":"2019-04-23","purchased_purges":2,"victory":false,"max_hp_per_floor":[75,75,75,75,75,75,75,75,75,75,75,75,75,75,75,75,75,75,75,75,75,75,75,75,75,75,75,75,75,75,75,75,75],"card_choices":[{"not_picked":["Fire Breathing","Iron Wave"],"picked":"Cleave","floor":1},{"not_picked":["Rupture","Thunderclap"],"picked":"Clothesline","floor":2},{"not_picked":["Combust","Body Slam"],"picked":"Pommel Strike","floor":4},{"not_picked":["Bloodletting","Headbutt"],"picked":"Offering","floor":6},{"not_picked":["Clash","Burning Pact","Twin Strike"],"picked":"Thunderclap","floor":10},{"not_picked":["Wild Strike","Perfected Strike","Armaments"],"picked":"Demon Form","floor":11},{"not_picked":["Pommel Strike","Combust","Clothesline","Sever Soul"],"picked":"SKIP","floor":14},{"not_picked":["Exhume","Fiend Fire","Brutality"],"picked":"Immolate","floor":16},{"not_picked":["Sever Soul","Twin Strike","Seeing Red"],"picked":"Armaments+1","floor":18},{"not_picked":["Shrug It Off","Rage","Armaments"],"picked":"Battle Trance","floor":19},{"not_picked":["Iron Wave","Pommel Strike","Bloodletting"],"picked":"Disarm+1","floor":24},{"not_picked":["Clash+1","Iron Wave","Immolate"],"picked":"Warcry","floor":28},{"not_picked":["Thunderclap","Hemokinesis+1","Wild Strike","Flex"],"picked":"SKIP","floor":29},{"not_picked":["Carnage","Body Slam","Reckless Charge"],"picked":"Reaper","floor":30},{"not_picked":["Sentinel+1","Warcry","Carnage+1"],"picked":"True Grit","floor":31}],"player_experience":1210338,"relics_obtained":[{"floor":6,"key":"Question Card"},{"floor":9,"key":"Mercury Hourglass"},{"floor":11,"key":"Bag of Preparation"},{"floor":14,"key":"Regal Pillow"},{"floor":24,"key":"Orichalcum"},{"floor":30,"key":"Whetstone"}],"event_choices":[{"damage_healed":0,"gold_gain":0,"player_choice":"Ignored","damage_taken":0,"max_hp_gain":0,"max_hp_loss":0,"event_name":"Liars Game","floor":5,"gold_loss":0},{"damage_healed":0,"gold_gain":0,"player_choice":"Trade","damage_taken":0,"relics_obtained":["CultistMask"],"max_hp_gain":0,"max_hp_loss":0,"event_name":"FaceTrader","floor":7,"gold_loss":0},{"damage_healed":0,"gold_gain":0,"player_choice":"Gave Potion","damage_taken":0,"relics_obtained":["Oddly Smooth Stone"],"max_hp_gain":0,"max_hp_loss":0,"event_name":"WeMeetAgain","floor":13,"gold_loss":0},{"damage_healed":0,"gold_gain":0,"player_choice":"Ignored","damage_taken":0,"max_hp_gain":0,"max_hp_loss":0,"event_name":"N\u0027loth","floor":21,"gold_loss":0}],"is_beta":true,"boss_relics":[{"not_picked":["Black Blood","Orrery"],"picked":"Cursed Key"}],"items_purged_floors":[3,20],"is_endless":false,"potions_floor_spawned":[2,6,14,16,19,30],"killed_by":"Automaton","ascension_level":20}