{"path_per_floor":["M","M","M","?","?","E","$","R","T","M","R","T","R","E","R","B",null,"M","?","M","T","T","E","R","?","T","R","M","R","E","M","R","B",null,"M","$","T","M","M","E","?","E","T","R","M","?","R","M","R"],"character_chosen":"IRONCLAD","items_purchased":["Tiny Chest","Perfected Strike","Bottled Lightning"],"gold_per_floor":[113,123,141,141,141,171,1,1,24,41,41,111,111,145,145,217,217,230,230,249,321,321,352,352,352,352,352,369,369,402,422,422,498,498,514,177,177,189,199,234,234,265,291,291,304,304,304,318,318,318],"floor_reached":50,"campfire_rested":2,"playtime":1876,"current_hp_per_floor":[68,70,73,73,66,27,27,27,27,23,23,23,45,45,45,7,58,59,59,65,65,65,58,58,58,58,58,60,60,34,21,43,27,63,55,55,55,55,54,45,45,40,40,40,45,45,45,47,47,0],"items_purged":["Defend_R"],"gold":318,"score":981,"play_id":"c0f945a4-4c9e-4645-bac9-c9f4575405f6","local_time":"20180418120435","is_prod":false,"is_daily":false,"chose_seed":false,"is_ascension_mode":true,"campfire_upgraded":9,"timestamp":1524067475,"path_taken":["M","M","M","?","?","E","?","R","T","?","R","?","R","E","R","BOSS","M","?","M","?","?","E","R","?","T","R","?","R","E","M","R","BOSS","M","?","?","M","?","E","?","E","T","R","M","?","R","?","R","BOSS"],"build_version":"2018-04-12","seed_source_timestamp":252070683496674,"purchased_purges":1,"victory":false,"master_deck":["Strike_R","Strike_R+1","Strike_R","Strike_R+1","Strike_R","Bash+1","AscendersBane","Anger+1","Shrug It Off+1","Dual Wield+1","Twin Strike+1","Perfected Strike+1","Thunderclap+1","Flame Barrier+1","Offering+1","Disarm+1","Twin Strike","Berserk+1","Demon Form+1","Heavy Blade+1","Writhe","Whirlwind+1","Disarm+1","Flex+1","Pain","Seeing Red+1","Perfected Strike+1"],"max_hp_per_floor":[75,75,75,75,75,75,75,75,75,75,75,75,75,75,75,75,75,75,75,75,75,75,75,75,75,75,75,75,75,75,75,75,75,75,75,75,75,75,75,75,75,75,75,75,75,75,75,75,75,75],"relics":["Burning Blood","Orichalcum","Tiny Chest","Pen Nib","Blue Candle","Art of War","Sozu","Centennial Puzzle","Bag of Marbles","Question Card","War Paint","Whetstone","Cursed Key","Bottled Lightning","Pantograph","Paper Frog","Meat on the Bone","Prayer Wheel"],"card_choices":[{"not_picked":["Evolve","Headbutt"],"picked":"Anger","floor":1},{"not_picked":["Headbutt","Burning Pact"],"picked":"Shrug It Off","floor":2},{"not_picked":["Heavy Blade","Sentinel"],"picked":"Dual Wield","floor":3},{"not_picked":["Sword Boomerang","Dark Embrace"],"picked":"Twin Strike","floor":6},{"not_picked":["Pummel","Clash"],"picked":"Thunderclap","floor":10},{"not_picked":["Evolve","Thunderclap"],"picked":"Flame Barrier","floor":14},{"not_picked":["Feed","Impervious"],"picked":"Offering","floor":16},{"not_picked":["Thunderclap","Iron Wave"],"picked":"Disarm","floor":20},{"not_picked":["Warcry","Inflame"],"picked":"Twin Strike","floor":23},{"not_picked":["Hemokinesis","Cleave","Shrug It Off"],"picked":"Inflame","floor":31},{"not_picked":["Fiend Fire","Limit Break","Reaper"],"picked":"Demon Form","floor":33},{"not_picked":["Headbutt","Havoc","Shrug It Off"],"picked":"Heavy Blade","floor":35},{"not_picked":["Rage","Clash","Pummel"],"picked":"Whirlwind","floor":38},{"not_picked":["Rampage","Fiend Fire","Power Through"],"picked":"Flex","floor":42},{"not_picked":["Infernal Blade","Uppercut","Dropkick"],"picked":"Seeing Red","floor":45},{"not_picked":["Blood for Blood","Flex","Bloodletting"],"picked":"Perfected Strike","floor":48}],"player_experience":894720,"potions_floor_usage":[6,14,23],"damage_taken":[{"damage":6,"enemies":"Cultist","floor":1,"turns":3},{"damage":4,"enemies":"Jaw Worm","floor":2,"turns":5},{"damage":3,"enemies":"2 Louse","floor":3,"turns":3},{"damage":45,"enemies":"3 Sentries","floor":6,"turns":10},{"damage":10,"enemies":"Blue Slaver","floor":10,"turns":4},{"damage":6,"enemies":"Gremlin Nob","floor":14,"turns":3},{"damage":44,"enemies":"The Guardian","floor":16,"turns":8},{"damage":5,"enemies":"Chosen","floor":18,"turns":3},{"damage":0,"enemies":"3 Byrds","floor":20,"turns":3},{"damage":13,"enemies":"Gremlin Leader","floor":23,"turns":7},{"damage":4,"enemies":"Cultist and Chosen","floor":28,"turns":3},{"damage":32,"enemies":"Slavers","floor":30,"turns":4},{"damage":19,"enemies":"Slaver and Parasite","floor":31,"turns":4},{"damage":22,"enemies":"Champ","floor":33,"turns":5},{"damage":14,"enemies":"Orb Walker","floor":35,"turns":2},{"damage":6,"enemies":"3 Shapes","floor":38,"turns":4},{"damage":7,"enemies":"Maw","floor":39,"turns":5},{"damage":15,"enemies":"2 Orb Walkers","floor":40,"turns":3},{"damage":11,"enemies":"Nemesis","floor":42,"turns":3},{"damage":1,"enemies":"3 Darklings","floor":45,"turns":1},{"damage":16,"enemies":"4 Shapes","floor":48,"turns":1},{"damage":75,"enemies":"Time Eater","floor":50,"turns":5}],"event_choices":[{"event_name":"Bonfire Elementals","player_choice":"BASIC","floor":4,"damage_taken":0},{"event_name":"Golden Wing","player_choice":"Card Removal","floor":5,"damage_taken":0},{"event_name":"Ghosts","player_choice":"Ignored","floor":19,"damage_taken":0},{"event_name":"Transmorgrifier","player_choice":"Transform","floor":25,"damage_taken":0},{"event_name":"Duplicator","player_choice":"One dupe","floor":41,"damage_taken":0}],"boss_relics":[{"not_picked":["Astrolabe","Pandora\u0027s Box"],"picked":"Sozu"},{"not_picked":["Orrery","Black Star"],"picked":"Cursed Key"}],"potions_floor_spawned":[1,3,6,16,18,23,30,31,39,40,42],"seed_played":"-6841249281074149990","killed_by":"Time Eater","ascension_level":15,"is_trial":false}