{"gold_per_floor":[114,114,134,145,145,181,193,229,241,109,140,163,163,177,177,276,276,299,349,349,23,23,23,23,37,37,37,80,104,145,145,145,222,222,237,237,237,92,112,112,139,139,139,166,183,233,244,254,254,254,254,254,12,43,43],"floor_reached":56,"playtime":2365,"items_purged":["Strike_G"],"score":2099,"play_id":"7f26b249-6a4a-4e43-abaa-6612acb5a629","local_time":"20190403223302","is_ascension_mode":true,"campfire_choices":[{"floor":7.0,"key":"REST"},{"data":"Noxious Fumes","floor":13.0,"key":"SMITH"},{"data":"Bouncing Flask","floor":15.0,"key":"SMITH"},{"data":"Crippling Poison","floor":23.0,"key":"SMITH"},{"data":"Blur","floor":27.0,"key":"SMITH"},{"data":"Survivor","floor":32.0,"key":"SMITH"},{"data":"Burst","floor":40.0,"key":"SMITH"},{"data":"Malaise","floor":42.0,"key":"SMITH"},{"floor":49.0,"key":"RECALL"},{"data":"Defend_G","floor":52.0,"key":"SMITH"}],"neow_cost":"NONE","seed_source_timestamp":0,"circlet_count":0,"master_deck":["AscendersBane","Defend_G","Defend_G","Defend_G","Defend_G","Defend_G+1","Strike_G","Strike_G","Strike_G","Strike_G","Survivor+1","Neutralize+1","Bouncing Flask+1","Noxious Fumes+1","Poisoned Stab","PiercingWail","Crippling Poison+1","Die Die Die","Blur+1","Footwork+1","Noxious Fumes+1","Malaise+1","Burst+1","Crippling Poison+1","Blur+1","Well Laid Plans+1","Crippling Poison+1","Doppelganger+1"],"special_seed":0,"relics":["Ring of the Snake","Bloody Idol","MawBank","Lantern","Pocketwatch","Coffee Dripper","Frozen Egg 2","Vajra","Potion Belt","Mercury Hourglass","Eternal Feather","PreservedInsect","Mummified Hand","Toxic Egg 2","Paper Crane","Happy Flower"],"potions_floor_usage":[55,55],"damage_taken":[{"damage":4.0,"enemies":"2 Louse","floor":1.0,"turns":3.0},{"damage":2.0,"enemies":"Jaw Worm","floor":3.0,"turns":5.0},{"damage":3.0,"enemies":"Small Slimes","floor":4.0,"turns":3.0},{"damage":27.0,"enemies":"Lagavulin","floor":6.0,"turns":6.0},{"damage":0.0,"enemies":"3 Louse","floor":8.0,"turns":2.0},{"damage":26.0,"enemies":"3 Sentries","floor":11.0,"turns":8.0},{"damage":1.0,"enemies":"Looter","floor":12.0,"turns":4.0},{"damage":0.0,"enemies":"Exordium Wildlife","floor":14.0,"turns":3.0},{"damage":2.0,"enemies":"Hexaghost","floor":16.0,"turns":8.0},{"damage":0.0,"enemies":"Spheric Guardian","floor":18.0,"turns":4.0},{"damage":0.0,"enemies":"2 Thieves","floor":25.0,"turns":4.0},{"damage":9.0,"enemies":"Book of Stabbing","floor":28.0,"turns":5.0},{"damage":3.0,"enemies":"Cultist and Chosen","floor":29.0,"turns":6.0},{"damage":12.0,"enemies":"Slavers","floor":30.0,"turns":4.0},{"damage":0.0,"enemies":"Collector","floor":33.0,"turns":7.0},{"damage":0.0,"enemies":"3 Darklings","floor":35.0,"turns":5.0},{"damage":0.0,"enemies":"3 Shapes","floor":39.0,"turns":5.0},{"damage":20.0,"enemies":"Nemesis","floor":41.0,"turns":9.0},{"damage":0.0,"enemies":"Giant Head","floor":44.0,"turns":7.0},{"damage":7.0,"enemies":"Spire Growth","floor":45.0,"turns":5.0},{"damage":12.0,"enemies":"Jaw Worm Horde","floor":47.0,"turns":4.0},{"damage":16.0,"enemies":"Transient","floor":48.0,"turns":5.0},{"damage":79.0,"enemies":"Donu and Deca","floor":50.0,"turns":10.0},{"damage":27,"enemies":"Shield and Spear","floor":54,"turns":6},{"damage":36,"enemies":"The Heart","floor":55,"turns":12}],"seed_played":"-2987410386236282913","potions_obtained":[{"floor":1.0,"key":"GamblersBrew"},{"floor":6.0,"key":"Explosive Potion"},{"floor":14.0,"key":"Weak Potion"},{"floor":16.0,"key":"Block Potion"},{"floor":18.0,"key":"Swift Potion"},{"floor":29.0,"key":"Ancient Potion"},{"floor":35.0,"key":"FairyPotion"},{"floor":44.0,"key":"Fruit Juice"},{"floor":45.0,"key":"Weak Potion"},{"floor":48.0,"key":"AttackPotion"},{"floor":54,"key":"GamblersBrew"}],"is_trial":false,"path_per_floor":["M","?","M","M","?","E","R","M","T","$","E","M","R","M","R","B",null,"M","?","?","$","?","R","?","M","T","R","E","M","E","?","R","B",null,"M","?","?","$","M","R","E","R","T","E","M","?","M","M","R","B",null,"R","$","E","B",null],"character_chosen":"THE_SILENT","items_purchased":["Lantern","Frozen Egg 2","Footwork+1","PreservedInsect","Well Laid Plans+1","SpeedPotion","Crippling Poison+1"],"campfire_rested":1,"item_purchase_floors":[10,21,21,38,53,53,53],"current_hp_per_floor":[55,55,53,50,50,23,41,41,41,41,15,14,14,14,14,12,48,48,48,48,48,48,48,48,48,48,48,39,36,24,24,24,29,52,57,57,57,57,60,60,45,57,57,60,58,60,53,42,57,6,50,65,65,43,7],"gold":43,"neow_bonus":"UPGRADE_CARD","is_prod":false,"is_daily":false,"chose_seed":false,"campfire_upgraded":8,"win_rate":0,"timestamp":1554345182,"path_taken":["M","?","M","M","?","E","R","M","T","$","E","M","R","M","R","BOSS","M","?","?","$","?","R","?","M","T","R","E","M","E","?","R","BOSS","M","?","?","?","M","R","E","R","T","E","?","?","M","M","R","BOSS","R","$","E","BOSS"],"build_version":"2019-03-15","purchased_purges":1,"victory":true,"max_hp_per_floor":[66,66,66,66,60,60,60,60,60,60,60,60,60,60,60,60,60,60,60,60,60,60,60,60,60,60,60,60,60,60,60,60,60,60,60,60,60,60,60,60,60,60,60,60,60,60,60,60,60,65,65,65,65,65,65],"card_choices":[{"not_picked":["Predator","Expertise"],"picked":"Bouncing Flask","floor":1.0},{"not_picked":["Outmaneuver","Deadly Poison"],"picked":"Noxious Fumes","floor":3.0},{"not_picked":["Backflip","Slice"],"picked":"Poisoned Stab","floor":4.0},{"not_picked":["Prepared","Underhanded Strike","Endless Agony"],"picked":"SKIP","floor":6.0},{"not_picked":["Finisher","Dodge and Roll"],"picked":"Bane","floor":8.0},{"not_picked":["Outmaneuver","Dagger Spray","Skewer"],"picked":"SKIP","floor":11.0},{"not_picked":["Prepared","Terror"],"picked":"PiercingWail","floor":12.0},{"not_picked":["Underhanded Strike","Calculated Gamble"],"picked":"Crippling Poison","floor":14.0},{"not_picked":["Phantasmal Killer","Unload"],"picked":"Die Die Die","floor":16.0},{"not_picked":["Endless Agony+1","Sucker Punch","Underhanded Strike"],"picked":"SKIP","floor":18.0},{"not_picked":["Expertise","Calculated Gamble+1"],"picked":"Noxious Fumes+1","floor":25.0},{"not_picked":["Deflect","Bane"],"picked":"Malaise","floor":28.0},{"not_picked":["Slice","Blade Dance","Sucker Punch"],"picked":"SKIP","floor":29.0},{"not_picked":["Storm of Steel","Prepared","Slice+1"],"picked":"SKIP","floor":30.0},{"not_picked":["A Thousand Cuts+1","Die Die Die"],"picked":"Burst","floor":33.0},{"not_picked":["Sucker Punch","Blade Dance","Backstab"],"picked":"SKIP","floor":35.0},{"not_picked":["Tactician","Dagger Spray","Predator+1"],"picked":"SKIP","floor":39.0},{"not_picked":["All Out Attack","Choke","Prepared+1"],"picked":"SKIP","floor":41.0},{"not_picked":["Cloak And Dagger+1","Poisoned Stab+1","Distraction+1"],"picked":"SKIP","floor":44.0},{"not_picked":["Sucker Punch","Masterful Stab"],"picked":"Crippling Poison+1","floor":45.0},{"not_picked":["Prepared+1","Blade Dance+1","Cloak And Dagger+1"],"picked":"SKIP","floor":47.0},{"not_picked":["Underhanded Strike","Noxious Fumes+1"],"picked":"Blur+1","floor":48.0},{"not_picked":["Deadly Poison+1","Slice"],"picked":"Doppelganger+1","floor":54}],"player_experience":2351080,"relics_obtained":[{"floor":6.0,"key":"MawBank"},{"floor":11.0,"key":"Pocketwatch"},{"floor":26.0,"key":"Vajra"},{"floor":28.0,"key":"Potion Belt"},{"floor":30.0,"key":"Mercury Hourglass"},{"floor":41.0,"key":"Mummified Hand"},{"floor":43.0,"key":"Toxic Egg 2"},{"floor":44.0,"key":"Paper Crane"},{"floor":54,"key":"Happy Flower"}],"event_choices":[{"damage_healed":0.0,"max_hp_gain":0.0,"max_hp_loss":0.0,"gold_gain":0.0,"event_name":"Shining Light","player_choice":"Ignored","floor":2.0,"gold_loss":0.0,"damage_taken":0.0},{"damage_healed":0.0,"max_hp_gain":0.0,"max_hp_loss":6.0,"gold_gain":0.0,"event_name":"Golden Idol","player_choice":"Lose Max HP","floor":5.0,"gold_loss":0.0,"damage_taken":0.0,"relics_obtained":["Golden Idol"]},{"damage_healed":0.0,"max_hp_gain":0.0,"max_hp_loss":0.0,"gold_gain":50.0,"event_name":"Nest","player_choice":"Stole From Cult","floor":19.0,"gold_loss":0.0,"damage_taken":0.0},{"damage_healed":0.0,"max_hp_gain":0.0,"max_hp_loss":0.0,"gold_gain":0.0,"event_name":"The Library","player_choice":"Read","floor":20.0,"gold_loss":0.0,"damage_taken":0.0,"cards_obtained":["Blur"]},{"damage_healed":0.0,"max_hp_gain":0.0,"max_hp_loss":0.0,"gold_gain":0.0,"event_name":"Beggar","player_choice":"Ignored","floor":22.0,"gold_loss":0.0,"damage_taken":0.0},{"damage_healed":0.0,"max_hp_gain":0.0,"max_hp_loss":0.0,"gold_gain":0.0,"event_name":"Cursed Tome","player_choice":"Ignored","floor":24.0,"gold_loss":0.0,"damage_taken":0.0},{"damage_healed":0.0,"max_hp_gain":0.0,"max_hp_loss":0.0,"gold_gain":0.0,"event_name":"Forgotten Altar","player_choice":"Gave Idol","floor":31.0,"relics_lost":["Golden Idol"],"gold_loss":0.0,"damage_taken":0.0,"relics_obtained":["Bloody Idol"]},{"cards_removed":["Bane"],"damage_healed":0.0,"max_hp_gain":0.0,"max_hp_loss":0.0,"gold_gain":0.0,"event_name":"Falling","player_choice":"Removed Attack","floor":36.0,"gold_loss":0.0,"damage_taken":0.0},{"damage_healed":0.0,"max_hp_gain":0.0,"max_hp_loss":0.0,"gold_gain":0.0,"event_name":"Mysterious Sphere","player_choice":"Ignored","floor":37.0,"gold_loss":0.0,"damage_taken":0.0},{"damage_healed":0.0,"max_hp_gain":0.0,"max_hp_loss":0.0,"gold_gain":50.0,"event_name":"Golden Shrine","player_choice":"Pray","floor":46.0,"gold_loss":0.0,"damage_taken":0.0}],"is_beta":true,"boss_relics":[{"not_picked":["Pandora\u0027s Box","White Beast Statue"],"picked":"Coffee Dripper"},{"not_picked":["Tiny House","Empty Cage"],"picked":"Eternal Feather"}],"items_purged_floors":[53],"is_endless":false,"potions_floor_spawned":[1,6,14,16,18,29,35,44,45,48,54],"ascension_level":15}