{"gold_per_floor":[367,14,25,25,35,69,69,102,150,150,160,180,5,5,5,5],"floor_reached":16,"playtime":660,"items_purged":["Doubt"],"score":198,"play_id":"6d490bcf-8251-4cdc-8fb9-abf84c48d131","local_time":"20180909101639","is_ascension_mode":true,"campfire_choices":[{"data":"Endless Agony","floor":15,"key":"SMITH"}],"neow_cost":"CURSE","seed_source_timestamp":575398097457716,"circlet_count":0,"master_deck":["Defend_G","Defend_G","Defend_G","Defend_G","Defend_G","Strike_G","Strike_G","Strike_G","Strike_G","Strike_G","Survivor","Neutralize+1","AscendersBane","Dagger Throw","Dodge and Roll","Noxious Fumes+1","Deadly Poison","Slice","Endless Agony+1"],"relics":["Ring of the Snake","Frozen Egg 2","Kunai","Omamori","Lantern","Mercury Hourglass","Happy Flower"],"potions_floor_usage":[11,16],"damage_taken":[{"damage":1,"enemies":"2 Louse","floor":1,"turns":4},{"damage":0,"enemies":"Small Slimes","floor":3,"turns":3},{"damage":0,"enemies":"Jaw Worm","floor":5,"turns":4},{"damage":33,"enemies":"Gremlin Nob","floor":6,"turns":5},{"damage":17,"enemies":"3 Sentries","floor":8,"turns":8},{"damage":4,"enemies":"Exordium Wildlife","floor":11,"turns":4},{"damage":7,"enemies":"Blue Slaver","floor":12,"turns":2},{"damage":3,"enemies":"Slime Boss","floor":16,"turns":4}],"seed_played":"-1923135208277928491","potions_obtained":[{"floor":8,"key":"PowerPotion"},{"floor":11,"key":"PowerPotion"}],"is_trial":false,"path_per_floor":["M","$","M","?","M","E","?","E","T","T","M","M","$","?","R"],"character_chosen":"THE_SILENT","items_purchased":["Frozen Egg 2","Happy Flower"],"campfire_rested":0,"item_purchase_floors":[2,13],"current_hp_per_floor":[58,58,58,63,63,30,30,13,13,13,9,2,2,2,2,0],"gold":5,"neow_bonus":"TWO_FIFTY_GOLD","is_prod":false,"is_daily":false,"chose_seed":false,"campfire_upgraded":1,"win_rate":0,"timestamp":1536502599,"path_taken":["M","$","M","?","M","E","?","E","T","?","?","M","$","?","R","BOSS"],"build_version":"2018-09-06","purchased_purges":1,"victory":false,"max_hp_per_floor":[66,66,66,71,71,71,71,71,71,71,71,71,71,71,71,71],"card_choices":[{"not_picked":["Reflex","Expertise"],"picked":"Dagger Throw","floor":1},{"not_picked":["Concentrate","PiercingWail"],"picked":"Dodge and Roll","floor":3},{"not_picked":["Slice","Backstab"],"picked":"Noxious Fumes+1","floor":5},{"not_picked":["Expertise","Blade Dance"],"picked":"Deadly Poison","floor":6},{"not_picked":["Phantasmal Killer","Acrobatics","Dagger Throw"],"picked":"SKIP","floor":8},{"not_picked":["Backflip","PiercingWail"],"picked":"Slice","floor":11},{"not_picked":["Bane","Prepared","Terror"],"picked":"SKIP","floor":12}],"player_experience":994267,"relics_obtained":[{"floor":6,"key":"Kunai"},{"floor":8,"key":"Omamori"},{"floor":9,"key":"Lantern"},{"floor":10,"key":"Mercury Hourglass"}],"event_choices":[{"event_name":"Big Fish","player_choice":"Donut","floor":4,"damage_taken":0},{"event_name":"Living Wall","player_choice":"Grow","floor":7,"damage_taken":0},{"event_name":"Match and Keep!","player_choice":"1 cards matched","floor":14,"damage_taken":0}],"is_beta":false,"boss_relics":[],"items_purged_floors":[2],"is_endless":false,"potions_floor_spawned":[8,11],"killed_by":"Slime Boss","ascension_level":16}