{"gold_per_floor":[113,113,4,19,38,38,113,113,113,113,137,137,177,202,202,300,300,313,588,612,527,551,551,293,293,293,293,418,27,45,59,59,158,158,178,178,178,178,178,209,230,230,300,343,468,9,22,43,43,43,43,43,43,1,39,39],"floor_reached":57,"playtime":7891,"items_purged":["Regret","Strike_B"],"score":2666,"play_id":"a21858fa-4c42-4f05-a9fd-69c860950e8a","local_time":"20190506205002","is_ascension_mode":true,"campfire_choices":[{"data":"Coolheaded","floor":6,"key":"SMITH"},{"data":"Zap","floor":8,"key":"SMITH"},{"floor":12,"key":"REST"},{"floor":15,"key":"REST"},{"data":"Loop","floor":23,"key":"SMITH"},{"data":"Capacitor","floor":25,"key":"SMITH"},{"floor":27,"key":"REST"},{"data":"Defragment","floor":32,"key":"SMITH"},{"data":"Seek","floor":42,"key":"SMITH"},{"floor":49,"key":"RECALL"},{"data":"Recycle","floor":53,"key":"SMITH"}],"neow_cost":"NONE","seed_source_timestamp":551983806193396,"circlet_count":0,"master_deck":["AscendersBane","Defend_B","Defend_B","Defend_B","Defend_B","Zap+1","Dualcast","Genetic Algorithm","Compile Driver","Coolheaded+1","Gash","Electrodynamics","Doom and Gloom","Ball Lightning","Seek","BootSequence+1","Rebound+1","Steam Power+1","Hologram","Loop+1","Capacitor+1","Seek+1","Defragment+1","Capacitor","Echo Form","Go for the Eyes","Secret Technique","Panache","Barrage+1","Amplify","Recycle+1","Cold Snap","Go for the Eyes+1","Reinforced Body","Steam"],"relics":["Cracked Core","Bag of Marbles","Golden Idol","Dodecahedron","Smiling Mask","Astrolabe","Meat on the Bone","Potion Belt","Regal Pillow","Unceasing Top","Ornamental Fan","Medical Kit","Nuclear Battery","The Courier","Shuriken","FossilizedHelix","Frozen Eye","Bottled Tornado","Bottled Lightning"],"potions_floor_usage":[28,33,33,51,51,55,56,56],"damage_taken":[{"damage":11,"enemies":"2 Louse","floor":1,"turns":3},{"damage":4,"enemies":"Jaw Worm","floor":4,"turns":4},{"damage":8,"enemies":"Small Slimes","floor":5,"turns":4},{"damage":3,"enemies":"Blue Slaver","floor":11,"turns":4},{"damage":18,"enemies":"Lagavulin","floor":13,"turns":5},{"damage":13,"enemies":"Lots of Slimes","floor":14,"turns":3},{"damage":18,"enemies":"The Guardian","floor":16,"turns":13},{"damage":2,"enemies":"Spheric Guardian","floor":18,"turns":3},{"damage":11,"enemies":"Chosen","floor":20,"turns":4},{"damage":27,"enemies":"Snake Plant","floor":22,"turns":3},{"damage":2,"enemies":"Colosseum Slavers","floor":28,"turns":3},{"damage":31,"enemies":"Colosseum Nobs","floor":28,"turns":4},{"damage":26,"enemies":"Snecko","floor":30,"turns":7},{"damage":3,"enemies":"Cultist and Chosen","floor":31,"turns":5},{"damage":26,"enemies":"Automaton","floor":33,"turns":10},{"damage":21,"enemies":"3 Darklings","floor":35,"turns":7},{"damage":8,"enemies":"Giant Head","floor":40,"turns":14},{"damage":8,"enemies":"3 Shapes","floor":41,"turns":10},{"damage":10,"enemies":"Reptomancer","floor":44,"turns":6},{"damage":8,"enemies":"Mind Bloom Boss Battle","floor":45,"turns":6},{"damage":0,"enemies":"3 Darklings","floor":47,"turns":3},{"damage":8,"enemies":"Transient","floor":48,"turns":6},{"damage":10,"enemies":"Donu and Deca","floor":50,"turns":9},{"damage":13,"enemies":"Awakened One","floor":51,"turns":11},{"damage":27,"enemies":"Shield and Spear","floor":55,"turns":8},{"damage":28,"enemies":"The Heart","floor":56,"turns":11}],"seed_played":"-4443832488155388506","potions_obtained":[{"floor":1,"key":"Fire Potion"},{"floor":4,"key":"Fire Potion"},{"floor":28,"key":"Poison Potion"},{"floor":31,"key":"SteroidPotion"},{"floor":41,"key":"Swift Potion"},{"floor":44,"key":"SkillPotion"},{"floor":48,"key":"FocusPotion"}],"is_trial":false,"path_per_floor":["M","?","$","M","M","R","?","R","T","?","M","R","E","M","R","B",null,"M","?","M","?","M","R","$","R","T","R","?","$","M","M","R","B",null,"M","?","?","?","?","E","M","R","T","E","?","$","M","M","R","B","B",null,"R","$","E","B",null],"character_chosen":"DEFECT","items_purchased":["Genetic Algorithm","Compile Driver","Capacitor","Potion Belt","Defragment","Medical Kit","AttackPotion","Frozen Eye","Bottled Tornado","Recycle","Cold Snap","FearPotion"],"campfire_rested":3,"item_purchase_floors":[3,3,24,24,29,29,29,46,46,46,46,54],"current_hp_per_floor":[53,53,53,49,41,41,30,30,30,30,27,46,28,15,34,16,52,50,50,39,39,24,24,24,24,24,58,37,37,23,32,32,18,53,44,34,34,34,34,38,42,42,42,32,36,36,36,40,40,42,41,56,56,56,41,25],"gold":39,"neow_bonus":"RANDOM_COMMON_RELIC","is_prod":false,"is_daily":false,"chose_seed":false,"campfire_upgraded":7,"win_rate":0,"timestamp":1557201002,"path_taken":["M","?","$","M","M","R","?","R","T","?","M","R","E","M","R","BOSS","M","?","?","?","M","R","$","R","T","R","?","$","M","M","R","BOSS","M","?","?","?","?","E","M","R","T","E","?","?","M","?","R","BOSS","BOSS","R","$","E","BOSS"],"build_version":"2019-04-23","purchased_purges":2,"victory":true,"max_hp_per_floor":[71,64,64,64,64,64,64,64,64,64,64,64,64,64,64,64,64,64,64,64,64,64,64,64,64,64,64,64,64,64,64,64,64,64,64,64,64,61,61,61,61,61,61,61,61,61,61,61,61,61,61,61,61,61,61,61],"card_choices":[{"not_picked":["Reinforced Body","Tempest"],"picked":"Cold Snap","floor":1},{"not_picked":["Go for the Eyes","Stack"],"picked":"Coolheaded","floor":4},{"not_picked":["Force Field","Barrage"],"picked":"Gash","floor":5},{"not_picked":["Barrage","Go for the Eyes"],"picked":"Electrodynamics","floor":11},{"not_picked":["Fusion","Stack"],"picked":"Doom and Gloom","floor":13},{"not_picked":["Scrape","Tempest"],"picked":"Ball Lightning","floor":14},{"not_picked":["Fission","Rainbow"],"picked":"Seek","floor":16},{"not_picked":["Barrage","Turbo"],"picked":"Hologram","floor":18},{"not_picked":["Doom and Gloom","Beam Cell","Reprogram"],"picked":"SKIP","floor":20},{"not_picked":["Streamline","Stack"],"picked":"Loop","floor":22},{"not_picked":["Lockon","Cold Snap"],"picked":"Seek","floor":28},{"not_picked":["Darkness","Blizzard","Storm"],"picked":"SKIP","floor":30},{"not_picked":["Beam Cell","Cold Snap"],"picked":"Capacitor","floor":31},{"not_picked":["Fission","Biased Cognition"],"picked":"Echo Form","floor":33},{"not_picked":["Steam","Hologram"],"picked":"Go for the Eyes","floor":35},{"not_picked":["Dark Shackles","Trip"],"picked":"Secret Technique","floor":36},{"not_picked":["Mind Blast","Trip"],"picked":"Panache","floor":36},{"not_picked":["Leap+1","Compile Driver+1"],"picked":"Barrage+1","floor":40},{"not_picked":["Stack","Melter","Streamline"],"picked":"SKIP","floor":41},{"not_picked":["Redo","Sweeping Beam","Steam"],"picked":"SKIP","floor":44},{"not_picked":["Undo","Coolheaded"],"picked":"Amplify","floor":45},{"not_picked":["Heatsinks","Redo+1"],"picked":"Go for the Eyes+1","floor":47},{"not_picked":["Rebound","Leap"],"picked":"Reinforced Body","floor":48},{"not_picked":["Rebound","Ball Lightning+1"],"picked":"Steam","floor":55}],"player_experience":6218583,"relics_obtained":[{"floor":9,"key":"Dodecahedron"},{"floor":13,"key":"Smiling Mask"},{"floor":26,"key":"Regal Pillow"},{"floor":28,"key":"Unceasing Top"},{"floor":28,"key":"Ornamental Fan"},{"floor":40,"key":"The Courier"},{"floor":44,"key":"Shuriken"},{"floor":45,"key":"FossilizedHelix"},{"floor":55,"key":"Bottled Lightning"}],"event_choices":[{"damage_healed":0,"gold_gain":0,"player_choice":"Lose Max HP","damage_taken":0,"relics_obtained":["Golden Idol"],"max_hp_gain":0,"max_hp_loss":7,"event_name":"Golden Idol","floor":2,"gold_loss":0},{"damage_healed":0,"gold_gain":75,"player_choice":"Gather Gold","damage_taken":11,"max_hp_gain":0,"max_hp_loss":0,"event_name":"World of Goop","floor":7,"gold_loss":0},{"damage_healed":0,"gold_gain":0,"player_choice":"Ignored","damage_taken":0,"max_hp_gain":0,"max_hp_loss":0,"event_name":"Liars Game","floor":10,"gold_loss":0},{"damage_healed":0,"gold_gain":275,"player_choice":"Desecrate","damage_taken":0,"max_hp_gain":0,"max_hp_loss":0,"event_name":"Golden Shrine","floor":19,"gold_loss":0,"cards_obtained":["Regret"]},{"damage_healed":0,"gold_gain":0,"player_choice":"Obtained Relic","damage_taken":0,"relics_obtained":["Meat on the Bone"],"max_hp_gain":0,"max_hp_loss":0,"event_name":"Addict","floor":21,"gold_loss":85},{"damage_healed":0,"gold_gain":0,"player_choice":"Fight","damage_taken":0,"max_hp_gain":0,"max_hp_loss":0,"event_name":"Colosseum","floor":28,"gold_loss":0},{"damage_healed":0,"gold_gain":0,"player_choice":"Fought Nobs","damage_taken":0,"max_hp_gain":0,"max_hp_loss":0,"event_name":"Colosseum","floor":28,"gold_loss":0},{"damage_healed":0,"gold_gain":0,"player_choice":"Memory 3","damage_taken":10,"max_hp_gain":0,"max_hp_loss":0,"event_name":"SensoryStone","floor":36,"gold_loss":0},{"damage_healed":0,"gold_gain":0,"player_choice":"Ignored","damage_taken":0,"max_hp_gain":0,"max_hp_loss":0,"event_name":"Tomb of Lord Red Mask","floor":37,"gold_loss":0},{"damage_healed":0,"gold_gain":0,"player_choice":"Max HP","damage_taken":0,"max_hp_gain":0,"max_hp_loss":3,"event_name":"Winding Halls","floor":38,"gold_loss":0},{"cards_removed":["Cold Snap"],"damage_healed":0,"gold_gain":0,"player_choice":"Removed Attack","damage_taken":0,"max_hp_gain":0,"max_hp_loss":0,"event_name":"Falling","floor":39,"gold_loss":0},{"damage_healed":0,"gold_gain":0,"player_choice":"Fight","damage_taken":0,"max_hp_gain":0,"max_hp_loss":0,"event_name":"MindBloom","floor":45,"gold_loss":0}],"is_beta":true,"boss_relics":[{"not_picked":["Calling Bell","Inserter"],"picked":"Astrolabe"},{"not_picked":["Sozu","Runic Dome"],"picked":"Nuclear Battery"}],"items_purged_floors":[24,29],"is_endless":false,"potions_floor_spawned":[1,4,5,16,28,28,31,41,44,45,48],"ascension_level":20}