{"gold_per_floor":[214,232,232,232,249,249,265,265,292,356,356,431,431,449,449,551,551,536,536,554,232,251,271,160,160,160,192,206,216,216,247,247,352,352,362,376,476,476,486,486,139,168,193,227,246,246,246,43,43,43,43,43,43,73,73],"floor_reached":56,"playtime":4469,"items_purged":["Doubt"],"score":1707,"play_id":"d9120624-4eb6-4bba-a316-cd36de3f6ef1","local_time":"20190506132317","is_ascension_mode":true,"campfire_choices":[{"data":"Bash","floor":6,"key":"SMITH"},{"data":"Carnage","floor":8,"key":"SMITH"},{"data":"Havoc","floor":11,"key":"SMITH"},{"floor":15,"key":"REST"},{"data":"True Grit","floor":25,"key":"SMITH"},{"data":"Havoc","floor":30,"key":"SMITH"},{"data":"Flame Barrier","floor":32,"key":"SMITH"},{"data":"Barricade","floor":40,"key":"SMITH"},{"data":"Feel No Pain","floor":47,"key":"SMITH"},{"floor":49,"key":"RECALL"},{"data":"Demon Form","floor":52,"key":"SMITH"}],"neow_cost":"NONE","seed_source_timestamp":147663267434121,"circlet_count":0,"master_deck":["Strike_R+1","Strike_R+1","Strike_R+1","Defend_R+1","Defend_R+1","Defend_R+1","Defend_R+1","Bash+1","Flame Barrier+1","Havoc+1","True Grit+1","Carnage+1","Impervious","Feed","Havoc+1","Headbutt","Shockwave","Combust","Shockwave","Feel No Pain+1","Feel No Pain","Shrug It Off","Iron Wave+1","Barricade+1","Headbutt+1","Inflame+1","Demon Form+1","Anger+1","Shockwave+1","Body Slam+1"],"relics":["Burning Blood","Regal Pillow","Omamori","Tiny Chest","Mummified Hand","Calling Bell","Vajra","Kunai","Torii","Meat on the Bone","Molten Egg 2","Pocketwatch","Ornamental Fan","Coffee Dripper","Charon\u0027s Ashes","Bag of Preparation","Lantern","Pantograph","Smiling Mask","OrangePellets","Paper Frog"],"potions_floor_usage":[10,16,23,33,33,33,39,54,54],"damage_taken":[{"damage":0,"enemies":"Small Slimes","floor":1,"turns":3},{"damage":0,"enemies":"2 Louse","floor":2,"turns":5},{"damage":6,"enemies":"Cultist","floor":5,"turns":3},{"damage":3,"enemies":"2 Fungi Beasts","floor":7,"turns":5},{"damage":45,"enemies":"3 Sentries","floor":10,"turns":9},{"damage":6,"enemies":"Looter","floor":14,"turns":3},{"damage":62,"enemies":"Hexaghost","floor":16,"turns":9},{"damage":29,"enemies":"2 Thieves","floor":18,"turns":4},{"damage":4,"enemies":"Shell Parasite","floor":20,"turns":7},{"damage":18,"enemies":"Snake Plant","floor":22,"turns":4},{"damage":1,"enemies":"Centurion and Healer","floor":23,"turns":5},{"damage":33,"enemies":"Slavers","floor":27,"turns":8},{"damage":5,"enemies":"Shelled Parasite and Fungi","floor":28,"turns":4},{"damage":10,"enemies":"Snake Plant","floor":29,"turns":6},{"damage":16,"enemies":"Gremlin Leader","floor":31,"turns":9},{"damage":10,"enemies":"Champ","floor":33,"turns":10},{"damage":12,"enemies":"Orb Walker","floor":35,"turns":5},{"damage":0,"enemies":"3 Shapes","floor":36,"turns":5},{"damage":13,"enemies":"Mind Bloom Boss Battle","floor":37,"turns":7},{"damage":48,"enemies":"Transient","floor":39,"turns":5},{"damage":18,"enemies":"Nemesis","floor":42,"turns":7},{"damage":0,"enemies":"Giant Head","floor":44,"turns":7},{"damage":1,"enemies":"4 Shapes","floor":45,"turns":5},{"damage":29,"enemies":"Time Eater","floor":50,"turns":10},{"damage":52,"enemies":"Shield and Spear","floor":54,"turns":8},{"damage":50,"enemies":"The Heart","floor":55,"turns":8}],"seed_played":"-7775930896468277230","potions_obtained":[{"floor":1,"key":"EssenceOfSteel"},{"floor":2,"key":"Regen Potion"},{"floor":14,"key":"Strength Potion"},{"floor":20,"key":"EssenceOfSteel"},{"floor":22,"key":"SteroidPotion"},{"floor":28,"key":"Swift Potion"},{"floor":31,"key":"Energy Potion"},{"floor":35,"key":"SpeedPotion"},{"floor":37,"key":"Block Potion"},{"floor":54,"key":"SteroidPotion"}],"is_trial":false,"path_per_floor":["M","M","?","?","M","R","M","R","T","E","R","?","T","M","R","B",null,"M","?","M","$","M","M","$","R","T","E","M","M","R","E","R","B",null,"M","M","?","?","M","R","$","E","T","E","M","?","R","$","R","B",null,"R","$","E","B",null],"character_chosen":"IRONCLAD","items_purchased":["Meat on the Bone","Combust","Shockwave","Bag of Preparation","Lantern","Weak Potion","OrangePellets"],"campfire_rested":1,"item_purchase_floors":[21,24,24,41,41,41,48],"current_hp_per_floor":[78,80,73,73,73,73,76,76,76,52,52,41,41,41,80,24,66,43,43,45,45,45,53,53,53,53,38,54,50,50,52,52,60,80,74,83,76,76,46,46,46,49,49,58,63,95,95,95,95,72,89,89,89,55,48],"gold":73,"neow_bonus":"HUNDRED_GOLD","is_prod":false,"is_daily":false,"chose_seed":false,"campfire_upgraded":9,"win_rate":0,"timestamp":1557145397,"path_taken":["M","M","?","?","?","R","M","R","T","E","R","?","?","M","R","BOSS","M","?","M","$","M","M","$","R","T","E","M","M","R","E","R","BOSS","M","M","?","?","M","R","$","E","T","E","?","?","R","$","R","BOSS","R","$","E","BOSS"],"build_version":"2019-01-23","purchased_purges":1,"victory":true,"max_hp_per_floor":[80,80,80,80,80,80,80,80,80,80,80,80,80,80,80,80,80,80,80,80,80,80,83,83,83,83,83,86,86,86,86,86,86,86,86,89,89,89,89,89,89,92,92,95,95,95,95,95,95,95,95,95,95,95,95],"card_choices":[{"not_picked":["Warcry","Rupture"],"picked":"Flame Barrier","floor":1},{"not_picked":["Clash","Fire Breathing"],"picked":"Havoc","floor":2},{"not_picked":["Anger","Thunderclap"],"picked":"True Grit","floor":5},{"not_picked":["Headbutt","Blood for Blood"],"picked":"Carnage","floor":7},{"not_picked":["Entrench","Evolve"],"picked":"Impervious","floor":10},{"not_picked":["Wild Strike","Infernal Blade"],"picked":"Spot Weakness","floor":14},{"not_picked":["Berserk","Dark Embrace"],"picked":"Feed","floor":16},{"not_picked":["Wild Strike","Sever Soul+1"],"picked":"Havoc","floor":18},{"not_picked":["Clash","Fiend Fire"],"picked":"Headbutt","floor":20},{"not_picked":["Pommel Strike","Dropkick","Twin Strike"],"picked":"SKIP","floor":22},{"not_picked":["Power Through","Hemokinesis"],"picked":"Shockwave","floor":23},{"not_picked":["Pummel+1","Brutality"],"picked":"Feel No Pain","floor":27},{"not_picked":["Blood for Blood+1","Twin Strike+1"],"picked":"Feel No Pain","floor":28},{"not_picked":["Cleave+1","Power Through"],"picked":"Shrug It Off","floor":29},{"not_picked":["Clothesline+1","Bloodletting"],"picked":"Iron Wave+1","floor":31},{"not_picked":["Impervious","Exhume"],"picked":"Barricade","floor":33},{"not_picked":["Body Slam+1","Sword Boomerang+1"],"picked":"Headbutt+1","floor":35},{"not_picked":["Body Slam+1","Pommel Strike+1"],"picked":"Inflame+1","floor":36},{"not_picked":["Armaments","Inflame"],"picked":"Demon Form","floor":37},{"not_picked":["Cleave+1","Heavy Blade+1"],"picked":"Anger+1","floor":39},{"not_picked":["Armaments","Thunderclap+1"],"picked":"Shockwave+1","floor":42},{"not_picked":["Dual Wield","True Grit","Flex"],"picked":"SKIP","floor":44},{"not_picked":["Wild Strike+1","Searing Blow+1","Pommel Strike+1"],"picked":"SKIP","floor":45},{"not_picked":["Reckless Charge+1","Sever Soul+1"],"picked":"Body Slam+1","floor":54}],"player_experience":319863,"relics_obtained":[{"floor":9,"key":"Omamori"},{"floor":10,"key":"Tiny Chest"},{"floor":13,"key":"Mummified Hand"},{"floor":17,"key":"Vajra"},{"floor":17,"key":"Kunai"},{"floor":17,"key":"Torii"},{"floor":26,"key":"Molten Egg 2"},{"floor":27,"key":"Pocketwatch"},{"floor":31,"key":"Ornamental Fan"},{"floor":37,"key":"Charon\u0027s Ashes"},{"floor":42,"key":"Pantograph"},{"floor":44,"key":"Smiling Mask"},{"floor":54,"key":"Paper Frog"}],"event_choices":[{"cards_removed":["Strike_R"],"damage_healed":0,"gold_gain":0,"player_choice":"Card Removal","damage_taken":7,"max_hp_gain":0,"max_hp_loss":0,"event_name":"Golden Wing","floor":3,"gold_loss":0},{"damage_healed":0,"gold_gain":0,"player_choice":"Gave Potion","damage_taken":0,"relics_obtained":["Regal Pillow"],"max_hp_gain":0,"max_hp_loss":0,"event_name":"WeMeetAgain","floor":4,"gold_loss":0},{"damage_healed":0,"gold_gain":75,"player_choice":"Gather Gold","damage_taken":11,"max_hp_gain":0,"max_hp_loss":0,"event_name":"World of Goop","floor":12,"gold_loss":0},{"damage_healed":0,"gold_gain":0,"player_choice":"Simplicity","damage_taken":0,"max_hp_gain":0,"max_hp_loss":0,"event_name":"Back to Basics","floor":19,"gold_loss":0,"cards_upgraded":["Strike_R","Strike_R","Strike_R","Strike_R","Defend_R","Defend_R","Defend_R","Defend_R"]},{"damage_healed":0,"gold_gain":0,"player_choice":"Fight","damage_taken":0,"max_hp_gain":0,"max_hp_loss":0,"event_name":"MindBloom","floor":37,"gold_loss":0},{"cards_removed":["Strike_R"],"damage_healed":0,"gold_gain":0,"player_choice":"Purged","damage_taken":0,"max_hp_gain":0,"max_hp_loss":0,"event_name":"Purifier","floor":38,"gold_loss":0},{"cards_removed":["Spot Weakness"],"damage_healed":32,"gold_gain":0,"player_choice":"Offered Uncommon","damage_taken":0,"max_hp_gain":0,"max_hp_loss":0,"event_name":"Bonfire Elementals","floor":46,"gold_loss":0}],"is_beta":false,"boss_relics":[{"not_picked":["Black Star","Tiny House"],"picked":"Calling Bell"},{"not_picked":["Black Blood","Empty Cage"],"picked":"Coffee Dripper"}],"items_purged_floors":[21],"is_endless":false,"potions_floor_spawned":[1,2,14,20,22,28,31,35,37,54],"ascension_level":9}