{"gold_per_floor":[117,135,135,151,167,167,211,211,211,230,230,230,261,274,274,393,393,417,417,438,438,454,454,494,494,494,527,527,527,538,538,538,633,633,652,652,664,664,683,714,727,745,745,745,758,15,49,49,49,49,49,49,31,63,63],"floor_reached":55,"playtime":2753,"items_purged":["Injury"],"score":727,"play_id":"cce25e36-0271-4bc4-8e67-f814694d75da","local_time":"20190417230350","is_ascension_mode":false,"campfire_choices":[{"data":"Defragment","floor":6,"key":"SMITH"},{"floor":11,"key":"REST"},{"floor":15,"key":"REST"},{"data":"Thunder Strike","floor":23,"key":"SMITH"},{"floor":25,"key":"REST"},{"floor":28,"key":"REST"},{"floor":32,"key":"RECALL"},{"data":"Blizzard","floor":49,"key":"SMITH"},{"data":"Storm","floor":52,"key":"SMITH"}],"neow_cost":"NONE","seed_source_timestamp":201418691265515,"circlet_count":0,"master_deck":["Strike_B","Strike_B","Strike_B","Defend_B","Zap","Dualcast","Self Repair","Defragment+1","Conserve Battery","Cold Snap+1","Conserve Battery","Biased Cognition","Leap","Thunder Strike+1","Gash","Blizzard+1","Storm+1","Coolheaded+1","Gash","Cold Snap","Ball Lightning","Electrodynamics","Static Discharge+1","Gash+1","Redo+1","Self Repair+1","Storm","White Noise","Static Discharge","Force Field","Echo Form","Writhe","Leap","Conserve Battery+1"],"relics":["Cracked Core","Bloody Idol","Nunchaku","Thread and Needle","Symbiotic Virus","Sozu","Regal Pillow","Boot","The Courier","Blue Candle","Eternal Feather","Ancient Tea Set","Bottled Lightning","Pantograph","ClockworkSouvenir","Oddly Smooth Stone","Bronze Scales","Mummified Hand","Gremlin Horn"],"potions_floor_usage":[10,13,24,24],"damage_taken":[{"damage":6,"enemies":"Jaw Worm","floor":1,"turns":3},{"damage":0,"enemies":"Small Slimes","floor":2,"turns":3},{"damage":1,"enemies":"2 Louse","floor":4,"turns":2},{"damage":35,"enemies":"Exordium Wildlife","floor":5,"turns":5},{"damage":30,"enemies":"3 Sentries","floor":7,"turns":6},{"damage":0,"enemies":"Looter","floor":10,"turns":2},{"damage":10,"enemies":"Lagavulin","floor":13,"turns":5},{"damage":3,"enemies":"Lots of Slimes","floor":14,"turns":3},{"damage":32,"enemies":"Hexaghost","floor":16,"turns":11},{"damage":7,"enemies":"Shell Parasite","floor":18,"turns":6},{"damage":0,"enemies":"Spheric Guardian","floor":20,"turns":3},{"damage":14,"enemies":"Cultist and Chosen","floor":22,"turns":7},{"damage":56,"enemies":"Book of Stabbing","floor":24,"turns":6},{"damage":37,"enemies":"Gremlin Leader","floor":27,"turns":7},{"damage":1,"enemies":"Chosen and Byrds","floor":30,"turns":7},{"damage":34,"enemies":"Automaton","floor":33,"turns":11},{"damage":13,"enemies":"3 Shapes","floor":35,"turns":3},{"damage":2,"enemies":"Orb Walker","floor":37,"turns":3},{"damage":5,"enemies":"4 Shapes","floor":39,"turns":6},{"damage":58,"enemies":"Giant Head","floor":40,"turns":8},{"damage":9,"enemies":"Spire Growth","floor":41,"turns":4},{"damage":23,"enemies":"3 Darklings","floor":42,"turns":3},{"damage":0,"enemies":"Transient","floor":45,"turns":5},{"damage":49,"enemies":"Reptomancer","floor":47,"turns":4},{"damage":64,"enemies":"Awakened One","floor":50,"turns":7},{"damage":52,"enemies":"Shield and Spear","floor":54,"turns":4},{"damage":63,"enemies":"The Heart","floor":55,"turns":5}],"seed_played":"5386288411335506910","potions_obtained":[{"floor":4,"key":"Strength Potion"},{"floor":5,"key":"Poison Potion"},{"floor":13,"key":"Explosive Potion"},{"floor":16,"key":"FocusPotion"}],"is_trial":false,"path_per_floor":["M","M","?","M","M","R","E","?","T","M","R","?","E","M","R","B",null,"M","?","M","?","M","R","E","R","T","E","R","?","M","T","R","B",null,"M","?","M","?","M","E","M","M","T","?","M","$","E","?","R","B",null,"R","$","E","B"],"character_chosen":"DEFECT","items_purchased":["Pantograph","ClockworkSouvenir","Static Discharge","Force Field","Oddly Smooth Stone","Bronze Scales","Leap"],"campfire_rested":4,"item_purchase_floors":[46,46,46,46,46,46,53],"current_hp_per_floor":[69,75,75,75,47,47,24,24,24,24,46,39,36,40,62,37,75,75,75,75,75,68,68,19,56,56,26,63,63,74,74,74,52,75,74,74,75,75,75,29,42,31,31,31,53,53,16,35,53,21,75,75,75,35,0],"gold":63,"neow_bonus":"REMOVE_CARD","is_prod":false,"is_daily":false,"chose_seed":false,"campfire_upgraded":4,"win_rate":0,"timestamp":1555556630,"path_taken":["M","M","?","M","M","R","E","?","T","M","R","?","E","M","R","BOSS","M","?","M","?","M","R","E","R","T","E","R","?","?","?","R","BOSS","M","?","M","?","M","E","M","?","T","?","M","$","E","?","R","BOSS","R","$","E","BOSS"],"build_version":"2019-01-23","purchased_purges":1,"victory":false,"max_hp_per_floor":[75,75,75,75,75,75,75,75,75,75,75,75,75,75,75,75,75,75,75,75,75,75,75,75,75,75,75,75,75,75,75,75,75,75,75,75,75,75,75,75,75,75,75,75,75,75,75,75,75,75,75,75,75,75,75],"card_choices":[{"not_picked":["Barrage","Go for the Eyes"],"picked":"Self Repair","floor":1},{"not_picked":["Stack","Rebound","Steam Power"],"picked":"SKIP","floor":2},{"not_picked":["Streamline","Force Field"],"picked":"Defragment","floor":4},{"not_picked":["Sweeping Beam","Turbo"],"picked":"Conserve Battery","floor":5},{"not_picked":["Ball Lightning","Sunder"],"picked":"Cold Snap","floor":7},{"not_picked":["Rebound","Melter"],"picked":"Conserve Battery","floor":10},{"not_picked":["FTL","Blizzard"],"picked":"Biased Cognition","floor":13},{"not_picked":["Barrage","Darkness"],"picked":"Leap","floor":14},{"not_picked":["Core Surge","Reboot"],"picked":"Thunder Strike","floor":16},{"not_picked":["Sunder","Hello World"],"picked":"Gash","floor":18},{"not_picked":["Steam","Compile Driver"],"picked":"Blizzard","floor":20},{"not_picked":["Hologram+1","Redo+1"],"picked":"Coolheaded+1","floor":22},{"not_picked":["All For One","Skim"],"picked":"Gash","floor":24},{"not_picked":["Stack","Leap+1"],"picked":"Cold Snap","floor":27},{"not_picked":["Chaos","Self Repair"],"picked":"Ball Lightning","floor":30},{"not_picked":["Creative AI","Echo Form"],"picked":"Electrodynamics","floor":33},{"not_picked":["Redo","Barrage+1"],"picked":"Static Discharge","floor":35},{"not_picked":["Coolheaded+1","Barrage"],"picked":"Gash+1","floor":37},{"not_picked":["Reprogram","Reinforced Body"],"picked":"Redo+1","floor":39},{"not_picked":["Leap+1","Amplify"],"picked":"Self Repair+1","floor":40},{"not_picked":["Compile Driver","Steam+1"],"picked":"Storm","floor":41},{"not_picked":["Undo","Reprogram+1","Compile Driver+1"],"picked":"SKIP","floor":42},{"not_picked":["Hologram+1","Doom and Gloom+1"],"picked":"White Noise","floor":45},{"not_picked":["Force Field","Genetic Algorithm"],"picked":"Echo Form","floor":47},{"not_picked":["Blizzard+1","All For One"],"picked":"Conserve Battery+1","floor":54}],"player_experience":829466,"relics_obtained":[{"floor":7,"key":"Nunchaku"},{"floor":9,"key":"Thread and Needle"},{"floor":13,"key":"Symbiotic Virus"},{"floor":24,"key":"Boot"},{"floor":26,"key":"The Courier"},{"floor":27,"key":"Blue Candle"},{"floor":40,"key":"Ancient Tea Set"},{"floor":43,"key":"Bottled Lightning"},{"floor":47,"key":"Mummified Hand"},{"floor":54,"key":"Gremlin Horn"}],"event_choices":[{"damage_healed":0,"gold_gain":0,"player_choice":"Take Wound","damage_taken":0,"relics_obtained":["Golden Idol"],"max_hp_gain":0,"max_hp_loss":0,"event_name":"Golden Idol","floor":3,"gold_loss":0,"cards_obtained":["Injury"]},{"damage_healed":0,"gold_gain":0,"player_choice":"Grow","damage_taken":0,"max_hp_gain":0,"max_hp_loss":0,"event_name":"Living Wall","floor":8,"gold_loss":0,"cards_upgraded":["Cold Snap"]},{"cards_removed":["Defend_B"],"damage_healed":0,"gold_gain":0,"player_choice":"Card Removal","damage_taken":7,"max_hp_gain":0,"max_hp_loss":0,"event_name":"Golden Wing","floor":12,"gold_loss":0},{"damage_healed":0,"gold_gain":0,"player_choice":"Opened","damage_taken":0,"relics_obtained":["Regal Pillow"],"max_hp_gain":0,"max_hp_loss":0,"event_name":"The Mausoleum","floor":19,"gold_loss":0},{"damage_healed":0,"gold_gain":0,"cards_transformed":["Strike_B","Defend_B"],"player_choice":"Became Test Subject","damage_taken":0,"max_hp_gain":0,"max_hp_loss":0,"event_name":"Drug Dealer","floor":21,"gold_loss":0,"cards_obtained":["Storm","Fission"]},{"damage_healed":0,"gold_gain":0,"player_choice":"Gave Idol","damage_taken":0,"relics_obtained":["Bloody Idol"],"max_hp_gain":0,"max_hp_loss":0,"event_name":"Forgotten Altar","floor":29,"relics_lost":["Golden Idol"],"gold_loss":0},{"cards_removed":["Fission"],"damage_healed":0,"gold_gain":0,"player_choice":"Removed Skill","damage_taken":0,"max_hp_gain":0,"max_hp_loss":0,"event_name":"Falling","floor":36,"gold_loss":0},{"damage_healed":0,"gold_gain":0,"player_choice":"Upgraded","damage_taken":0,"max_hp_gain":0,"max_hp_loss":0,"event_name":"Upgrade Shrine","floor":38,"gold_loss":0,"cards_upgraded":["Static Discharge"]},{"damage_healed":0,"gold_gain":0,"player_choice":"Ignored","damage_taken":0,"max_hp_gain":0,"max_hp_loss":0,"event_name":"Mysterious Sphere","floor":44,"gold_loss":0},{"damage_healed":19,"gold_gain":0,"player_choice":"Writhe","damage_taken":0,"max_hp_gain":0,"max_hp_loss":0,"event_name":"Winding Halls","floor":48,"gold_loss":0,"cards_obtained":["Writhe"]}],"is_beta":false,"boss_relics":[{"not_picked":["Orrery","Lizard Tail"],"picked":"Sozu"},{"not_picked":["Snecko Eye","Empty Cage"],"picked":"Eternal Feather"}],"items_purged_floors":[46],"is_endless":false,"potions_floor_spawned":[4,5,13,16,18,27,33,37,40,45],"killed_by":"The Heart","ascension_level":0}