{"gold_per_floor":[212,229,229,304,321,321,351,351,351,351,369,369,384,75,75,151,151,166,166,182,182,200,200,226,226,278,328,343,27,62,96,96,167,167,181,181,181,181,10,10,30,30,30,47,47,75,75,0,0,0],"floor_reached":51,"playtime":1687,"items_purged":["Strike_R"],"score":1487,"play_id":"316ecea5-6b3b-40d4-a7fa-bfe3c6ed35d4","local_time":"20190313123740","is_ascension_mode":true,"campfire_choices":[{"data":"Shockwave","floor":6,"key":"SMITH"},{"data":"Clothesline","floor":8,"key":"SMITH"},{"data":"Whirlwind","floor":15,"key":"SMITH"},{"data":"Feed","floor":23,"key":"SMITH"},{"data":"Battle Trance","floor":25,"key":"SMITH"},{"data":"Barricade","floor":32,"key":"SMITH"},{"data":"Bludgeon","floor":40,"key":"SMITH"},{"floor":42,"key":"REST"},{"data":"Panacea","floor":45,"key":"SMITH"},{"floor":49,"key":"DIG"}],"neow_cost":"NONE","seed_source_timestamp":4068469855521,"circlet_count":0,"master_deck":["AscendersBane","Strike_R","Strike_R","Strike_R","Strike_R","Defend_R","Defend_R","Defend_R","Defend_R","Bash+1","Clothesline+1","Shockwave+1","Battle Trance+1","Twin Strike","Whirlwind+1","Feed+1","Necronomicurse","Rage+1","Barricade+1","Bludgeon+1","Panacea+1"],"relics":["Burning Blood","Pantograph","Bottled Flame","Lantern","Chemical X","Lizard Tail","Necronomicon","Self Forming Clay","Bag of Marbles","Gremlin Horn","Question Card","Red Mask","Mark of Pain","Shovel","Pen Nib","Darkstone Periapt","Anchor","Centennial Puzzle"],"potions_floor_usage":[7,16,24,30,30],"damage_taken":[{"damage":2,"enemies":"Cultist","floor":1,"turns":4},{"damage":1,"enemies":"2 Louse","floor":2,"turns":3},{"damage":3,"enemies":"Small Slimes","floor":5,"turns":5},{"damage":17,"enemies":"3 Sentries","floor":7,"turns":7},{"damage":8,"enemies":"3 Louse","floor":11,"turns":4},{"damage":9,"enemies":"Blue Slaver","floor":13,"turns":3},{"damage":23,"enemies":"The Guardian","floor":16,"turns":8},{"damage":35,"enemies":"Chosen","floor":18,"turns":5},{"damage":0,"enemies":"Spheric Guardian","floor":20,"turns":2},{"damage":0,"enemies":"Snecko","floor":22,"turns":2},{"damage":15,"enemies":"Gremlin Leader","floor":24,"turns":4},{"damage":32,"enemies":"Sentry and Sphere","floor":28,"turns":7},{"damage":1,"enemies":"Book of Stabbing","floor":30,"turns":5},{"damage":0,"enemies":"Masked Bandits","floor":31,"turns":2},{"damage":46,"enemies":"Automaton","floor":33,"turns":9},{"damage":0,"enemies":"3 Darklings","floor":35,"turns":1},{"damage":48,"enemies":"3 Shapes","floor":41,"turns":3},{"damage":0,"enemies":"Sphere and 2 Shapes","floor":44,"turns":1},{"damage":0,"enemies":"Reptomancer","floor":46,"turns":1},{"damage":37,"enemies":"Time Eater","floor":50,"turns":5}],"seed_played":"-5238017295039788769","potions_obtained":[{"floor":2,"key":"AttackPotion"},{"floor":11,"key":"Swift Potion"},{"floor":16,"key":"Dexterity Potion"},{"floor":18,"key":"EssenceOfSteel"},{"floor":30,"key":"Explosive Potion"},{"floor":31,"key":"Explosive Potion"},{"floor":44,"key":"Fire Potion"}],"is_trial":false,"path_per_floor":["M","M","?","?","M","R","E","R","T","?","M","?","M","$","R","B",null,"M","?","M","?","M","R","E","R","T","?","M","$","E","?","R","B",null,"M","?","?","T","$","R","M","R","T","M","R","E","?","$","R","B",null],"character_chosen":"IRONCLAD","items_purchased":["Chemical X","Whirlwind","Gremlin Horn","SkillPotion","Pen Nib"],"campfire_rested":1,"item_purchase_floors":[14,14,29,29,39],"current_hp_per_floor":[72,75,75,64,67,67,56,56,56,56,54,36,33,33,33,41,67,38,17,23,38,44,44,39,39,39,39,13,13,18,28,28,13,66,72,72,72,72,72,72,30,54,54,60,60,66,66,66,66,52],"gold":0,"neow_bonus":"HUNDRED_GOLD","is_prod":false,"is_daily":false,"chose_seed":false,"campfire_upgraded":8,"win_rate":0,"timestamp":1552495060,"path_taken":["M","M","?","?","M","R","E","R","T","?","M","?","?","?","R","BOSS","M","?","M","?","M","R","E","R","T","?","M","$","E","?","R","BOSS","M","?","?","?","$","R","?","R","T","M","R","E","?","$","R","BOSS"],"build_version":"2019-01-23","purchased_purges":1,"victory":true,"max_hp_per_floor":[75,75,75,75,75,75,75,75,75,75,75,75,75,75,75,75,75,75,75,75,75,75,75,79,79,79,79,79,79,79,83,83,83,83,83,83,83,83,83,83,83,83,83,83,83,83,83,83,83,83],"card_choices":[{"not_picked":["Iron Wave","Havoc"],"picked":"Clothesline","floor":1},{"not_picked":["Sentinel","Clash"],"picked":"Shockwave","floor":2},{"not_picked":["Pommel Strike","Heavy Blade"],"picked":"Battle Trance","floor":5},{"not_picked":["Perfected Strike","Body Slam"],"picked":"Twin Strike","floor":7},{"not_picked":["Limit Break","Headbutt","Blood for Blood"],"picked":"SKIP","floor":11},{"not_picked":["Clothesline","Shrug It Off","Sword Boomerang"],"picked":"SKIP","floor":13},{"not_picked":["Juggernaut","Berserk"],"picked":"Feed","floor":16},{"not_picked":["Twin Strike","Cleave","Infernal Blade"],"picked":"SKIP","floor":18},{"not_picked":["Perfected Strike","Shockwave"],"picked":"Rage+1","floor":20},{"not_picked":["Clothesline","Uppercut","Havoc"],"picked":"SKIP","floor":22},{"not_picked":["Sword Boomerang","Wild Strike+1"],"picked":"Barricade","floor":24},{"not_picked":["Sever Soul","Pummel","Wild Strike"],"picked":"SKIP","floor":28},{"not_picked":["Warcry","Sentinel","Anger"],"picked":"SKIP","floor":30},{"not_picked":["Dark Embrace","Barricade","Juggernaut"],"picked":"Bludgeon","floor":33},{"not_picked":["Wild Strike","Disarm","Thunderclap","Pummel"],"picked":"SKIP","floor":35},{"not_picked":["HandOfGreed","Deep Breath","Blind"],"picked":"Panacea","floor":37},{"not_picked":["Flex","Anger","Wild Strike","Armaments"],"picked":"SKIP","floor":41},{"not_picked":["Dual Wield","Metallicize","Ghostly Armor","Thunderclap"],"picked":"SKIP","floor":44},{"not_picked":["Carnage","Shockwave","Headbutt","Second Wind"],"picked":"SKIP","floor":46}],"player_experience":1076403,"relics_obtained":[{"floor":7,"key":"Pantograph"},{"floor":9,"key":"Bottled Flame"},{"floor":19,"key":"Necronomicon"},{"floor":24,"key":"Self Forming Clay"},{"floor":26,"key":"Bag of Marbles"},{"floor":30,"key":"Question Card"},{"floor":31,"key":"Red Mask"},{"floor":38,"key":"Shovel"},{"floor":43,"key":"Darkstone Periapt"},{"floor":46,"key":"Anchor"},{"floor":49,"key":"Centennial Puzzle"}],"event_choices":[{"damage_healed":0,"gold_gain":0,"player_choice":"Grow","damage_taken":0,"max_hp_gain":0,"max_hp_loss":0,"event_name":"Living Wall","floor":3,"gold_loss":0,"cards_upgraded":["Bash"]},{"damage_healed":0,"gold_gain":75,"player_choice":"Gather Gold","damage_taken":11,"max_hp_gain":0,"max_hp_loss":0,"event_name":"World of Goop","floor":4,"gold_loss":0},{"damage_healed":0,"gold_gain":0,"player_choice":"Ignored","damage_taken":0,"max_hp_gain":0,"max_hp_loss":0,"event_name":"Liars Game","floor":10,"gold_loss":0},{"damage_healed":0,"gold_gain":0,"player_choice":"Success","damage_taken":18,"relics_obtained":["Lantern"],"max_hp_gain":0,"max_hp_loss":0,"event_name":"Scrap Ooze","floor":12,"gold_loss":0},{"damage_healed":0,"gold_gain":0,"player_choice":"Obtained Book","damage_taken":21,"max_hp_gain":0,"max_hp_loss":0,"event_name":"Cursed Tome","floor":19,"gold_loss":0},{"damage_healed":15,"gold_gain":0,"player_choice":"Heal","damage_taken":0,"max_hp_gain":0,"max_hp_loss":0,"event_name":"The Library","floor":21,"gold_loss":0},{"damage_healed":0,"gold_gain":50,"player_choice":"Stole From Cult","damage_taken":0,"max_hp_gain":0,"max_hp_loss":0,"event_name":"Nest","floor":27,"gold_loss":0},{"damage_healed":0,"gold_gain":0,"player_choice":"Fought Bandits","damage_taken":0,"max_hp_gain":0,"max_hp_loss":0,"event_name":"Masked Bandits","floor":31,"gold_loss":0},{"damage_healed":0,"gold_gain":0,"player_choice":"Ignored","damage_taken":0,"max_hp_gain":0,"max_hp_loss":0,"event_name":"Tomb of Lord Red Mask","floor":36,"gold_loss":0},{"damage_healed":0,"gold_gain":0,"player_choice":"Memory 1","damage_taken":0,"max_hp_gain":0,"max_hp_loss":0,"event_name":"SensoryStone","floor":37,"gold_loss":0},{"damage_healed":0,"gold_gain":0,"player_choice":"Ignored","damage_taken":0,"max_hp_gain":0,"max_hp_loss":0,"event_name":"Mysterious Sphere","floor":47,"gold_loss":0}],"is_beta":false,"boss_relics":[{"not_picked":["Runic Pyramid","Orrery"],"picked":"Lizard Tail"},{"not_picked":["White Beast Statue","Black Star"],"picked":"Mark of Pain"}],"items_purged_floors":[48],"is_endless":false,"potions_floor_spawned":[2,11,16,18,30,31,33,44,46],"ascension_level":17}