{"gold_per_floor":[117,133,58,69,69,69,100,100,180,206,224,224,256,256,256,329,329,348,348,398,398,411,411,411,411,459,189,205,221,234,266,266,341,341,357,337,354,367,386,419,434,434,434,452,452,291,326,342,342,342,342,342,1,27,27],"floor_reached":56,"playtime":3243,"items_purged":["Strike_R","Pain","Rampage","Rampage+1"],"score":2107,"play_id":"6545dee6-48db-4977-8095-b231ce8e05e3","local_time":"20190307125118","is_ascension_mode":true,"campfire_choices":[{"data":"Inflame","floor":6,"key":"SMITH"},{"data":"Clothesline","floor":12,"key":"SMITH"},{"floor":15,"key":"REST"},{"floor":23,"key":"RECALL"},{"data":"Ghostly","floor":25,"key":"SMITH"},{"data":"Entrench","floor":32,"key":"SMITH"},{"data":"Ghostly","floor":42,"key":"SMITH"},{"data":"Entrench","floor":49,"key":"SMITH"},{"data":"Exhume","floor":52,"key":"SMITH"}],"neow_cost":"TEN_PERCENT_HP_LOSS","seed_source_timestamp":1552063991457056,"circlet_count":0,"master_deck":["AscendersBane","Defend_R+1","Defend_R+1","Defend_R+1","Defend_R+1","Inflame+1","Reaper","Thunderclap","Clothesline+1","Pommel Strike","Reaper","Barricade+1","Flame Barrier+1","Ghostly+1","Ghostly+1","Ghostly","Power Through","Evolve","Sword Boomerang","Power Through","Entrench+1","Body Slam","True Grit","Inflame","Entrench+1","Exhume+1","Offering","Feel No Pain"],"relics":["Burning Blood","Mango","PreservedInsect","Thread and Needle","Blood Vial","WarpedTongs","Astrolabe","Nilry\u0027s Codex","Bronze Scales","Bottled Tornado","Mark of Pain","Du-Vu Doll","Gremlin Horn","Potion Belt","Bag of Preparation"],"potions_floor_usage":[10,16,55,55,55,55],"damage_taken":[{"damage":6,"enemies":"Jaw Worm","floor":1,"turns":5},{"damage":11,"enemies":"Small Slimes","floor":2,"turns":4},{"damage":16,"enemies":"Cultist","floor":4,"turns":4},{"damage":40,"enemies":"Gremlin Nob","floor":7,"turns":5},{"damage":23,"enemies":"3 Sentries","floor":10,"turns":7},{"damage":11,"enemies":"Exordium Wildlife","floor":11,"turns":6},{"damage":17,"enemies":"Gremlin Nob","floor":13,"turns":4},{"damage":35,"enemies":"Slime Boss","floor":16,"turns":10},{"damage":3,"enemies":"3 Byrds","floor":18,"turns":3},{"damage":7,"enemies":"Chosen","floor":22,"turns":4},{"damage":0,"enemies":"Snecko","floor":28,"turns":5},{"damage":29,"enemies":"3 Cultists","floor":29,"turns":6},{"damage":6,"enemies":"Centurion and Healer","floor":30,"turns":9},{"damage":9,"enemies":"Slavers","floor":31,"turns":6},{"damage":6,"enemies":"Collector","floor":33,"turns":16},{"damage":0,"enemies":"3 Shapes","floor":35,"turns":6},{"damage":10,"enemies":"Orb Walker","floor":37,"turns":4},{"damage":24,"enemies":"Transient","floor":38,"turns":5},{"damage":24,"enemies":"Sphere and 2 Shapes","floor":39,"turns":10},{"damage":21,"enemies":"Nemesis","floor":40,"turns":7},{"damage":0,"enemies":"4 Shapes","floor":41,"turns":7},{"damage":0,"enemies":"3 Darklings","floor":44,"turns":6},{"damage":17,"enemies":"Reptomancer","floor":47,"turns":9},{"damage":0,"enemies":"Maw","floor":48,"turns":8},{"damage":0,"enemies":"Awakened One","floor":50,"turns":13},{"damage":21,"enemies":"Shield and Spear","floor":54,"turns":8},{"damage":13,"enemies":"The Heart","floor":55,"turns":12}],"seed_played":"-8912436225055911981","potions_obtained":[{"floor":7,"key":"Block Potion"},{"floor":11,"key":"Ancient Potion"},{"floor":13,"key":"Strength Potion"},{"floor":16,"key":"BloodPotion"},{"floor":37,"key":"Strength Potion"},{"floor":47,"key":"Explosive Potion"},{"floor":48,"key":"LiquidBronze"}],"is_trial":false,"path_per_floor":["M","M","$","M","?","R","E","?","T","E","M","R","E","?","R","B",null,"M","?","?","?","M","R","?","R","T","$","M","M","M","E","R","B",null,"M","?","M","M","M","E","M","R","T","M","?","$","E","M","R","B",null,"R","$","E","B",null],"character_chosen":"IRONCLAD","items_purchased":["Power Through","Evolve","Sword Boomerang","Entrench","Offering","SkillPotion"],"campfire_rested":1,"item_purchase_floors":[27,27,27,46,53,53],"current_hp_per_floor":[82,77,77,76,69,69,45,45,45,49,44,44,40,40,64,51,74,82,61,61,61,62,62,41,41,41,41,41,34,41,38,38,41,41,41,41,41,30,41,36,41,41,41,41,41,41,41,41,41,41,41,41,41,41,41],"gold":27,"neow_bonus":"ONE_RARE_RELIC","is_prod":false,"is_daily":false,"chose_seed":false,"campfire_upgraded":7,"win_rate":0,"timestamp":1551981078,"path_taken":["M","M","$","M","?","R","E","?","T","E","M","R","E","?","R","BOSS","M","?","?","?","M","R","?","R","T","$","?","M","M","E","R","BOSS","M","?","M","M","?","E","?","R","T","M","?","$","E","M","R","BOSS","R","$","E","BOSS"],"build_version":"2019-02-06","purchased_purges":4,"victory":true,"max_hp_per_floor":[82,82,82,82,82,82,82,82,82,82,82,82,82,82,82,82,82,82,82,82,82,82,82,41,41,41,41,41,41,41,41,41,41,41,41,41,41,41,41,41,41,41,41,41,41,41,41,41,41,41,41,41,41,41,41],"card_choices":[{"not_picked":["Perfected Strike","Twin Strike"],"picked":"Inflame","floor":1},{"not_picked":["Cleave","Combust"],"picked":"Reaper","floor":2},{"not_picked":["Evolve","Warcry"],"picked":"Thunderclap","floor":4},{"not_picked":["Power Through","Fire Breathing"],"picked":"Clothesline","floor":7},{"not_picked":["Anger","Clash"],"picked":"Pommel Strike","floor":10},{"not_picked":["Cleave","Wild Strike","Power Through"],"picked":"SKIP","floor":11},{"not_picked":["Sentinel","Reckless Charge"],"picked":"Rampage","floor":13},{"not_picked":["Brutality","Berserk"],"picked":"Reaper","floor":16},{"not_picked":["Searing Blow","Intimidate","True Grit"],"picked":"SKIP","floor":18},{"not_picked":["Thunderclap","Metallicize","Dual Wield"],"picked":"SKIP","floor":22},{"not_picked":["Twin Strike","Metallicize","Blood for Blood+1"],"picked":"SKIP","floor":28},{"not_picked":["Anger","Clash","Sword Boomerang"],"picked":"SKIP","floor":29},{"not_picked":["Juggernaut","Perfected Strike+1"],"picked":"Power Through","floor":30},{"not_picked":["Second Wind","Carnage"],"picked":"Entrench","floor":31},{"not_picked":["Clash","Combust+1","Sever Soul"],"picked":"SKIP","floor":35},{"not_picked":["Heavy Blade","Clothesline","Pommel Strike+1"],"picked":"SKIP","floor":37},{"not_picked":["Heavy Blade","Flex"],"picked":"Body Slam","floor":38},{"not_picked":["Clothesline","Thunderclap"],"picked":"True Grit","floor":39},{"not_picked":["Immolate","Fire Breathing"],"picked":"Inflame","floor":40},{"not_picked":["Clash","Perfected Strike","Thunderclap"],"picked":"SKIP","floor":41},{"not_picked":["Pommel Strike","Iron Wave","Sentinel+1"],"picked":"SKIP","floor":44},{"not_picked":["Perfected Strike","Sword Boomerang","Armaments"],"picked":"SKIP","floor":47},{"not_picked":["Havoc+1","True Grit"],"picked":"Exhume","floor":48},{"not_picked":["Perfected Strike","Juggernaut"],"picked":"Feel No Pain","floor":54}],"player_experience":2112328,"relics_obtained":[{"floor":7,"key":"PreservedInsect"},{"floor":10,"key":"Thread and Needle"},{"floor":13,"key":"Blood Vial"},{"floor":19,"key":"Nilry\u0027s Codex"},{"floor":26,"key":"Bronze Scales"},{"floor":31,"key":"Bottled Tornado"},{"floor":40,"key":"Du-Vu Doll"},{"floor":43,"key":"Gremlin Horn"},{"floor":47,"key":"Potion Belt"},{"floor":54,"key":"Bag of Preparation"}],"event_choices":[{"cards_removed":["Strike_R"],"damage_healed":0,"gold_gain":0,"player_choice":"Card Removal","damage_taken":7,"max_hp_gain":0,"max_hp_loss":0,"event_name":"Golden Wing","floor":5,"gold_loss":0},{"damage_healed":0,"gold_gain":0,"player_choice":"Ignored","damage_taken":0,"max_hp_gain":0,"max_hp_loss":0,"event_name":"Liars Game","floor":8,"gold_loss":0},{"damage_healed":0,"gold_gain":0,"player_choice":"Rummage","damage_taken":0,"relics_obtained":["WarpedTongs"],"max_hp_gain":0,"max_hp_loss":0,"event_name":"Accursed Blacksmith","floor":14,"gold_loss":0,"cards_obtained":["Pain"]},{"damage_healed":0,"gold_gain":0,"player_choice":"Obtained Book","damage_taken":21,"max_hp_gain":0,"max_hp_loss":0,"event_name":"Cursed Tome","floor":19,"gold_loss":0},{"damage_healed":0,"gold_gain":50,"player_choice":"Stole From Cult","damage_taken":0,"max_hp_gain":0,"max_hp_loss":0,"event_name":"Nest","floor":20,"gold_loss":0},{"damage_healed":0,"gold_gain":0,"player_choice":"Simplicity","damage_taken":0,"max_hp_gain":0,"max_hp_loss":0,"event_name":"Back to Basics","floor":21,"gold_loss":0,"cards_upgraded":["Defend_R","Defend_R","Defend_R","Defend_R"]},{"damage_healed":0,"gold_gain":0,"player_choice":"Became a Ghost","damage_taken":0,"max_hp_gain":0,"max_hp_loss":41,"event_name":"Ghosts","floor":24,"gold_loss":0,"cards_obtained":["Ghostly","Ghostly","Ghostly"]},{"damage_healed":0,"gold_gain":0,"player_choice":"Bought 1 Potion","damage_taken":0,"max_hp_gain":0,"max_hp_loss":0,"event_name":"The Woman in Blue","floor":36,"gold_loss":0},{"cards_removed":["Bash"],"damage_healed":0,"gold_gain":0,"player_choice":"Removed Attack","damage_taken":0,"max_hp_gain":0,"max_hp_loss":0,"event_name":"Falling","floor":45,"gold_loss":0}],"is_beta":true,"boss_relics":[{"not_picked":["Black Blood","Black Star"],"picked":"Astrolabe"},{"not_picked":["Philosopher\u0027s Stone","Tiny House"],"picked":"Mark of Pain"}],"items_purged_floors":[3,27,46,53],"is_endless":false,"potions_floor_spawned":[7,11,13,16,28,29,31,33,37,47,48,54],"ascension_level":15}