{"gold_per_floor":[11,11,31,44,119,119,158,158,158,83,124,124,14,47,47,142,142,158,179,200,325,366,366,366],"floor_reached":24,"playtime":1129,"items_purged":[],"score":499,"play_id":"1054f106-34b4-442e-a3ec-9ca502c8672d","local_time":"20190506101840","is_ascension_mode":true,"campfire_choices":[{"data":"Wild Strike","floor":6.0,"key":"SMITH"},{"data":"True Grit","floor":8.0,"key":"SMITH"},{"data":"True Grit","floor":15.0,"key":"SMITH"},{"data":"Sword Boomerang","floor":23,"key":"SMITH"}],"neow_cost":"NO_GOLD","seed_source_timestamp":1181395857391731,"circlet_count":0,"master_deck":["AscendersBane","Strike_R","Strike_R","Strike_R","Strike_R","Defend_R","Defend_R","Defend_R","Defend_R","Bash","Wild Strike+1","True Grit+1","Demon Form","Twin Strike","Sword Boomerang+1","Pummel","True Grit+1","Impervious"],"special_seed":0,"relics":["Burning Blood","Golden Idol","Pear","Gremlin Horn","Red Skull","Lantern","Runic Pyramid","Bird Faced Urn","Matryoshka","Red Mask"],"potions_floor_usage":[22],"damage_taken":[{"damage":12.0,"enemies":"Jaw Worm","floor":1.0,"turns":3.0},{"damage":6.0,"enemies":"Small Slimes","floor":3.0,"turns":3.0},{"damage":11.0,"enemies":"2 Louse","floor":4.0,"turns":3.0},{"damage":11.0,"enemies":"Lagavulin","floor":7.0,"turns":7.0},{"damage":30.0,"enemies":"3 Sentries","floor":11.0,"turns":7.0},{"damage":0.0,"enemies":"Lagavulin","floor":14.0,"turns":4.0},{"damage":40.0,"enemies":"Slime Boss","floor":16.0,"turns":10.0},{"damage":1.0,"enemies":"Chosen","floor":18.0,"turns":7.0},{"damage":7.0,"enemies":"3 Byrds","floor":19.0,"turns":7.0},{"damage":5.0,"enemies":"Cultist and Chosen","floor":20.0,"turns":7.0},{"damage":43.0,"enemies":"Colosseum Slavers","floor":21.0,"turns":4.0},{"damage":29.0,"enemies":"Colosseum Nobs","floor":21.0,"turns":6.0},{"damage":10,"enemies":"Masked Bandits","floor":22,"turns":3},{"damage":23,"enemies":"Book of Stabbing","floor":24,"turns":4}],"seed_played":"-5217598522840742113","potions_obtained":[{"floor":1.0,"key":"GamblersBrew"},{"floor":11.0,"key":"Swift Potion"},{"floor":18.0,"key":"Explosive Potion"},{"floor":21.0,"key":"SteroidPotion"}],"is_trial":false,"path_per_floor":["M","?","M","M","?","R","E","R","T","?","E","?","$","E","R","B",null,"M","M","M","?","?","R","E"],"character_chosen":"IRONCLAD","items_purchased":["Pummel","True Grit"],"campfire_rested":0,"item_purchase_floors":[13,13],"current_hp_per_floor":[76,76,76,71,60,60,65,65,65,65,41,46,46,52,52,18,77,82,81,82,22,18,18,0],"gold":366,"neow_bonus":"TWENTY_PERCENT_HP_BONUS","is_prod":false,"is_daily":false,"chose_seed":false,"campfire_upgraded":4,"win_rate":0,"timestamp":1557152320,"path_taken":["M","?","M","M","?","R","E","R","T","?","E","?","?","E","R","BOSS","M","M","M","?","?","R","E"],"build_version":"2019-01-23","purchased_purges":0,"victory":false,"max_hp_per_floor":[89,81,81,81,81,81,91,91,91,91,91,96,96,96,96,96,96,96,96,96,96,96,96,96],"card_choices":[{"not_picked":["Bloodletting","Flex"],"picked":"Wild Strike","floor":1.0},{"not_picked":["Flex","Warcry"],"picked":"True Grit","floor":3.0},{"not_picked":["Cleave","Rage"],"picked":"Demon Form","floor":4.0},{"not_picked":["Havoc","True Grit"],"picked":"Twin Strike","floor":7.0},{"not_picked":["Exhume","Carnage"],"picked":"Sword Boomerang","floor":11.0},{"not_picked":["Twin Strike","Rage","Sentinel"],"picked":"SKIP","floor":14.0},{"not_picked":["Bludgeon","Barricade"],"picked":"Impervious","floor":16.0},{"not_picked":["Cleave","Pommel Strike","Thunderclap+1"],"picked":"SKIP","floor":18.0},{"not_picked":["Havoc","Iron Wave","Blood for Blood"],"picked":"SKIP","floor":19.0},{"not_picked":["Searing Blow","Iron Wave","Warcry"],"picked":"SKIP","floor":20.0}],"player_experience":2397413,"relics_obtained":[{"floor":7.0,"key":"Pear"},{"floor":9.0,"key":"Gremlin Horn"},{"floor":11.0,"key":"Red Skull"},{"floor":14.0,"key":"Lantern"},{"floor":21.0,"key":"Bird Faced Urn"},{"floor":21.0,"key":"Matryoshka"},{"floor":22,"key":"Red Mask"}],"event_choices":[{"damage_healed":0.0,"max_hp_gain":0.0,"max_hp_loss":8.0,"gold_gain":0.0,"event_name":"Golden Idol","player_choice":"Lose Max HP","floor":2.0,"gold_loss":0.0,"damage_taken":0.0,"relics_obtained":["Golden Idol"]},{"damage_healed":0.0,"max_hp_gain":0.0,"max_hp_loss":0.0,"gold_gain":75.0,"event_name":"World of Goop","player_choice":"Gather Gold","floor":5.0,"gold_loss":0.0,"damage_taken":11.0},{"cards_removed":["Strike_R"],"damage_healed":0.0,"max_hp_gain":0.0,"max_hp_loss":0.0,"gold_gain":0.0,"event_name":"The Cleric","player_choice":"Card Removal","floor":10.0,"gold_loss":75.0,"damage_taken":0.0},{"damage_healed":0.0,"max_hp_gain":5.0,"max_hp_loss":0.0,"gold_gain":0.0,"event_name":"Big Fish","player_choice":"Donut","floor":12.0,"gold_loss":0.0,"damage_taken":0.0},{"damage_healed":0.0,"max_hp_gain":0.0,"max_hp_loss":0.0,"gold_gain":0.0,"event_name":"Colosseum","player_choice":"Fight","floor":21.0,"gold_loss":0.0,"damage_taken":0.0},{"damage_healed":0.0,"max_hp_gain":0.0,"max_hp_loss":0.0,"gold_gain":0.0,"event_name":"Colosseum","player_choice":"Fought Nobs","floor":21.0,"gold_loss":0.0,"damage_taken":0.0},{"damage_healed":0,"gold_gain":0,"player_choice":"Fought Bandits","damage_taken":0,"max_hp_gain":0,"max_hp_loss":0,"event_name":"Masked Bandits","floor":22,"gold_loss":0}],"is_beta":false,"boss_relics":[{"not_picked":["Orrery","Astrolabe"],"picked":"Runic Pyramid"}],"items_purged_floors":[],"is_endless":false,"potions_floor_spawned":[1,11,18,21],"killed_by":"Book of Stabbing","ascension_level":20}