{"gold_per_floor":[114,114,129,142,43,43,78,78,78,89,164,164,190,243,243,243],"floor_reached":16,"playtime":279,"items_purged":["Strike_R"],"score":200,"play_id":"e9a9fdc7-77b0-4310-aac6-1177890c9e51","local_time":"20190118153118","is_ascension_mode":true,"campfire_choices":[{"data":"Bash","floor":6,"key":"SMITH"},{"data":"Uppercut","floor":8,"key":"SMITH"},{"data":"Uppercut","floor":12,"key":"SMITH"},{"floor":15,"key":"REST"}],"neow_cost":"NONE","seed_source_timestamp":369167940222535,"circlet_count":0,"master_deck":["AscendersBane","Strike_R","Strike_R","Strike_R","Strike_R","Defend_R","Defend_R","Defend_R","Defend_R","Bash+1","Armaments","Uppercut+1","Uppercut+1","Sword Boomerang","Iron Wave"],"relics":["Burning Blood","NeowsBlessing","FaceOfCleric","Gambling Chip","Girya","Omamori","Anchor"],"potions_floor_usage":[16],"damage_taken":[{"damage":0,"enemies":"Jaw Worm","floor":1,"turns":1},{"damage":0,"enemies":"Cultist","floor":3,"turns":1},{"damage":0,"enemies":"Small Slimes","floor":4,"turns":1},{"damage":28,"enemies":"Gremlin Nob","floor":7,"turns":4},{"damage":5,"enemies":"Blue Slaver","floor":10,"turns":5},{"damage":30,"enemies":"3 Sentries","floor":13,"turns":8},{"damage":64,"enemies":"Slime Boss","floor":16,"turns":9}],"seed_played":"-7507007705836229638","potions_obtained":[{"floor":1,"key":"LiquidBronze"},{"floor":4,"key":"Swift Potion"}],"is_trial":false,"path_per_floor":["M","?","M","M","$","R","E","R","T","M","?","R","E","T","R","B"],"character_chosen":"IRONCLAD","items_purchased":["Sword Boomerang"],"campfire_rested":1,"item_purchase_floors":[5],"current_hp_per_floor":[74,74,76,77,77,77,56,56,56,58,47,47,24,24,48,0],"gold":243,"neow_bonus":"THREE_ENEMY_KILL","is_prod":false,"is_daily":false,"chose_seed":false,"campfire_upgraded":3,"win_rate":0,"timestamp":1547850678,"path_taken":["M","?","M","?","$","R","E","R","T","?","?","R","E","?","R","BOSS"],"build_version":"2019-01-17","purchased_purges":1,"victory":false,"max_hp_per_floor":[75,75,76,77,77,77,78,78,78,79,79,79,80,80,80,80],"card_choices":[{"not_picked":["Combust","Clash"],"picked":"Armaments","floor":1},{"not_picked":["Power Through","Pommel Strike"],"picked":"Uppercut","floor":3},{"not_picked":["Wild Strike","Body Slam"],"picked":"Uppercut","floor":4},{"not_picked":["Reckless Charge","Hemokinesis"],"picked":"Iron Wave","floor":7},{"not_picked":["Sever Soul","Flex","Anger"],"picked":"SKIP","floor":10},{"not_picked":["Blood for Blood","Hemokinesis","Second Wind"],"picked":"SKIP","floor":13}],"player_experience":1040597,"relics_obtained":[{"floor":7,"key":"Gambling Chip"},{"floor":9,"key":"Girya"},{"floor":13,"key":"Omamori"},{"floor":14,"key":"Anchor"}],"event_choices":[{"damage_healed":0,"gold_gain":0,"player_choice":"Trade","damage_taken":0,"relics_obtained":["FaceOfCleric"],"max_hp_gain":0,"max_hp_loss":0,"event_name":"FaceTrader","floor":2,"gold_loss":0},{"damage_healed":0,"gold_gain":75,"player_choice":"Gather Gold","damage_taken":11,"max_hp_gain":0,"max_hp_loss":0,"event_name":"World of Goop","floor":11,"gold_loss":0}],"is_beta":true,"boss_relics":[],"items_purged_floors":[5],"is_endless":false,"potions_floor_spawned":[1,4,13],"killed_by":"Slime Boss","ascension_level":17}