{"gold_per_floor":[113,18,37,112,127,127,156,156,156,156,156,27,27,27],"floor_reached":14,"playtime":398,"items_purged":["Decay"],"score":172,"play_id":"f59d0499-2a2f-4b93-a531-ffcfabdf7ff6","local_time":"20190403052535","is_ascension_mode":true,"campfire_choices":[{"data":"Zap","floor":6,"key":"SMITH"},{"data":"Sweeping Beam","floor":8,"key":"SMITH"},{"data":"Self Repair","floor":10,"key":"SMITH"},{"data":"Go for the Eyes","floor":13,"key":"SMITH"}],"neow_cost":"CURSE","seed_source_timestamp":155617681999472,"circlet_count":0,"master_deck":["AscendersBane","Strike_B","Strike_B","Strike_B","Strike_B","Defend_B","Defend_B","Defend_B","Defend_B","Zap+1","Dualcast","Rainbow","Coolheaded","Self Repair+1","Cold Snap","Sweeping Beam+1","Go for the Eyes+1"],"relics":["Cracked Core","Turnip","Toxic Egg 2","Incense Burner"],"potions_floor_usage":[3,5,7,14],"damage_taken":[{"damage":13,"enemies":"2 Louse","floor":1,"turns":3},{"damage":2,"enemies":"Jaw Worm","floor":3,"turns":3},{"damage":19,"enemies":"Small Slimes","floor":5,"turns":4},{"damage":25,"enemies":"Gremlin Nob","floor":7,"turns":4},{"damage":21,"enemies":"Gremlin Gang","floor":14,"turns":3}],"seed_played":"4167078059490626853","potions_obtained":[{"floor":1,"key":"Regen Potion"},{"floor":5,"key":"Fire Potion"},{"floor":7,"key":"Poison Potion"}],"is_trial":false,"path_per_floor":["M","$","M","?","M","R","E","R","T","R","T","$","R","M"],"character_chosen":"DEFECT","items_purchased":["Self Repair","Fire Potion","Go for the Eyes"],"campfire_rested":0,"item_purchase_floors":[2,2,12],"current_hp_per_floor":[51,51,56,45,45,45,20,20,20,20,20,20,20,0],"gold":27,"neow_bonus":"THREE_RARE_CARDS","is_prod":false,"is_daily":false,"chose_seed":false,"campfire_upgraded":4,"win_rate":0,"timestamp":1554283535,"path_taken":["M","$","M","?","M","R","E","R","T","R","?","$","R","M"],"build_version":"2019-01-23","purchased_purges":1,"victory":false,"max_hp_per_floor":[71,71,71,71,71,71,71,71,71,71,71,71,71,71],"card_choices":[{"not_picked":["Thunder Strike","Machine Learning"],"picked":"Rainbow","floor":0},{"not_picked":["Compile Driver","Leap"],"picked":"Coolheaded","floor":1},{"not_picked":["Steam","Auto Shields","Darkness"],"picked":"SKIP","floor":3},{"not_picked":["Hologram","Lockon"],"picked":"Cold Snap","floor":5},{"not_picked":["Darkness","Stack"],"picked":"Sweeping Beam","floor":7}],"player_experience":1561731,"relics_obtained":[{"floor":7,"key":"Turnip"},{"floor":9,"key":"Toxic Egg 2"},{"floor":11,"key":"Incense Burner"}],"event_choices":[{"damage_healed":0,"gold_gain":75,"player_choice":"Gather Gold","damage_taken":11,"max_hp_gain":0,"max_hp_loss":0,"event_name":"World of Goop","floor":4,"gold_loss":0}],"is_beta":false,"boss_relics":[],"items_purged_floors":[12],"is_endless":false,"potions_floor_spawned":[1,5,7],"killed_by":"Gremlin Gang","ascension_level":20}