{"gold_per_floor":[110,34,54,65,127,127,153,153,180,191,226,226,226,236,236,307,307,322,338,355,109,126,126,160,173,173,185,209,221,233,49,49,126,126,137,37,0,10,10,10,10,20,20,40,72,72],"floor_reached":46,"playtime":1715,"items_purged":["Tempest","Thunder Strike+1"],"score":1060,"play_id":"3a1f31ca-d758-4ba3-aaea-e15c4019ce26","local_time":"20190202120943","is_ascension_mode":true,"campfire_choices":[{"data":"Sunder","floor":6.0,"key":"SMITH"},{"data":"Creative AI","floor":8.0,"key":"SMITH"},{"data":"Chaos","floor":12.0,"key":"SMITH"},{"data":"Zap","floor":15.0,"key":"SMITH"},{"data":"Echo Form","floor":23,"key":"SMITH"},{"data":"Recycle","floor":27,"key":"SMITH"},{"data":"Hologram","floor":30,"key":"SMITH"},{"data":"Apotheosis","floor":32,"key":"SMITH"},{"floor":40,"key":"REST"}],"neow_cost":"NONE","seed_source_timestamp":268570277524340,"circlet_count":0,"master_deck":["AscendersBane","Zap+1","Dualcast","Electrodynamics","Creative AI+1","Sunder+1","Cold Snap","Chaos+1","Leap","Ball Lightning","Leap","Steam","Coolheaded","Glacier","Compile Driver","Core Surge","Storm","Glacier","Echo Form+1","Reboot","Recycle+1","Hologram+1","Reboot","Apotheosis+1","Barrage+1","Coolheaded","Master of Strategy","BootSequence","Fusion","Conserve Battery","Parasite"],"special_seed":0,"relics":["Pandora\u0027s Box","Orichalcum","Bronze Scales","Mummified Hand","Runic Dome","Molten Egg 2","MawBank","Astrolabe","Red Mask","Vajra"],"potions_floor_usage":[24],"damage_taken":[{"damage":10.0,"enemies":"Jaw Worm","floor":1.0,"turns":2.0},{"damage":1.0,"enemies":"Small Slimes","floor":3.0,"turns":2.0},{"damage":0.0,"enemies":"Cultist","floor":4.0,"turns":2.0},{"damage":8.0,"enemies":"Gremlin Nob","floor":7.0,"turns":3.0},{"damage":1.0,"enemies":"Exordium Wildlife","floor":10.0,"turns":4.0},{"damage":8.0,"enemies":"3 Sentries","floor":11.0,"turns":3.0},{"damage":5.0,"enemies":"Exordium Thugs","floor":14.0,"turns":4.0},{"damage":0.0,"enemies":"Hexaghost","floor":16.0,"turns":8.0},{"damage":0.0,"enemies":"Spheric Guardian","floor":18.0,"turns":3.0},{"damage":0.0,"enemies":"3 Byrds","floor":19.0,"turns":2.0},{"damage":0.0,"enemies":"Cultist and Chosen","floor":20.0,"turns":4.0},{"damage":0.0,"enemies":"Snecko","floor":22.0,"turns":5.0},{"damage":13,"enemies":"Book of Stabbing","floor":24,"turns":4},{"damage":6,"enemies":"Snake Plant","floor":25,"turns":3},{"damage":0,"enemies":"Sentry and Sphere","floor":28,"turns":3},{"damage":40,"enemies":"Automaton","floor":33,"turns":7},{"damage":0,"enemies":"3 Shapes","floor":35,"turns":3},{"damage":38,"enemies":"3 Darklings","floor":38,"turns":4},{"damage":10,"enemies":"4 Shapes","floor":42,"turns":4},{"damage":0,"enemies":"Jaw Worm Horde","floor":44,"turns":3},{"damage":27,"enemies":"Nemesis","floor":45,"turns":11},{"damage":14,"enemies":"Writhing Mass","floor":46,"turns":3}],"seed_played":"3194671801641254848","potions_obtained":[{"floor":3.0,"key":"GamblersBrew"},{"floor":7.0,"key":"LiquidBronze"},{"floor":16.0,"key":"FairyPotion"},{"floor":20.0,"key":"SkillPotion"},{"floor":33,"key":"Dexterity Potion"}],"is_trial":false,"path_per_floor":["M","$","M","M","?","R","E","R","T","M","E","R","?","M","R","B",null,"M","M","M","$","M","R","E","M","T","R","M","?","R","$","R","B",null,"M","$","?","M","?","R","?","M","T","M","E","M"],"character_chosen":"DEFECT","items_purchased":["Ball Lightning","Leap","Echo Form","Apotheosis"],"campfire_rested":1,"item_purchase_floors":[2,2,21,31],"current_hp_per_floor":[54,54,53,53,53,53,45,45,45,44,36,36,36,31,31,31,61,61,61,61,61,61,61,48,42,42,42,42,42,42,42,42,2,54,54,54,54,16,16,37,37,27,27,27,7,0],"gold":72,"neow_bonus":"BOSS_RELIC","is_prod":false,"is_daily":false,"chose_seed":false,"campfire_upgraded":8,"win_rate":0,"timestamp":1549134583,"path_taken":["M","$","M","M","?","R","E","R","T","M","E","R","?","M","R","BOSS","M","M","?","$","M","R","E","M","T","R","M","?","R","?","R","BOSS","M","$","?","M","?","R","?","M","T","M","E","M"],"build_version":"2019-01-23","purchased_purges":2,"victory":false,"max_hp_per_floor":[71,71,71,71,71,71,71,71,71,71,71,71,71,71,71,71,71,71,71,71,71,71,71,71,71,71,71,71,71,71,71,71,71,71,71,71,71,71,71,71,71,71,71,71,71,71],"card_choices":[{"not_picked":["Chill","Steam"],"picked":"Leap","floor":1.0},{"not_picked":["Barrage","Gash"],"picked":"Steam","floor":3.0},{"not_picked":["Steam","Skim"],"picked":"FTL","floor":4.0},{"not_picked":["Gash","Go for the Eyes"],"picked":"Coolheaded","floor":7.0},{"not_picked":["Turbo","Chaos","Lockon"],"picked":"SKIP","floor":10.0},{"not_picked":["Reboot","White Noise"],"picked":"Glacier","floor":11.0},{"not_picked":["Darkness","Beam Cell"],"picked":"Compile Driver","floor":14.0},{"not_picked":["Hyperbeam","Buffer"],"picked":"Core Surge","floor":16.0},{"not_picked":["Scrape","Compile Driver"],"picked":"Storm","floor":18.0},{"not_picked":["Turbo","Stack","Rip and Tear"],"picked":"SKIP","floor":19.0},{"not_picked":["Turbo+1","Double Energy"],"picked":"Glacier","floor":20.0},{"not_picked":["Lockon","Barrage+1","Chill"],"picked":"SKIP","floor":22.0},{"not_picked":["Reinforced Body","Melter"],"picked":"Reboot","floor":24},{"not_picked":["Barrage+1","Beam Cell+1"],"picked":"Recycle","floor":25},{"not_picked":["Beam Cell+1","Conserve Battery"],"picked":"Hologram","floor":28},{"not_picked":["Electrodynamics","Machine Learning"],"picked":"All For One+1","floor":33},{"not_picked":["Steam","Auto Shields+1","Gash+1"],"picked":"SKIP","floor":35},{"not_picked":["Heatsinks+1","Streamline+1"],"picked":"Coolheaded","floor":38},{"not_picked":["Deep Breath","Discovery"],"picked":"Master of Strategy","floor":41},{"not_picked":["Streamline+1","Aggregate"],"picked":"BootSequence","floor":42},{"not_picked":["Compile Driver+1","Heatsinks"],"picked":"Fusion","floor":44},{"not_picked":["Chill","Aggregate"],"picked":"Conserve Battery","floor":45}],"player_experience":1064101,"relics_obtained":[{"floor":7.0,"key":"Orichalcum"},{"floor":9.0,"key":"Bronze Scales"},{"floor":11.0,"key":"Mummified Hand"},{"floor":24,"key":"Molten Egg 2"},{"floor":26,"key":"MawBank"},{"floor":45,"key":"Vajra"}],"event_choices":[{"damage_healed":0.0,"max_hp_gain":0.0,"max_hp_loss":0.0,"gold_gain":62.0,"event_name":"Golden Wing","player_choice":"Gained Gold","floor":5.0,"gold_loss":0.0,"damage_taken":0.0},{"damage_healed":0.0,"max_hp_gain":0.0,"max_hp_loss":0.0,"gold_gain":0.0,"cards_transformed":["Barrage"],"event_name":"Transmorgrifier","player_choice":"Transformed","floor":13.0,"gold_loss":0.0,"damage_taken":0.0,"cards_obtained":["Tempest"]},{"damage_healed":0,"gold_gain":0,"cards_transformed":["Darkness"],"player_choice":"Transformed","damage_taken":0,"max_hp_gain":0,"max_hp_loss":0,"event_name":"Transmorgrifier","floor":29,"gold_loss":0,"cards_obtained":["Reboot"]},{"damage_healed":0,"gold_gain":0,"player_choice":"Paid","damage_taken":0,"relics_obtained":["Red Mask"],"max_hp_gain":0,"max_hp_loss":0,"event_name":"Tomb of Lord Red Mask","floor":37,"gold_loss":37},{"cards_removed":["Thunder Strike"],"damage_healed":0,"gold_gain":0,"player_choice":"Removed Attack","damage_taken":0,"max_hp_gain":0,"max_hp_loss":0,"event_name":"Falling","floor":39,"gold_loss":0},{"damage_healed":0,"gold_gain":0,"player_choice":"Memory 1","damage_taken":0,"max_hp_gain":0,"max_hp_loss":0,"event_name":"SensoryStone","floor":41,"gold_loss":0}],"is_beta":true,"boss_relics":[{"not_picked":["Tiny House","Orrery"],"picked":"Runic Dome"},{"not_picked":["Velvet Choker","Snecko Eye"],"picked":"Astrolabe"}],"items_purged_floors":[21,36],"is_endless":false,"potions_floor_spawned":[3,7,16,20,33,38,44],"killed_by":"Writhing Mass","ascension_level":20}