{"gold_per_floor":[118,138,138,138,154,154,183,183,483,483,510,521,535,553,553,553],"floor_reached":16,"playtime":616,"items_purged":[],"score":213,"play_id":"3a9d0f52-78b1-495a-b006-2fc4e8315825","local_time":"20190326082111","is_ascension_mode":true,"campfire_choices":[{"data":"Dualcast","floor":6,"key":"SMITH"},{"data":"Capacitor","floor":8,"key":"SMITH"},{"floor":10,"key":"REST"},{"data":"Fission","floor":15,"key":"SMITH"}],"neow_cost":"NONE","seed_source_timestamp":802016862877625,"circlet_count":0,"master_deck":["AscendersBane","Strike_B","Strike_B","Strike_B","Strike_B+1","Defend_B","Defend_B","Defend_B+1","Defend_B","Zap+1","Dualcast+1","Ball Lightning","Conserve Battery","Leap","Capacitor+1","Loop","Double Energy","Coolheaded","Fission+1"],"relics":["Cracked Core","Gambling Chip","Old Coin","Bag of Marbles"],"potions_floor_usage":[7,7],"damage_taken":[{"damage":0,"enemies":"Small Slimes","floor":1,"turns":3},{"damage":0,"enemies":"Jaw Worm","floor":2,"turns":3},{"damage":0,"enemies":"2 Louse","floor":5,"turns":3},{"damage":9,"enemies":"Gremlin Nob","floor":7,"turns":3},{"damage":8,"enemies":"Lagavulin","floor":11,"turns":7},{"damage":0,"enemies":"2 Fungi Beasts","floor":12,"turns":2},{"damage":0,"enemies":"Blue Slaver","floor":13,"turns":3},{"damage":6,"enemies":"3 Louse","floor":14,"turns":4},{"damage":45,"enemies":"Hexaghost","floor":16,"turns":11}],"seed_played":"6623697677975034606","potions_obtained":[{"floor":1,"key":"SkillPotion"},{"floor":2,"key":"Ancient Potion"}],"is_trial":false,"path_per_floor":["M","M","?","?","M","R","E","R","T","R","E","M","M","M","R","B"],"character_chosen":"DEFECT","items_purchased":[],"campfire_rested":1,"item_purchase_floors":[],"current_hp_per_floor":[64,64,69,46,46,46,37,37,37,59,51,51,51,45,45,0],"gold":553,"neow_bonus":"UPGRADE_CARD","is_prod":false,"is_daily":false,"chose_seed":false,"campfire_upgraded":3,"win_rate":0,"timestamp":1553602871,"path_taken":["M","M","?","?","M","R","E","R","T","R","E","?","M","M","R","BOSS"],"build_version":"2019-01-23","purchased_purges":0,"victory":false,"max_hp_per_floor":[71,71,76,76,76,76,76,76,76,76,76,76,76,76,76,76],"card_choices":[{"not_picked":["Heatsinks","Coolheaded"],"picked":"Ball Lightning","floor":1},{"not_picked":["Leap","Recycle"],"picked":"Conserve Battery","floor":2},{"not_picked":["Barrage","Rebound"],"picked":"Leap","floor":5},{"not_picked":["Redo","Scrape"],"picked":"Capacitor","floor":7},{"not_picked":["Leap","Force Field"],"picked":"Loop","floor":11},{"not_picked":["Turbo","Barrage"],"picked":"Double Energy","floor":12},{"not_picked":["Double Energy","Leap"],"picked":"Coolheaded","floor":13},{"not_picked":["Turbo","Stack"],"picked":"Fission","floor":14}],"player_experience":1431608,"relics_obtained":[{"floor":7,"key":"Gambling Chip"},{"floor":9,"key":"Old Coin"},{"floor":11,"key":"Bag of Marbles"}],"event_choices":[{"damage_healed":0,"gold_gain":0,"player_choice":"Donut","damage_taken":0,"max_hp_gain":5,"max_hp_loss":0,"event_name":"Big Fish","floor":3,"gold_loss":0},{"damage_healed":0,"gold_gain":0,"player_choice":"Entered Light","damage_taken":23,"max_hp_gain":0,"max_hp_loss":0,"event_name":"Shining Light","floor":4,"gold_loss":0,"cards_upgraded":["Strike_B","Defend_B"]}],"is_beta":false,"boss_relics":[],"items_purged_floors":[],"is_endless":false,"potions_floor_spawned":[1,2,5],"killed_by":"Hexaghost","ascension_level":18}