{"gold_per_floor":[119,136,146,161,161,161,190,190,213,213,213,213,272,46,46,124,124,137,162,172,172,184,184,211,211,235,263,263],"floor_reached":28,"playtime":1399,"items_purged":[],"score":528,"play_id":"7ae840f6-aed3-4a54-bd87-b628379c2e0c","local_time":"20190503012016","is_ascension_mode":true,"campfire_choices":[{"data":"Zap","floor":6,"key":"SMITH"},{"data":"Dualcast","floor":8,"key":"SMITH"},{"data":"Electrodynamics","floor":10,"key":"SMITH"},{"data":"Ball Lightning","floor":12,"key":"SMITH"},{"data":"Machine Learning","floor":15,"key":"SMITH"},{"floor":23,"key":"REST"},{"floor":25,"key":"REST"}],"neow_cost":"NONE","seed_source_timestamp":889627025746286,"circlet_count":0,"master_deck":["AscendersBane","Strike_B","Strike_B","Strike_B","Defend_B","Defend_B","Defend_B","Defend_B","Zap+1","Dualcast+1","Cold Snap","Ball Lightning+1","Ball Lightning+1","Electrodynamics+1","Machine Learning+1","Seek","Hologram","Echo Form","Hologram+1","Skim"],"relics":["Cracked Core","Strawberry","Omamori","Blood Vial","Tiny Chest","MealTicket","Fusion Hammer","Lantern","Pocketwatch","Du-Vu Doll","Centennial Puzzle","Regal Pillow"],"potions_floor_usage":[7,13,27,27],"damage_taken":[{"damage":0,"enemies":"Cultist","floor":1,"turns":3},{"damage":6,"enemies":"2 Louse","floor":2,"turns":3},{"damage":2,"enemies":"Jaw Worm","floor":3,"turns":3},{"damage":4,"enemies":"Red Slaver","floor":4,"turns":3},{"damage":18,"enemies":"Lagavulin","floor":7,"turns":6},{"damage":6,"enemies":"Gremlin Nob","floor":13,"turns":3},{"damage":22,"enemies":"The Guardian","floor":16,"turns":12},{"damage":0,"enemies":"3 Byrds","floor":18,"turns":1},{"damage":9,"enemies":"Chosen","floor":20,"turns":3},{"damage":26,"enemies":"Snake Plant","floor":22,"turns":4},{"damage":43,"enemies":"Slavers","floor":24,"turns":2},{"damage":38,"enemies":"Book of Stabbing","floor":27,"turns":5},{"damage":14,"enemies":"Centurion and Healer","floor":28,"turns":1}],"seed_played":"-2638767745595618610","potions_obtained":[{"floor":2,"key":"SteroidPotion"},{"floor":4,"key":"FearPotion"},{"floor":13,"key":"EssenceOfSteel"},{"floor":20,"key":"FairyPotion"},{"floor":22,"key":"SpeedPotion"}],"is_trial":false,"path_per_floor":["M","M","M","M","?","R","E","R","T","R","?","R","E","$","R","B",null,"M","T","M","?","M","R","E","R","T","E","M"],"character_chosen":"DEFECT","items_purchased":["MealTicket"],"campfire_rested":2,"item_purchase_floors":[14],"current_hp_per_floor":[64,58,56,52,54,54,36,36,36,36,36,36,32,32,32,12,62,64,64,57,57,33,56,15,38,38,2,0],"gold":263,"neow_bonus":"REMOVE_CARD","is_prod":false,"is_daily":false,"chose_seed":false,"campfire_upgraded":5,"win_rate":0,"timestamp":1556860816,"path_taken":["M","M","?","M","?","R","E","R","T","R","?","R","E","$","R","BOSS","M","?","M","?","M","R","E","R","T","E","?"],"build_version":"2019-01-23","purchased_purges":0,"victory":false,"max_hp_per_floor":[71,71,71,71,78,78,78,78,78,78,78,78,78,78,78,78,78,78,78,78,78,78,78,78,78,78,78,78],"card_choices":[{"not_picked":["Sweeping Beam","Stack"],"picked":"Cold Snap","floor":1},{"not_picked":["Compile Driver","Steam"],"picked":"Ball Lightning","floor":2},{"not_picked":["Leap","Turbo"],"picked":"Ball Lightning","floor":3},{"not_picked":["Redo","Gash","Turbo"],"picked":"SKIP","floor":4},{"not_picked":["Auto Shields","Skim"],"picked":"Electrodynamics","floor":7},{"not_picked":["Steam","Conserve Battery"],"picked":"Machine Learning","floor":13},{"not_picked":["Electrodynamics","Hyperbeam"],"picked":"Seek","floor":16},{"not_picked":["Sweeping Beam","Stack"],"picked":"Hologram","floor":18},{"not_picked":["Beam Cell","Steam"],"picked":"Echo Form","floor":20},{"not_picked":["Leap","BootSequence"],"picked":"Hologram+1","floor":22},{"not_picked":["Stack","Ball Lightning","Lockon"],"picked":"SKIP","floor":24},{"not_picked":["Tempest","Coolheaded"],"picked":"Skim","floor":27}],"player_experience":2281676,"relics_obtained":[{"floor":7,"key":"Omamori"},{"floor":9,"key":"Blood Vial"},{"floor":13,"key":"Tiny Chest"},{"floor":19,"key":"Lantern"},{"floor":24,"key":"Du-Vu Doll"},{"floor":26,"key":"Centennial Puzzle"},{"floor":27,"key":"Regal Pillow"}],"event_choices":[{"damage_healed":0,"gold_gain":0,"player_choice":"Success","damage_taken":5,"relics_obtained":["Strawberry"],"max_hp_gain":0,"max_hp_loss":0,"event_name":"Scrap Ooze","floor":5,"gold_loss":0},{"damage_healed":0,"gold_gain":0,"player_choice":"Upgraded","damage_taken":0,"max_hp_gain":0,"max_hp_loss":0,"event_name":"Upgrade Shrine","floor":11,"gold_loss":0,"cards_upgraded":["Ball Lightning"]},{"damage_healed":0,"gold_gain":0,"player_choice":"Gave Potion","damage_taken":0,"relics_obtained":["Pocketwatch"],"max_hp_gain":0,"max_hp_loss":0,"event_name":"WeMeetAgain","floor":21,"gold_loss":0}],"is_beta":false,"boss_relics":[{"not_picked":["Black Star","Eternal Feather"],"picked":"Fusion Hammer"}],"items_purged_floors":[],"is_endless":false,"potions_floor_spawned":[2,4,13,20,22],"killed_by":"Centurion and Healer","ascension_level":20}