{"gold_per_floor":[110,185,204,223,29,29,61,122,148,148,179,179,206,223,223,294,294,304,320,30,44,44,44,54,54,54,54,71,71,71,102,102,174,174,186,1185,649,649,663,663,682,712,712,725,725,364,381,407,407,407,407,407,91,116,116],"floor_reached":56,"playtime":2066,"items_purged":["Strike_R","Normality","Normality","Doubt"],"score":2088,"play_id":"0d641bba-7569-47e5-90f5-bc83e9d533fa","local_time":"20190402233350","is_ascension_mode":true,"campfire_choices":[{"floor":6.0,"key":"REST"},{"floor":10.0,"key":"REST"},{"data":"Uppercut","floor":12.0,"key":"SMITH"},{"data":"Body Slam","floor":15.0,"key":"SMITH"},{"data":"Corruption","floor":23.0,"key":"SMITH"},{"data":"True Grit","floor":25.0,"key":"SMITH"},{"data":"Juggernaut","floor":30.0,"key":"SMITH"},{"data":"Armaments","floor":32.0,"key":"SMITH"},{"data":"Dark Embrace","floor":40.0,"key":"SMITH"},{"floor":45.0,"key":"RECALL"},{"floor":49.0,"key":"REST"},{"data":"Feel No Pain","floor":52.0,"key":"SMITH"}],"neow_cost":"PERCENT_DAMAGE","seed_source_timestamp":1771142187707587,"circlet_count":0,"master_deck":["AscendersBane","Strike_R","Strike_R","Strike_R+1","Defend_R","Defend_R","Defend_R","Defend_R","Bash","Shrug It Off","Impervious","Uppercut+1","Body Slam+1","True Grit+1","Shrug It Off","Exhume","Juggernaut+1","Anger+1","Whirlwind","Corruption+1","Shrug It Off","Shockwave","Feel No Pain+1","Dark Embrace+1","Shrug It Off","Battle Trance","Armaments+1","Exhume","Finesse","PanicButton","Body Slam+1","Corruption","Disarm"],"special_seed":0,"relics":["Burning Blood","Charon\u0027s Ashes","Bag of Preparation","Pen Nib","Smiling Mask","Art of War","Self Forming Clay","Vajra","Eternal Feather","Happy Flower","Bottled Lightning","Orichalcum","Cursed Key","Strawberry","Ginger","Anchor","Mummified Hand","Whetstone","Oddly Smooth Stone","Red Skull"],"potions_floor_usage":[55,55],"damage_taken":[{"damage":9.0,"enemies":"Jaw Worm","floor":1.0,"turns":5.0},{"damage":16.0,"enemies":"Small Slimes","floor":3.0,"turns":5.0},{"damage":3.0,"enemies":"2 Louse","floor":4.0,"turns":3.0},{"damage":12.0,"enemies":"3 Sentries","floor":7.0,"turns":7.0},{"damage":39.0,"enemies":"Lagavulin Event","floor":8.0,"turns":8.0},{"damage":10.0,"enemies":"Lagavulin","floor":11.0,"turns":6.0},{"damage":0.0,"enemies":"Gremlin Nob","floor":13.0,"turns":3.0},{"damage":0.0,"enemies":"Large Slime","floor":14.0,"turns":5.0},{"damage":25.0,"enemies":"Hexaghost","floor":16.0,"turns":10.0},{"damage":16.0,"enemies":"Chosen","floor":18.0,"turns":6.0},{"damage":15.0,"enemies":"Shell Parasite","floor":19.0,"turns":5.0},{"damage":15.0,"enemies":"Centurion and Healer","floor":21.0,"turns":7.0},{"damage":3.0,"enemies":"3 Cultists","floor":24.0,"turns":4.0},{"damage":2.0,"enemies":"Snake Plant","floor":28.0,"turns":4.0},{"damage":14.0,"enemies":"Gremlin Leader","floor":31.0,"turns":4.0},{"damage":65.0,"enemies":"Automaton","floor":33.0,"turns":11.0},{"damage":6.0,"enemies":"3 Shapes","floor":35.0,"turns":5.0},{"damage":14.0,"enemies":"Orb Walker","floor":39.0,"turns":3.0},{"damage":22.0,"enemies":"Transient","floor":41.0,"turns":5.0},{"damage":37.0,"enemies":"Reptomancer","floor":42.0,"turns":6.0},{"damage":0.0,"enemies":"3 Darklings","floor":44.0,"turns":3.0},{"damage":3.0,"enemies":"Sphere and 2 Shapes","floor":47.0,"turns":5.0},{"damage":24.0,"enemies":"Nemesis","floor":48.0,"turns":5.0},{"damage":21.0,"enemies":"Donu and Deca","floor":50.0,"turns":5.0},{"damage":0,"enemies":"Shield and Spear","floor":54,"turns":4},{"damage":46,"enemies":"The Heart","floor":55,"turns":7}],"seed_played":"-3545169148550720837","potions_obtained":[{"floor":3.0,"key":"LiquidBronze"},{"floor":4.0,"key":"Explosive Potion"},{"floor":8.0,"key":"AttackPotion"},{"floor":14.0,"key":"Ancient Potion"},{"floor":16.0,"key":"Strength Potion"},{"floor":21.0,"key":"LiquidBronze"},{"floor":44.0,"key":"Ancient Potion"}],"is_trial":false,"path_per_floor":["M","?","M","M","$","R","E","?","T","R","E","R","E","M","R","B",null,"M","M","$","M","?","R","M","R","T","?","M","?","R","E","R","B",null,"M","?","$","?","M","R","M","E","T","M","R","$","M","E","R","B",null,"R","$","E","B",null],"character_chosen":"IRONCLAD","items_purchased":["Bag of Preparation","Body Slam","Happy Flower","Corruption","Shrug It Off","Strawberry","SpeedPotion","Ginger","Mummified Hand","PowerPotion","Corruption","Disarm","Oddly Smooth Stone"],"campfire_rested":3,"item_purchase_floors":[5,5,20,20,20,37,37,37,46,46,53,53,53],"current_hp_per_floor":[47,36,26,29,29,51,45,12,12,34,30,30,36,42,42,23,62,52,43,43,34,34,46,49,64,64,64,68,68,75,67,75,16,60,60,60,67,57,49,67,51,20,20,26,44,44,47,29,71,56,76,82,82,82,42],"gold":116,"neow_bonus":"ONE_RARE_RELIC","is_prod":false,"is_daily":false,"chose_seed":false,"campfire_upgraded":8,"win_rate":0,"timestamp":1554262430,"path_taken":["M","?","M","M","$","R","E","?","T","R","E","R","E","M","R","BOSS","M","M","$","M","?","R","M","R","T","?","?","?","R","E","R","BOSS","M","?","$","?","M","R","M","E","T","?","R","$","M","E","R","BOSS","R","$","E","BOSS"],"build_version":"2019-03-15","purchased_purges":4,"victory":true,"max_hp_per_floor":[75,75,75,75,75,75,75,75,75,75,75,75,75,75,75,75,75,75,75,75,75,75,75,75,75,75,75,75,75,75,75,75,75,75,75,75,82,82,82,82,82,82,82,82,82,82,82,82,82,82,82,82,82,82,82],"card_choices":[{"not_picked":["Clothesline","Intimidate"],"picked":"Shrug It Off","floor":1.0},{"not_picked":["Perfected Strike","Warcry"],"picked":"Impervious","floor":3.0},{"not_picked":["Iron Wave","Headbutt"],"picked":"Uppercut","floor":4.0},{"not_picked":["Metallicize","Headbutt"],"picked":"True Grit","floor":7.0},{"not_picked":["True Grit","Intimidate","Clash"],"picked":"SKIP","floor":11.0},{"not_picked":["Dual Wield","Pummel"],"picked":"Shrug It Off","floor":13.0},{"not_picked":["Thunderclap","Pommel Strike"],"picked":"Exhume","floor":14.0},{"not_picked":["Double Tap","Brutality"],"picked":"Juggernaut","floor":16.0},{"not_picked":["Thunderclap+1","Sword Boomerang"],"picked":"Anger","floor":18.0},{"not_picked":["Pommel Strike","Flex"],"picked":"Whirlwind","floor":19.0},{"not_picked":["Shrug It Off","Infernal Blade"],"picked":"Shockwave","floor":21.0},{"not_picked":["Heavy Blade","Fire Breathing"],"picked":"Dark Embrace","floor":24.0},{"not_picked":["Dual Wield","True Grit"],"picked":"Battle Trance","floor":28.0},{"not_picked":["Pommel Strike","Sever Soul"],"picked":"Armaments","floor":31.0},{"not_picked":["Juggernaut","Bludgeon"],"picked":"Exhume","floor":33.0},{"not_picked":["Clash+1","Twin Strike","Pommel Strike"],"picked":"SKIP","floor":35.0},{"not_picked":["PanicButton","Sadistic Nature"],"picked":"Finesse","floor":38.0},{"not_picked":["Purity","Mind Blast"],"picked":"PanicButton","floor":38.0},{"not_picked":["Heavy Blade","Iron Wave+1","Cleave"],"picked":"SKIP","floor":39.0},{"not_picked":["Battle Trance","Evolve"],"picked":"Body Slam+1","floor":41.0},{"not_picked":["Dark Embrace","Rampage","Perfected Strike"],"picked":"SKIP","floor":42.0},{"not_picked":["Blood for Blood","Wild Strike","Seeing Red"],"picked":"SKIP","floor":44.0},{"not_picked":["Clothesline","Clash","Carnage"],"picked":"SKIP","floor":47.0},{"not_picked":["Iron Wave+1","Body Slam","Clothesline"],"picked":"SKIP","floor":48.0},{"not_picked":["Cleave+1","Feed","Twin Strike"],"picked":"SKIP","floor":54},{"not_picked":["Cleave+1","Feed","Twin Strike"],"picked":"SKIP","floor":54}],"player_experience":2344206,"relics_obtained":[{"floor":7.0,"key":"Pen Nib"},{"floor":8.0,"key":"Smiling Mask"},{"floor":9.0,"key":"Art of War"},{"floor":11.0,"key":"Self Forming Clay"},{"floor":13.0,"key":"Vajra"},{"floor":26.0,"key":"Bottled Lightning"},{"floor":31.0,"key":"Orichalcum"},{"floor":42.0,"key":"Anchor"},{"floor":48.0,"key":"Whetstone"},{"floor":54,"key":"Red Skull"}],"event_choices":[{"damage_healed":0.0,"max_hp_gain":0.0,"max_hp_loss":0.0,"gold_gain":75.0,"event_name":"World of Goop","player_choice":"Gather Gold","floor":2.0,"gold_loss":0.0,"damage_taken":11.0},{"damage_healed":0.0,"max_hp_gain":0.0,"max_hp_loss":0.0,"gold_gain":30.0,"event_name":"Dead Adventurer","player_choice":"Searched \u00272\u0027 times","floor":8.0,"gold_loss":0.0,"damage_taken":0.0},{"damage_healed":0.0,"max_hp_gain":0.0,"max_hp_loss":0.0,"gold_gain":0.0,"event_name":"The Library","player_choice":"Read","floor":22.0,"gold_loss":0.0,"damage_taken":0.0,"cards_obtained":["Feel No Pain"]},{"damage_healed":0.0,"max_hp_gain":0.0,"max_hp_loss":0.0,"gold_gain":0.0,"cards_transformed":["Strike_R"],"event_name":"Transmorgrifier","player_choice":"Transformed","floor":27.0,"gold_loss":0.0,"damage_taken":0.0,"cards_obtained":["Shrug It Off"]},{"damage_healed":0.0,"max_hp_gain":0.0,"max_hp_loss":0.0,"gold_gain":0.0,"event_name":"The Mausoleum","player_choice":"Ignored","floor":29.0,"gold_loss":0.0,"damage_taken":0.0},{"damage_healed":0.0,"max_hp_gain":0.0,"max_hp_loss":0.0,"gold_gain":999.0,"event_name":"MindBloom","player_choice":"Gold","floor":36.0,"gold_loss":0.0,"damage_taken":0.0,"cards_obtained":["Normality","Normality"]},{"damage_healed":0.0,"max_hp_gain":0.0,"max_hp_loss":0.0,"gold_gain":0.0,"event_name":"SensoryStone","player_choice":"Memory 3","floor":38.0,"gold_loss":0.0,"damage_taken":10.0}],"is_beta":true,"boss_relics":[{"not_picked":["Tiny House","Black Blood"],"picked":"Eternal Feather"},{"not_picked":["Pandora\u0027s Box","Velvet Choker"],"picked":"Cursed Key"}],"items_purged_floors":[20,37,46,53],"is_endless":false,"potions_floor_spawned":[3,4,8,14,16,21,24,39,41,44,48],"ascension_level":15}