{"gold_per_floor":[217,231,18,34,109,109,120,120,120,120,155,155,180,180],"floor_reached":14,"playtime":780,"items_purged":["Strike_B"],"score":196,"play_id":"709f4b7a-9bdb-4737-8294-d9795758aabe","local_time":"20190430084142","is_ascension_mode":true,"campfire_choices":[{"data":"Defragment","floor":6,"key":"SMITH"},{"data":"Zap","floor":8,"key":"SMITH"},{"data":"Capacitor","floor":10,"key":"SMITH"},{"floor":12,"key":"REST"}],"neow_cost":"NONE","seed_source_timestamp":657506363899017,"circlet_count":0,"master_deck":["AscendersBane","Strike_B","Strike_B","Strike_B","Defend_B","Defend_B","Defend_B","Defend_B+1","Zap+1","Dualcast+1","Ball Lightning","Defragment+1","Doom and Gloom","Capacitor+1","Reinforced Body","Chill","Compile Driver"],"relics":["Cracked Core","War Paint","The Courier","Peace Pipe"],"potions_floor_usage":[11,13,14],"damage_taken":[{"damage":2,"enemies":"Cultist","floor":1,"turns":4},{"damage":0,"enemies":"2 Louse","floor":2,"turns":2},{"damage":7,"enemies":"Small Slimes","floor":4,"turns":3},{"damage":13,"enemies":"2 Fungi Beasts","floor":7,"turns":3},{"damage":22,"enemies":"3 Sentries","floor":11,"turns":8},{"damage":22,"enemies":"Gremlin Nob","floor":13,"turns":4},{"damage":8,"enemies":"Lots of Slimes","floor":14,"turns":2}],"seed_played":"-1976734065991369642","potions_obtained":[{"floor":7,"key":"FearPotion"},{"floor":11,"key":"SteroidPotion"}],"is_trial":false,"path_per_floor":["M","M","$","M","?","R","M","R","T","R","E","R","E","M"],"character_chosen":"DEFECT","items_purchased":["Doom and Gloom","Energy Potion"],"campfire_rested":1,"item_purchase_floors":[3,3],"current_hp_per_floor":[62,62,62,55,44,44,31,31,31,31,9,30,8,0],"gold":180,"neow_bonus":"HUNDRED_GOLD","is_prod":false,"is_daily":false,"chose_seed":false,"campfire_upgraded":3,"win_rate":0,"timestamp":1556628102,"path_taken":["M","M","$","M","?","R","M","R","T","R","E","R","E","M"],"build_version":"2019-01-23","purchased_purges":1,"victory":false,"max_hp_per_floor":[71,71,71,71,71,71,71,71,71,71,71,71,71,71],"card_choices":[{"not_picked":["Leap","Aggregate"],"picked":"Ball Lightning","floor":1},{"not_picked":["Steam","Go for the Eyes"],"picked":"Defragment","floor":2},{"not_picked":["Rip and Tear","Beam Cell"],"picked":"Capacitor","floor":4},{"not_picked":["Rip and Tear","Sweeping Beam"],"picked":"Reinforced Body","floor":7},{"not_picked":["Amplify","Streamline"],"picked":"Chill","floor":11},{"not_picked":["Sweeping Beam","Beam Cell"],"picked":"Compile Driver","floor":13}],"player_experience":2151379,"relics_obtained":[{"floor":9,"key":"War Paint"},{"floor":11,"key":"The Courier"},{"floor":13,"key":"Peace Pipe"}],"event_choices":[{"damage_healed":0,"gold_gain":75,"player_choice":"Gather Gold","damage_taken":11,"max_hp_gain":0,"max_hp_loss":0,"event_name":"World of Goop","floor":5,"gold_loss":0}],"is_beta":false,"boss_relics":[],"items_purged_floors":[3],"is_endless":false,"potions_floor_spawned":[7,11],"killed_by":"Lots of Slimes","ascension_level":20}