{"path_per_floor":["M","M","M","M","$","R","M","R","T","M","R","?","M","$","R","B",null,"M","$","?","M","?","R","M","R","T"],"character_chosen":"IRONCLAD","items_purchased":["Rage","Shockwave"],"gold_per_floor":[18,29,39,18,18,18,37,37,116,126,126,126,139,62,62,138,138,138,57,57,57,57,57,57,57,57,57],"floor_reached":27,"campfire_rested":0,"playtime":705,"current_hp_per_floor":[73,75,75,67,67,67,61,61,61,67,67,44,49,49,49,55,70,47,47,47,32,32,32,24,24,24,0],"items_purged":[],"gold":57,"score":359,"play_id":"6c673c7e-5485-4e28-87dd-a93f2e6db620","local_time":"20180413154230","is_prod":false,"is_daily":false,"chose_seed":false,"is_ascension_mode":true,"campfire_upgraded":6,"timestamp":1523659350,"path_taken":["M","M","M","M","$","R","M","R","T","M","R","?","M","$","R","BOSS","M","$","?","?","?","R","M","R","T","M"],"build_version":"2018-04-12","seed_source_timestamp":153129009009586,"purchased_purges":0,"victory":false,"master_deck":["Strike_R","Strike_R","Strike_R","Strike_R","Strike_R+1","Defend_R","Defend_R","Defend_R","Defend_R","Bash+1","AscendersBane","Impervious","Body Slam+1","Flex+1","True Grit","Rampage+1","Warcry","Bloodletting","Searing Blow+1","Rage+1","Barricade+1","Reckless Charge","Shockwave","Shrug It Off","Shrug It Off"],"max_hp_per_floor":[75,75,75,75,75,75,75,75,75,75,75,75,75,75,75,75,75,75,75,75,75,75,75,75,75,75,75],"relics":["Burning Blood","Meat on the Bone","Ectoplasm","Omamori"],"card_choices":[{"not_picked":["Juggernaut","Fiend Fire"],"picked":"Impervious","floor":0},{"not_picked":["Warcry","Iron Wave"],"picked":"Body Slam","floor":1},{"not_picked":["Whirlwind","Anger"],"picked":"Flex","floor":2},{"not_picked":["Clash","Dropkick"],"picked":"True Grit","floor":3},{"not_picked":["Twin Strike","Fiend Fire"],"picked":"Rampage","floor":4},{"not_picked":["Twin Strike","Wild Strike"],"picked":"Warcry","floor":7},{"not_picked":["Carnage","Heavy Blade"],"picked":"Bloodletting","floor":10},{"not_picked":["Bloodletting","Sword Boomerang"],"picked":"Searing Blow","floor":13},{"not_picked":["Bludgeon","Reaper"],"picked":"Barricade","floor":16},{"not_picked":["Sword Boomerang","Perfected Strike"],"picked":"Reckless Charge","floor":18},{"not_picked":["Sever Soul","True Grit"],"picked":"Shrug It Off","floor":21},{"not_picked":["Warcry","Headbutt"],"picked":"Shrug It Off","floor":24}],"player_experience":449975,"potions_floor_usage":[13,16,16,27],"damage_taken":[{"damage":1,"enemies":"Cultist","floor":1,"turns":4},{"damage":2,"enemies":"Jaw Worm","floor":2,"turns":5},{"damage":0,"enemies":"Small Slimes","floor":3,"turns":2},{"damage":14,"enemies":"Exordium Thugs","floor":4,"turns":5},{"damage":12,"enemies":"Looter","floor":7,"turns":3},{"damage":0,"enemies":"Blue Slaver","floor":10,"turns":3},{"damage":1,"enemies":"Lots of Slimes","floor":13,"turns":5},{"damage":12,"enemies":"Slime Boss","floor":16,"turns":11},{"damage":29,"enemies":"Shell Parasite","floor":18,"turns":8},{"damage":33,"enemies":"Chosen","floor":21,"turns":7},{"damage":26,"enemies":"Centurion and Healer","floor":24,"turns":9},{"damage":33,"enemies":"3 Cultists","floor":27,"turns":6}],"event_choices":[{"event_name":"Shining Light","player_choice":"Entered Light","floor":12,"damage_taken":0},{"event_name":"Addict","player_choice":"Ignored","floor":20,"damage_taken":0},{"event_name":"The Mausoleum","player_choice":"No","floor":22,"damage_taken":0}],"boss_relics":[{"not_picked":["Calling Bell","White Beast Statue"],"picked":"Ectoplasm"}],"potions_floor_spawned":[2,3,7,13,21],"seed_played":"-2191028603094715911","killed_by":"3 Cultists","ascension_level":15,"is_trial":false}