{"gold_per_floor":[113,130,130,140,140,140,140,140,166,166,196,196,196,215,215,215],"floor_reached":16,"playtime":351,"items_purged":[],"score":98,"play_id":"a31007f7-cd2e-43b1-828f-3a1ed91cc080","local_time":"20190511185239","is_ascension_mode":false,"campfire_choices":[{"data":"Rampage","floor":6,"key":"SMITH"},{"data":"Bash","floor":8,"key":"SMITH"},{"floor":10,"key":"RECALL"},{"data":"Shrug It Off","floor":12,"key":"SMITH"},{"floor":15,"key":"REST"}],"neow_cost":"NONE","seed_source_timestamp":1262284859026339,"circlet_count":0,"master_deck":["Strike_R","Strike_R","Strike_R","Strike_R","Defend_R","Defend_R","Defend_R","Defend_R","Bash+1","Rampage+1","Shrug It Off+1","True Grit"],"relics":["Burning Blood","Centennial Puzzle","Darkstone Periapt","Golden Idol"],"potions_floor_usage":[16,16],"damage_taken":[{"damage":2,"enemies":"2 Louse","floor":1,"turns":3},{"damage":2,"enemies":"Small Slimes","floor":2,"turns":3},{"damage":14,"enemies":"Jaw Worm","floor":4,"turns":6},{"damage":26,"enemies":"3 Sentries","floor":11,"turns":7},{"damage":9,"enemies":"Exordium Wildlife","floor":14,"turns":6},{"damage":59,"enemies":"Slime Boss","floor":16,"turns":7}],"seed_played":"5743076336061851276","potions_obtained":[{"floor":2,"key":"AttackPotion"},{"floor":14,"key":"Energy Potion"}],"is_trial":false,"path_per_floor":["M","M","?","M","?","R","$","R","T","R","E","R","?","M","R","B"],"character_chosen":"IRONCLAD","items_purchased":[],"campfire_rested":1,"item_purchase_floors":[],"current_hp_per_floor":[80,80,80,72,69,69,69,69,69,69,49,49,29,26,50,0],"gold":215,"neow_bonus":"REMOVE_CARD","is_prod":false,"is_daily":false,"chose_seed":false,"campfire_upgraded":3,"win_rate":0,"timestamp":1557571959,"path_taken":["M","M","?","M","?","R","$","R","T","R","E","R","?","M","R","BOSS"],"build_version":"2019-01-23","purchased_purges":0,"victory":false,"max_hp_per_floor":[80,80,80,80,80,80,80,80,80,80,80,80,80,80,80,80],"card_choices":[{"not_picked":["Armaments","Perfected Strike","Clash"],"picked":"SKIP","floor":1},{"not_picked":["Flex","Rage","Power Through"],"picked":"SKIP","floor":2},{"not_picked":["Armaments","Clash"],"picked":"Rampage","floor":4},{"not_picked":["Pummel","Reckless Charge"],"picked":"Shrug It Off","floor":11},{"not_picked":["Power Through","Thunderclap"],"picked":"True Grit","floor":14}],"player_experience":512127,"relics_obtained":[{"floor":11,"key":"Darkstone Periapt"}],"event_choices":[{"damage_healed":0,"gold_gain":0,"player_choice":"Ignored","damage_taken":0,"max_hp_gain":0,"max_hp_loss":0,"event_name":"Liars Game","floor":3,"gold_loss":0},{"damage_healed":0,"gold_gain":0,"player_choice":"Success","damage_taken":3,"relics_obtained":["Centennial Puzzle"],"max_hp_gain":0,"max_hp_loss":0,"event_name":"Scrap Ooze","floor":5,"gold_loss":0},{"damage_healed":0,"gold_gain":0,"player_choice":"Take Damage","damage_taken":20,"relics_obtained":["Golden Idol"],"max_hp_gain":0,"max_hp_loss":0,"event_name":"Golden Idol","floor":13,"gold_loss":0}],"is_beta":false,"boss_relics":[],"items_purged_floors":[],"is_endless":false,"potions_floor_spawned":[2,14],"killed_by":"Slime Boss","ascension_level":0}