{"gold_per_floor":[110,120,120,139,139,139,24,24,71,71,85,114,114,134,134,211,211,223,223,223,241,21,21],"floor_reached":23,"playtime":907,"items_purged":["Strike_B"],"score":428,"play_id":"8c354a8d-6dc4-4cac-bcd6-2a39b541578d","local_time":"20190430003921","is_ascension_mode":true,"campfire_choices":[{"data":"Defragment","floor":6,"key":"SMITH"},{"data":"Defragment","floor":8,"key":"SMITH"},{"data":"Zap","floor":10,"key":"SMITH"},{"data":"Coolheaded","floor":13,"key":"SMITH"},{"data":"Darkness","floor":15,"key":"SMITH"}],"neow_cost":"NONE","seed_source_timestamp":628407729968108,"circlet_count":0,"master_deck":["AscendersBane","Strike_B+1","Strike_B+1","Defend_B","Defend_B+1","Defend_B","Defend_B+1","Zap+1","Dualcast","Defragment+1","Genetic Algorithm+1","Coolheaded+1","Defragment+1","Compile Driver","Darkness+1","Ball Lightning","Seek","Coolheaded"],"special_seed":0,"relics":["Cracked Core","Whetstone","Centennial Puzzle","Runic Dome","Nilry\u0027s Codex","ClockworkSouvenir"],"potions_floor_usage":[11,12,18],"damage_taken":[{"damage":2.0,"enemies":"Jaw Worm","floor":1.0,"turns":4.0},{"damage":5,"enemies":"Small Slimes","floor":2,"turns":3},{"damage":2,"enemies":"2 Louse","floor":4,"turns":4},{"damage":10,"enemies":"Exordium Wildlife","floor":11,"turns":4},{"damage":0,"enemies":"Lagavulin","floor":12,"turns":7},{"damage":6,"enemies":"Exordium Thugs","floor":14,"turns":5},{"damage":27,"enemies":"Slime Boss","floor":16,"turns":5},{"damage":12,"enemies":"Chosen","floor":18,"turns":5},{"damage":3,"enemies":"2 Thieves","floor":21,"turns":3},{"damage":26,"enemies":"Slavers","floor":23,"turns":2}],"seed_played":"1676371606136115185","potions_obtained":[{"floor":1.0,"key":"Fire Potion"},{"floor":4,"key":"SteroidPotion"},{"floor":11,"key":"Regen Potion"},{"floor":14,"key":"FairyPotion"},{"floor":16,"key":"Energy Potion"}],"is_trial":false,"path_per_floor":["M","M","?","M","?","R","$","R","T","R","M","E","R","M","R","B",null,"M","?","?","M","$","E"],"character_chosen":"DEFECT","items_purchased":["Defragment","ClockworkSouvenir"],"campfire_rested":0,"item_purchase_floors":[7,22],"current_hp_per_floor":[62,57,36,34,34,34,34,34,34,34,24,39,39,33,33,6,55,43,22,22,19,19,0],"gold":21,"neow_bonus":"REMOVE_CARD","is_prod":false,"is_daily":false,"chose_seed":false,"campfire_upgraded":5,"win_rate":0,"timestamp":1556599161,"path_taken":["M","M","?","M","?","R","$","R","T","R","M","E","R","M","R","BOSS","M","?","?","M","?","E"],"build_version":"2019-01-23","purchased_purges":1,"victory":false,"max_hp_per_floor":[71,71,71,71,71,71,71,71,71,71,71,71,71,71,71,71,71,71,71,71,71,71,71],"card_choices":[{"not_picked":["Loop","Beam Cell"],"picked":"Defragment","floor":1.0},{"not_picked":["Hello World","Conserve Battery"],"picked":"Genetic Algorithm","floor":2},{"not_picked":["Self Repair","Streamline"],"picked":"Coolheaded","floor":4},{"not_picked":["Streamline","Melter"],"picked":"Compile Driver","floor":11},{"not_picked":["Sweeping Beam","Compile Driver"],"picked":"Darkness","floor":12},{"not_picked":["Compile Driver","Storm"],"picked":"Ball Lightning","floor":14},{"not_picked":["Multi-Cast","Amplify"],"picked":"Seek","floor":16},{"not_picked":["Compile Driver","Turbo"],"picked":"Coolheaded","floor":18},{"not_picked":["Fusion","Sweeping Beam","Sunder"],"picked":"SKIP","floor":21}],"player_experience":2124170,"relics_obtained":[{"floor":9,"key":"Whetstone"},{"floor":12,"key":"Centennial Puzzle"},{"floor":19,"key":"Nilry\u0027s Codex"}],"event_choices":[{"damage_healed":0,"gold_gain":0,"player_choice":"Entered Light","damage_taken":21,"max_hp_gain":0,"max_hp_loss":0,"event_name":"Shining Light","floor":3,"gold_loss":0,"cards_upgraded":["Defend_B","Defend_B"]},{"damage_healed":0,"gold_gain":0,"player_choice":"Grow","damage_taken":0,"max_hp_gain":0,"max_hp_loss":0,"event_name":"Living Wall","floor":5,"gold_loss":0,"cards_upgraded":["Genetic Algorithm"]},{"damage_healed":0,"gold_gain":0,"player_choice":"Obtained Book","damage_taken":21,"max_hp_gain":0,"max_hp_loss":0,"event_name":"Cursed Tome","floor":19,"gold_loss":0},{"damage_healed":0,"gold_gain":0,"player_choice":"Ignored","damage_taken":0,"max_hp_gain":0,"max_hp_loss":0,"event_name":"The Mausoleum","floor":20,"gold_loss":0}],"is_beta":false,"boss_relics":[{"not_picked":["Calling Bell","Astrolabe"],"picked":"Runic Dome"}],"items_purged_floors":[7],"is_endless":false,"potions_floor_spawned":[1,4,11,14,16],"killed_by":"Slavers","ascension_level":20}