{"gold_per_floor":[13,13,25,25,45,45,71,71,71,81,96,113,113,129,129,224,224,244,169,189,201,212,212,212,212,286,286,211,211,229,34,34,34],"floor_reached":33,"playtime":2118,"items_purged":["Doubt"],"score":249,"play_id":"d80dc035-b9e3-412e-8128-ddf7b88b4572","local_time":"20180904210610","is_ascension_mode":false,"campfire_choices":[{"data":"Inflame","floor":6,"key":"SMITH"},{"data":"Anger","floor":8,"key":"SMITH"},{"data":"Cleave","floor":15,"key":"SMITH"},{"floor":23,"key":"REST"},{"data":"Rage","floor":25,"key":"SMITH"},{"data":"Thunderclap","floor":27,"key":"SMITH"},{"data":"Rampage","floor":29,"key":"SMITH"},{"floor":32,"key":"REST"}],"neow_cost":"NO_GOLD","seed_source_timestamp":1710901238721531,"circlet_count":0,"master_deck":["Strike_R","Defend_R","Defend_R","Defend_R","Defend_R","Bash","Ghostly Armor","Sword Boomerang","Inflame+1","Anger+1","Cleave+1","Rampage+1","Rage+1","Demon Form","Injury","Thunderclap+1","Sword Boomerang"],"relics":["Burning Blood","Incense Burner","Paper Frog","Calling Bell","Centennial Puzzle","Darkstone Periapt","Nunchaku","Dodecahedron","Toolbox"],"potions_floor_usage":[7,16,18,22,22,22],"damage_taken":[{"damage":5,"enemies":"Cultist","floor":1,"turns":4},{"damage":2,"enemies":"Small Slimes","floor":3,"turns":5},{"damage":5,"enemies":"Jaw Worm","floor":5,"turns":4},{"damage":24,"enemies":"Gremlin Nob","floor":7,"turns":5},{"damage":19,"enemies":"Gremlin Gang","floor":10,"turns":4},{"damage":0,"enemies":"3 Louse","floor":11,"turns":1},{"damage":0,"enemies":"Large Slime","floor":12,"turns":3},{"damage":9,"enemies":"Gremlin Gang","floor":14,"turns":3},{"damage":17,"enemies":"Slime Boss","floor":16,"turns":7},{"damage":16,"enemies":"Spheric Guardian","floor":18,"turns":4},{"damage":23,"enemies":"2 Thieves","floor":20,"turns":5},{"damage":30,"enemies":"Centurion and Healer","floor":21,"turns":5},{"damage":14,"enemies":"3 Cultists","floor":22,"turns":5},{"damage":44,"enemies":"Shelled Parasite and Fungi","floor":30,"turns":5},{"damage":54,"enemies":"Collector","floor":33,"turns":5}],"seed_played":"-6897510759977942536","potions_obtained":[{"floor":5,"key":"Energy Potion"},{"floor":10,"key":"Fire Potion"},{"floor":12,"key":"Poison Potion"},{"floor":14,"key":"SteroidPotion"},{"floor":16,"key":"Energy Potion"},{"floor":18,"key":"SpeedPotion"}],"is_trial":false,"path_per_floor":["M","$","M","?","M","R","E","R","T","M","M","M","?","M","R","B",null,"M","$","M","M","M","R","?","R","T","R","?","R","M","$","R"],"character_chosen":"IRONCLAD","items_purchased":["Toolbox"],"campfire_rested":2,"item_purchase_floors":[31],"current_hp_per_floor":[80,80,80,80,80,80,62,62,62,49,55,61,54,51,51,40,80,70,70,53,29,21,45,45,45,45,45,45,45,7,7,31,0],"gold":34,"neow_bonus":"REMOVE_TWO","is_prod":false,"is_daily":false,"chose_seed":false,"campfire_upgraded":6,"win_rate":0,"timestamp":1536109570,"path_taken":["M","?","M","?","M","R","E","R","T","M","M","M","?","M","R","BOSS","M","$","M","M","M","R","?","R","T","R","?","R","M","$","R","BOSS"],"build_version":"2018-08-30","purchased_purges":1,"victory":false,"max_hp_per_floor":[80,80,80,80,80,80,80,80,80,80,80,80,80,80,80,80,80,80,80,80,80,80,80,80,80,80,80,80,80,80,80,80,80],"card_choices":[{"not_picked":["Havoc","Flex"],"picked":"Ghostly Armor","floor":1},{"not_picked":["Warcry","Clothesline"],"picked":"Sword Boomerang","floor":3},{"not_picked":["Wild Strike","Headbutt"],"picked":"Inflame","floor":5},{"not_picked":["Bludgeon","Power Through"],"picked":"Anger","floor":7},{"not_picked":["Clothesline","Burning Pact"],"picked":"Cleave","floor":10},{"not_picked":["Inflame","Bludgeon"],"picked":"Rampage","floor":11},{"not_picked":["Body Slam","Wild Strike","Infernal Blade"],"picked":"SKIP","floor":12},{"not_picked":["Corruption","Heavy Blade"],"picked":"Rage","floor":14},{"not_picked":["Double Tap","Feed"],"picked":"Demon Form","floor":16},{"not_picked":["Intimidate","Anger+1","Havoc+1"],"picked":"SKIP","floor":18},{"not_picked":["Heavy Blade","Body Slam","True Grit"],"picked":"SKIP","floor":20},{"not_picked":["Heavy Blade","Body Slam","True Grit"],"picked":"SKIP","floor":20},{"not_picked":["True Grit","Wild Strike+1","Shrug It Off"],"picked":"SKIP","floor":21},{"not_picked":["Corruption","Inflame"],"picked":"Thunderclap","floor":22},{"not_picked":["Havoc+1","Heavy Blade+1"],"picked":"Sword Boomerang","floor":30}],"player_experience":363575,"relics_obtained":[{"floor":7,"key":"Incense Burner"},{"floor":9,"key":"Paper Frog"},{"floor":17,"key":"Centennial Puzzle"},{"floor":17,"key":"Darkstone Periapt"},{"floor":17,"key":"Nunchaku"},{"floor":26,"key":"Dodecahedron"}],"event_choices":[{"event_name":"Living Wall","player_choice":"Forget","floor":4,"damage_taken":0},{"event_name":"Golden Wing","player_choice":"Card Removal","floor":13,"damage_taken":0},{"event_name":"Ghosts","player_choice":"Ignored","floor":24,"damage_taken":0},{"event_name":"Beggar","player_choice":"Gave Gold","floor":28,"damage_taken":0}],"is_beta":false,"boss_relics":[{"not_picked":["Fusion Hammer","Orrery"],"picked":"Calling Bell"}],"items_purged_floors":[19],"is_endless":false,"potions_floor_spawned":[5,10,12,14,16,18,20],"killed_by":"Collector","ascension_level":0}