{"gold_per_floor":[117,132,132,142,142,171,183,226,262,274,286,361,403,434,446,532,544,575,601,663,686,352,352,387,387,432,466,477,477,496,506,506,578,578,592,592,428,446,195,195,214,214,295,306,95,118,118,146,146,146,146],"floor_reached":51,"playtime":8829,"items_purged":["Strike_B","Strike_B","Strike_B"],"score":1451,"play_id":"962d038d-968d-4f98-9ba1-d3ba33bcb4bd","local_time":"20190408211104","is_ascension_mode":true,"campfire_choices":[{"floor":7,"key":"REST"},{"data":"Buffer","floor":11,"key":"SMITH"},{"data":"Defragment","floor":15,"key":"SMITH"},{"data":"Zap","floor":23,"key":"SMITH"},{"data":"Undo","floor":25,"key":"SMITH"},{"data":"Self Repair","floor":29,"key":"SMITH"},{"data":"Reinforced Body","floor":32,"key":"SMITH"},{"floor":40,"key":"RECALL"},{"floor":42,"key":"REST"},{"floor":47,"key":"REST"},{"floor":49,"key":"REST"}],"neow_cost":"NONE","seed_source_timestamp":635974345076553,"circlet_count":0,"master_deck":["AscendersBane","Defend_B","Defend_B","Defend_B","Defend_B+1","Zap+1","Dualcast+1","Buffer+1","Reinforced Body+1","Coolheaded+1","Sweeping Beam","Cold Snap","Defragment+1","Barrage+1","Creative AI","White Noise","Electrodynamics","Conserve Battery+1","Undo+1","Self Repair+1","Biased Cognition","Auto Shields+1","Glacier","Core Surge"],"relics":["Cracked Core","MawBank","Bag of Preparation","Tiny Chest","Snecko Eye","Membership Card","Bag of Marbles","Red Mask","War Paint","Nunchaku","Fusion Hammer","TheAbacus","Symbiotic Virus","Omamori","Meat on the Bone","PrismaticShard","DataDisk","Gambling Chip"],"potions_floor_usage":[6,8,16,27,28,33,41],"damage_taken":[{"damage":2,"enemies":"Jaw Worm","floor":1,"turns":3},{"damage":0,"enemies":"Cultist","floor":2,"turns":4},{"damage":3,"enemies":"Small Slimes","floor":4,"turns":3},{"damage":24,"enemies":"Gremlin Nob","floor":6,"turns":4},{"damage":10,"enemies":"3 Sentries","floor":8,"turns":8},{"damage":0,"enemies":"Gremlin Nob","floor":12,"turns":4},{"damage":2,"enemies":"Looter","floor":14,"turns":4},{"damage":21,"enemies":"Hexaghost","floor":16,"turns":5},{"damage":0,"enemies":"3 Byrds","floor":18,"turns":2},{"damage":0,"enemies":"Shell Parasite","floor":19,"turns":4},{"damage":0,"enemies":"Chosen and Byrds","floor":21,"turns":4},{"damage":0,"enemies":"Masked Bandits","floor":24,"turns":2},{"damage":20,"enemies":"Slavers","floor":27,"turns":4},{"damage":2,"enemies":"Cultist and Chosen","floor":28,"turns":7},{"damage":0,"enemies":"Centurion and Healer","floor":30,"turns":7},{"damage":10,"enemies":"Shelled Parasite and Fungi","floor":31,"turns":7},{"damage":22,"enemies":"Collector","floor":33,"turns":11},{"damage":0,"enemies":"Orb Walker","floor":35,"turns":4},{"damage":0,"enemies":"3 Shapes","floor":38,"turns":4},{"damage":0,"enemies":"3 Darklings","floor":41,"turns":4},{"damage":0,"enemies":"Transient","floor":44,"turns":6},{"damage":0,"enemies":"Giant Head","floor":48,"turns":8},{"damage":8,"enemies":"Time Eater","floor":50,"turns":20},{"damage":81,"enemies":"Awakened One","floor":51,"turns":9}],"seed_played":"138401713355552135","potions_obtained":[{"floor":2,"key":"PowerPotion"},{"floor":4,"key":"Strength Potion"},{"floor":8,"key":"Energy Potion"},{"floor":14,"key":"PowerPotion"},{"floor":16,"key":"SkillPotion"},{"floor":27,"key":"SteroidPotion"},{"floor":31,"key":"AttackPotion"},{"floor":44,"key":"Strength Potion"}],"is_trial":false,"path_per_floor":["M","M","?","M","?","E","R","E","T","?","R","E","?","M","R","B",null,"M","M","?","M","$","R","?","R","T","E","M","R","M","M","R","B",null,"M","?","$","M","$","R","M","R","T","M","$","T","R","E","R","B","B"],"character_chosen":"DEFECT","items_purchased":["Membership Card","Bag of Marbles","TheAbacus","Symbiotic Virus","Omamori","AttackPotion","Core Surge","PrismaticShard"],"campfire_rested":4,"item_purchase_floors":[22,22,37,39,39,39,45,45],"current_hp_per_floor":[62,62,62,59,38,14,35,25,25,25,25,25,25,23,23,2,54,54,54,54,54,54,54,54,54,54,34,32,32,42,42,42,30,61,71,71,71,71,71,71,71,71,71,71,71,71,71,71,71,71,0],"gold":146,"neow_bonus":"ONE_RANDOM_RARE_CARD","is_prod":false,"is_daily":false,"chose_seed":false,"campfire_upgraded":6,"win_rate":0,"timestamp":1554772264,"path_taken":["M","M","?","?","?","E","R","E","T","?","R","E","?","M","R","BOSS","M","M","?","M","$","R","?","R","T","E","M","R","M","?","R","BOSS","M","?","?","M","$","R","M","R","T","M","$","?","R","E","R","BOSS","BOSS"],"build_version":"2019-01-23","purchased_purges":3,"victory":false,"max_hp_per_floor":[71,71,71,71,71,71,71,71,71,71,71,71,71,71,71,71,71,71,71,71,71,71,71,71,71,71,71,71,71,71,71,71,71,71,71,71,71,71,71,71,71,71,71,71,71,71,71,71,71,71,71],"card_choices":[{"not_picked":["Gash","Steam"],"picked":"Reinforced Body","floor":1},{"not_picked":["Barrage","Beam Cell"],"picked":"Coolheaded","floor":2},{"not_picked":["Hologram","Skim"],"picked":"Cold Snap","floor":4},{"not_picked":["Core Surge","Hologram"],"picked":"Defragment","floor":6},{"not_picked":["Steam","Beam Cell"],"picked":"Barrage","floor":8},{"not_picked":["Stack","Sweeping Beam"],"picked":"Creative AI","floor":12},{"not_picked":["Chill","Blizzard"],"picked":"White Noise","floor":14},{"not_picked":["Hyperbeam","Reboot"],"picked":"Electrodynamics","floor":16},{"not_picked":["Barrage","Genetic Algorithm"],"picked":"Conserve Battery","floor":18},{"not_picked":["Go for the Eyes","Rebound+1"],"picked":"Undo","floor":19},{"not_picked":["Fusion","Leap","Sweeping Beam"],"picked":"SKIP","floor":21},{"not_picked":["Reinforced Body","BootSequence","Cold Snap"],"picked":"SKIP","floor":27},{"not_picked":["Genetic Algorithm","Sweeping Beam"],"picked":"Self Repair","floor":28},{"not_picked":["Gash","Steam","Leap"],"picked":"SKIP","floor":30},{"not_picked":["Coolheaded","Turbo","Compile Driver"],"picked":"SKIP","floor":31},{"not_picked":["Creative AI","Electrodynamics"],"picked":"Biased Cognition","floor":33},{"not_picked":["Hologram","Beam Cell","Streamline"],"picked":"SKIP","floor":35},{"not_picked":["Streamline+1","Conserve Battery","Gash"],"picked":"SKIP","floor":38},{"not_picked":["Leap","Go for the Eyes"],"picked":"Auto Shields+1","floor":41},{"not_picked":["Lockon+1","Doom and Gloom"],"picked":"Glacier","floor":44},{"not_picked":["Rampage","Compile Driver","Deep Breath"],"picked":"SKIP","floor":48}],"player_experience":1741567,"relics_obtained":[{"floor":6,"key":"MawBank"},{"floor":8,"key":"Bag of Preparation"},{"floor":12,"key":"Tiny Chest"},{"floor":24,"key":"Red Mask"},{"floor":26,"key":"War Paint"},{"floor":27,"key":"Nunchaku"},{"floor":43,"key":"Meat on the Bone"},{"floor":46,"key":"DataDisk"},{"floor":48,"key":"Gambling Chip"}],"event_choices":[{"damage_healed":0,"gold_gain":0,"cards_transformed":["Strike_B"],"player_choice":"Transformed","damage_taken":0,"max_hp_gain":0,"max_hp_loss":0,"event_name":"Transmorgrifier","floor":3,"gold_loss":0,"cards_obtained":["Sweeping Beam"]},{"damage_healed":0,"gold_gain":0,"player_choice":"Entered Light","damage_taken":21,"max_hp_gain":0,"max_hp_loss":0,"event_name":"Shining Light","floor":5,"gold_loss":0,"cards_upgraded":["Dualcast","Coolheaded"]},{"damage_healed":0,"gold_gain":0,"player_choice":"Grow","damage_taken":0,"max_hp_gain":0,"max_hp_loss":0,"event_name":"Living Wall","floor":10,"gold_loss":0,"cards_upgraded":["Barrage"]},{"damage_healed":0,"gold_gain":30,"player_choice":"Searched \u00271\u0027 times","damage_taken":0,"max_hp_gain":0,"max_hp_loss":0,"event_name":"Dead Adventurer","floor":13,"gold_loss":0},{"damage_healed":0,"gold_gain":50,"player_choice":"Stole From Cult","damage_taken":0,"max_hp_gain":0,"max_hp_loss":0,"event_name":"Nest","floor":20,"gold_loss":0},{"damage_healed":0,"gold_gain":0,"player_choice":"Fought Bandits","damage_taken":0,"max_hp_gain":0,"max_hp_loss":0,"event_name":"Masked Bandits","floor":24,"gold_loss":0},{"damage_healed":0,"gold_gain":0,"player_choice":"0 cards matched","damage_taken":0,"max_hp_gain":0,"max_hp_loss":0,"event_name":"Match and Keep!","floor":36,"gold_loss":0,"cards_obtained":[]}],"is_beta":false,"boss_relics":[{"not_picked":["Astrolabe","Calling Bell"],"picked":"Snecko Eye"},{"not_picked":["FrozenCore","Philosopher\u0027s Stone"],"picked":"Fusion Hammer"}],"items_purged_floors":[22,37,45],"is_endless":false,"potions_floor_spawned":[2,4,8,14,16,21,24,27,31,44,48],"killed_by":"Awakened One","ascension_level":20}