{"gold_per_floor":[116,131,151,151,76,76,101,101,182,201,213,66,85,100,100,100],"floor_reached":16,"playtime":415,"items_purged":["Strike_R"],"score":192,"play_id":"03a96514-a7ce-4dee-a931-20cb529768c4","local_time":"20181226211417","is_ascension_mode":true,"campfire_choices":[{"data":"Bash","floor":6.0,"key":"SMITH"},{"data":"True Grit","floor":8.0,"key":"SMITH"},{"data":"Feel No Pain","floor":15.0,"key":"SMITH"}],"neow_cost":"NONE","seed_source_timestamp":297169994302379,"circlet_count":0,"master_deck":["AscendersBane","Strike_R","Strike_R","Strike_R","Defend_R","Defend_R","Defend_R","Defend_R","Bash+1","Armaments","True Grit+1","Iron Wave","Clothesline","Feel No Pain","Metallicize","True Grit","Ghostly Armor","Feel No Pain+1"],"special_seed":0,"relics":["Burning Blood","NeowsBlessing","Bag of Preparation","Meat on the Bone"],"potions_floor_usage":[16,16],"damage_taken":[{"damage":0.0,"enemies":"Cultist","floor":1.0,"turns":1.0},{"damage":0.0,"enemies":"Jaw Worm","floor":2.0,"turns":1.0},{"damage":0.0,"enemies":"Small Slimes","floor":3.0,"turns":1.0},{"damage":40.0,"enemies":"Gremlin Nob","floor":7.0,"turns":5.0},{"damage":1.0,"enemies":"2 Fungi Beasts","floor":10.0,"turns":4.0},{"damage":12.0,"enemies":"3 Louse","floor":11.0,"turns":5.0},{"damage":30.0,"enemies":"Exordium Thugs","floor":13.0,"turns":6.0},{"damage":2.0,"enemies":"Looter","floor":14.0,"turns":4.0},{"damage":46,"enemies":"Slime Boss","floor":16,"turns":12}],"seed_played":"-1649026805442242101","potions_obtained":[{"floor":3.0,"key":"SpeedPotion"},{"floor":10.0,"key":"PowerPotion"},{"floor":14.0,"key":"Strength Potion"}],"is_trial":false,"path_per_floor":["M","M","M","?","$","R","E","R","T","M","M","$","M","M","R"],"character_chosen":"IRONCLAD","items_purchased":["Metallicize","True Grit"],"campfire_rested":0,"item_purchase_floors":[12,12],"current_hp_per_floor":[74,75,75,75,75,75,41,41,41,46,52,52,40,44,44,0],"gold":100,"neow_bonus":"THREE_ENEMY_KILL","is_prod":false,"is_daily":false,"chose_seed":false,"campfire_upgraded":3,"win_rate":0,"timestamp":1545884057,"path_taken":["M","M","M","?","$","R","E","R","T","M","M","$","?","M","R","BOSS"],"build_version":"2018-12-25","purchased_purges":1,"victory":false,"max_hp_per_floor":[75,75,75,75,75,75,75,75,75,75,75,75,75,75,75,75],"card_choices":[{"not_picked":["Perfected Strike","Second Wind","Clash"],"picked":"SKIP","floor":1.0},{"not_picked":["Warcry","Anger"],"picked":"Armaments","floor":2.0},{"not_picked":["Second Wind","Armaments"],"picked":"True Grit","floor":3.0},{"not_picked":["Wild Strike","Armaments"],"picked":"Iron Wave","floor":7.0},{"not_picked":["Iron Wave","Anger"],"picked":"Clothesline","floor":10.0},{"not_picked":["Thunderclap","Bloodletting"],"picked":"Feel No Pain","floor":11.0},{"not_picked":["Heavy Blade","Evolve"],"picked":"Ghostly Armor","floor":13.0},{"not_picked":["Evolve","Flex"],"picked":"Feel No Pain","floor":14.0}],"player_experience":1004440,"relics_obtained":[{"floor":7.0,"key":"Bag of Preparation"},{"floor":9.0,"key":"Meat on the Bone"}],"event_choices":[{"cards_removed":["Strike_R"],"damage_healed":0.0,"max_hp_gain":0.0,"max_hp_loss":0.0,"gold_gain":0.0,"event_name":"Bonfire Elementals","player_choice":"Offered Basic","floor":4.0,"gold_loss":0.0,"damage_taken":0.0}],"is_beta":true,"boss_relics":[],"items_purged_floors":[5],"is_endless":false,"potions_floor_spawned":[3,10,14],"killed_by":"Slime Boss","ascension_level":17}