{"gold_per_floor":[116,130,130,130,14,14,47,47,72,72,72,72,72,72,72,72],"floor_reached":16,"playtime":349,"items_purged":[],"score":188,"play_id":"954f08d0-1ef1-4ef3-86fa-69d067c4d104","local_time":"20181206205929","is_ascension_mode":true,"campfire_choices":[{"floor":6,"key":"REST"},{"floor":8,"key":"REST"},{"floor":10,"key":"REST"},{"data":"Malaise","floor":15,"key":"SMITH"}],"neow_cost":"TEN_PERCENT_HP_LOSS","seed_source_timestamp":552965761650782,"circlet_count":0,"master_deck":["AscendersBane","Defend_G","Defend_G+1","Defend_G+1","Defend_G","Defend_G","Strike_G","Strike_G","Strike_G","Strike_G","Survivor","Neutralize","Malaise+1","Dagger Throw","Noxious Fumes","Infinite Blades","Dodge and Roll","Cloak And Dagger","Crippling Poison"],"relics":["Ring of the Snake","Ancient Tea Set","Dream Catcher"],"potions_floor_usage":[7,16],"damage_taken":[{"damage":21,"enemies":"Cultist","floor":1,"turns":8},{"damage":2,"enemies":"Jaw Worm","floor":2,"turns":6},{"damage":28,"enemies":"Gremlin Nob","floor":7,"turns":4},{"damage":61,"enemies":"Slime Boss","floor":16,"turns":13}],"seed_played":"2478024634606166529","potions_obtained":[{"floor":1,"key":"Strength Potion"},{"floor":7,"key":"SneckoOil"}],"is_trial":false,"path_per_floor":["M","M","?","?","$","R","E","R","T","R","$","?","?","$","R","B"],"character_chosen":"THE_SILENT","items_purchased":["Infinite Blades","Dodge and Roll"],"campfire_rested":3,"item_purchase_floors":[5,5],"current_hp_per_floor":[38,36,18,18,18,36,8,26,26,44,44,60,60,60,60,0],"gold":72,"neow_bonus":"THREE_RARE_CARDS","is_prod":false,"is_daily":false,"chose_seed":false,"campfire_upgraded":1,"win_rate":0,"timestamp":1544155169,"path_taken":["M","?","?","?","$","R","E","R","T","R","$","?","?","?","R","BOSS"],"build_version":"2018-12-06","purchased_purges":0,"victory":false,"max_hp_per_floor":[60,60,60,60,60,60,60,60,60,60,60,60,60,60,60,60],"card_choices":[{"not_picked":["Grand Finale","Doppelganger"],"picked":"Malaise","floor":0},{"not_picked":["Acrobatics","Calculated Gamble"],"picked":"Dagger Throw","floor":1},{"not_picked":["Sucker Punch","Heel Hook"],"picked":"Noxious Fumes","floor":2},{"not_picked":["Glass Knife","Poisoned Stab"],"picked":"Cloak And Dagger","floor":7},{"not_picked":["Prepared","Slice"],"picked":"Crippling Poison","floor":10}],"player_experience":978973,"relics_obtained":[{"floor":7,"key":"Ancient Tea Set"},{"floor":9,"key":"Dream Catcher"}],"event_choices":[{"damage_healed":0,"gold_gain":0,"player_choice":"Entered Light","damage_taken":18,"max_hp_gain":0,"max_hp_loss":0,"event_name":"Shining Light","floor":3,"gold_loss":0,"cards_upgraded":["Defend_G","Defend_G"]},{"damage_healed":0,"gold_gain":0,"player_choice":"Ignored","damage_taken":0,"max_hp_gain":0,"max_hp_loss":0,"event_name":"Liars Game","floor":4,"gold_loss":0},{"damage_healed":20,"gold_gain":0,"player_choice":"Banana","damage_taken":0,"max_hp_gain":0,"max_hp_loss":0,"event_name":"Big Fish","floor":12,"gold_loss":0},{"cards_removed":["Strike_G"],"damage_healed":0,"gold_gain":0,"player_choice":"Forget","damage_taken":0,"max_hp_gain":0,"max_hp_loss":0,"event_name":"Living Wall","floor":13,"gold_loss":0}],"is_beta":true,"boss_relics":[],"items_purged_floors":[],"is_endless":false,"potions_floor_spawned":[1,7],"killed_by":"Slime Boss","ascension_level":20}