{"gold_per_floor":[110,122,122,137,156,184,184,215,215,233,267,267,293,303,303,377,377,396,407,407,418,437,437,362,362,389,414,17,51,51],"floor_reached":30,"playtime":1411,"items_purged":["Strike_R"],"score":600,"play_id":"98ce0b7b-50c5-4245-8cc0-c58030e2775e","local_time":"20190317153328","is_ascension_mode":true,"campfire_choices":[{"data":"Bludgeon","floor":7,"key":"SMITH"},{"data":"Evolve","floor":12,"key":"SMITH"},{"floor":15,"key":"REST"},{"data":"Feed","floor":23,"key":"SMITH"},{"data":"Bash","floor":25,"key":"SMITH"}],"neow_cost":"NONE","seed_source_timestamp":49444470386499,"circlet_count":0,"master_deck":["AscendersBane","Strike_R","Strike_R","Strike_R","Strike_R","Defend_R","Defend_R","Defend_R","Defend_R","Bash+1","Shrug It Off","Cleave","Power Through","Bludgeon+1","Shrug It Off","Evolve+1","Corruption","Seeing Red","Blood for Blood","Feed+1","Disarm+1","True Grit","Dark Embrace"],"relics":["Burning Blood","WarpedTongs","Red Skull","Oddly Smooth Stone","Bottled Flame","Ginger","Smiling Mask","Velvet Choker","Bag of Marbles","Vajra","OrangePellets","Centennial Puzzle"],"potions_floor_usage":[6,8,11,13,22,22,29,29,30],"damage_taken":[{"damage":7,"enemies":"Cultist","floor":1,"turns":4},{"damage":4,"enemies":"Small Slimes","floor":2,"turns":3},{"damage":16,"enemies":"2 Louse","floor":4,"turns":2},{"damage":14,"enemies":"Blue Slaver","floor":5,"turns":5},{"damage":36,"enemies":"Gremlin Nob","floor":6,"turns":4},{"damage":15,"enemies":"3 Sentries","floor":8,"turns":6},{"damage":1,"enemies":"2 Fungi Beasts","floor":10,"turns":3},{"damage":30,"enemies":"Gremlin Nob","floor":11,"turns":4},{"damage":13,"enemies":"Lagavulin","floor":13,"turns":4},{"damage":1,"enemies":"Large Slime","floor":14,"turns":4},{"damage":24,"enemies":"The Guardian","floor":16,"turns":9},{"damage":30,"enemies":"Chosen","floor":18,"turns":4},{"damage":5,"enemies":"Spheric Guardian","floor":19,"turns":3},{"damage":1,"enemies":"Snake Plant","floor":21,"turns":2},{"damage":2,"enemies":"Snecko","floor":22,"turns":4},{"damage":32,"enemies":"Slavers","floor":27,"turns":4},{"damage":34,"enemies":"Gremlin Leader","floor":29,"turns":6},{"damage":11,"enemies":"Cultist and Chosen","floor":30,"turns":5}],"seed_played":"300060582763032125","potions_obtained":[{"floor":2,"key":"Regen Potion"},{"floor":5,"key":"GamblersBrew"},{"floor":6,"key":"Poison Potion"},{"floor":8,"key":"PowerPotion"},{"floor":18,"key":"FearPotion"},{"floor":19,"key":"Regen Potion"},{"floor":20,"key":"Block Potion"},{"floor":20,"key":"AttackPotion"},{"floor":27,"key":"Swift Potion"},{"floor":29,"key":"PowerPotion"}],"is_trial":false,"path_per_floor":["M","M","?","M","M","E","R","E","T","M","E","R","E","M","R","B",null,"M","M","?","M","M","R","?","R","T","E","$","E","M"],"character_chosen":"IRONCLAD","items_purchased":["Dark Embrace","OrangePellets","Energy Potion"],"campfire_rested":1,"item_purchase_floors":[28,28,28],"current_hp_per_floor":[74,76,76,66,58,28,28,34,34,39,15,15,8,13,37,19,66,45,46,46,51,58,58,58,58,58,36,36,8,0],"gold":51,"neow_bonus":"TEN_PERCENT_HP_BONUS","is_prod":false,"is_daily":false,"chose_seed":false,"campfire_upgraded":4,"win_rate":0,"timestamp":1552851208,"path_taken":["M","M","?","?","M","E","R","E","T","?","E","R","E","M","R","BOSS","M","M","?","?","M","R","?","R","T","E","$","E","M"],"build_version":"2019-01-23","purchased_purges":1,"victory":false,"max_hp_per_floor":[82,82,82,82,82,82,82,82,82,82,82,82,82,82,82,82,82,85,85,85,85,88,88,88,88,88,92,92,92,92],"card_choices":[{"not_picked":["Anger","Body Slam"],"picked":"Shrug It Off","floor":1},{"not_picked":["Body Slam","Warcry"],"picked":"Cleave","floor":2},{"not_picked":["Sword Boomerang","Rage"],"picked":"Power Through","floor":4},{"not_picked":["Ghostly Armor","Iron Wave"],"picked":"Bludgeon","floor":5},{"not_picked":["Headbutt","Wild Strike"],"picked":"Shrug It Off","floor":6},{"not_picked":["Rampage","Armaments"],"picked":"Evolve","floor":8},{"not_picked":["Wild Strike","Body Slam","Cleave"],"picked":"SKIP","floor":10},{"not_picked":["Second Wind","Thunderclap"],"picked":"Corruption","floor":11},{"not_picked":["Perfected Strike","Bloodletting"],"picked":"Seeing Red","floor":13},{"not_picked":["Intimidate","Shrug It Off"],"picked":"Blood for Blood","floor":14},{"not_picked":["Juggernaut","Reaper"],"picked":"Feed","floor":16},{"not_picked":["Warcry","Flex"],"picked":"Disarm+1","floor":18},{"not_picked":["Sword Boomerang","Warcry","Corruption"],"picked":"SKIP","floor":19},{"not_picked":["Twin Strike","Heavy Blade","Reckless Charge"],"picked":"SKIP","floor":21},{"not_picked":["Twin Strike","Perfected Strike","Body Slam"],"picked":"SKIP","floor":22},{"not_picked":["Brutality","Bloodletting"],"picked":"True Grit","floor":27},{"not_picked":["Second Wind","Infernal Blade+1","Pommel Strike"],"picked":"SKIP","floor":29}],"player_experience":1170659,"relics_obtained":[{"floor":6,"key":"Red Skull"},{"floor":8,"key":"Oddly Smooth Stone"},{"floor":9,"key":"Bottled Flame"},{"floor":11,"key":"Ginger"},{"floor":13,"key":"Smiling Mask"},{"floor":26,"key":"Bag of Marbles"},{"floor":27,"key":"Vajra"},{"floor":29,"key":"Centennial Puzzle"}],"event_choices":[{"damage_healed":0,"gold_gain":0,"player_choice":"Rummage","damage_taken":0,"relics_obtained":["WarpedTongs"],"max_hp_gain":0,"max_hp_loss":0,"event_name":"Accursed Blacksmith","floor":3,"gold_loss":0,"cards_obtained":["Pain"]},{"damage_healed":0,"gold_gain":0,"player_choice":"Got Potions","damage_taken":0,"max_hp_gain":0,"max_hp_loss":0,"event_name":"Lab","floor":20,"gold_loss":0},{"cards_removed":["Pain"],"damage_healed":0,"gold_gain":0,"player_choice":"Gave Gold","damage_taken":0,"max_hp_gain":0,"max_hp_loss":0,"event_name":"Beggar","floor":24,"gold_loss":75}],"is_beta":false,"boss_relics":[{"not_picked":["Pandora\u0027s Box","Calling Bell"],"picked":"Velvet Choker"}],"items_purged_floors":[28],"is_endless":false,"potions_floor_spawned":[2,5,6,8,18,19,27,29],"killed_by":"Cultist and Chosen","ascension_level":20}