{"gold_per_floor":[366,53,72,90,90,90,103,115,115,133,133,153,153,180,180,256,256,273,291,5,5,5,5,32,45,45,45,62,81,81,101,101,178,178,188,203,214,226,241,241,272,272,322,322,322,322,338,354,354,354,354],"floor_reached":51,"playtime":3827,"items_purged":["Strike_B","Strike_B"],"score":1310,"play_id":"0f201f20-b82d-4bce-ac00-53a7a5f6823b","local_time":"20190203125955","is_ascension_mode":true,"campfire_choices":[{"data":"Sunder","floor":6,"key":"SMITH"},{"data":"Zap","floor":13,"key":"SMITH"},{"data":"Self Repair","floor":15,"key":"SMITH"},{"floor":23,"key":"REST"},{"floor":27,"key":"REST"},{"floor":30,"key":"REST"},{"floor":32,"key":"REST"},{"data":"Decay","floor":42,"key":"PURGE"},{"data":"Pain","floor":46,"key":"PURGE"},{"floor":49,"key":"RECALL"}],"neow_cost":"PERCENT_DAMAGE","seed_source_timestamp":2081648548716,"circlet_count":0,"master_deck":["AscendersBane","Strike_B","Strike_B","Defend_B","Defend_B","Defend_B","Defend_B","Zap+1","Dualcast","Stack","Sunder+1","Gash","Self Repair+1","Ball Lightning","Sweeping Beam","Cold Snap","Glacier","Electrodynamics","Conserve Battery","Master of Strategy","Conserve Battery+1","Hologram","Ball Lightning+1","Creative AI","FTL+1","Defragment","Leap","Biased Cognition","Cold Snap+1","Stack+1","Writhe","Undo"],"relics":["FrozenCore","DataDisk","Letter Opener","Molten Egg 2","Fusion Hammer","Nilry\u0027s Codex","Shuriken","Symbiotic Virus","Peace Pipe","WarpedTongs"],"potions_floor_usage":[8,14,16,18,24,29,33,38,39,41,41,50],"damage_taken":[{"damage":7,"enemies":"Jaw Worm","floor":1,"turns":3},{"damage":0,"enemies":"Small Slimes","floor":3,"turns":2},{"damage":4,"enemies":"2 Louse","floor":4,"turns":3},{"damage":13,"enemies":"Red Slaver","floor":7,"turns":4},{"damage":13,"enemies":"Gremlin Gang","floor":8,"turns":3},{"damage":1,"enemies":"Lots of Slimes","floor":10,"turns":4},{"damage":0,"enemies":"2 Fungi Beasts","floor":12,"turns":2},{"damage":5,"enemies":"Gremlin Nob","floor":14,"turns":3},{"damage":19,"enemies":"The Guardian","floor":16,"turns":14},{"damage":15,"enemies":"2 Thieves","floor":18,"turns":4},{"damage":15,"enemies":"Chosen","floor":19,"turns":4},{"damage":33,"enemies":"Slavers","floor":24,"turns":4},{"damage":23,"enemies":"Snake Plant","floor":25,"turns":3},{"damage":10,"enemies":"Chosen and Byrds","floor":28,"turns":7},{"damage":12,"enemies":"Centurion and Healer","floor":29,"turns":4},{"damage":2,"enemies":"Snecko","floor":31,"turns":4},{"damage":51,"enemies":"Collector","floor":33,"turns":12},{"damage":0,"enemies":"Orb Walker","floor":35,"turns":3},{"damage":46,"enemies":"3 Darklings","floor":36,"turns":4},{"damage":22,"enemies":"4 Shapes","floor":37,"turns":6},{"damage":5,"enemies":"Spire Growth","floor":38,"turns":7},{"damage":6,"enemies":"Sphere and 2 Shapes","floor":39,"turns":6},{"damage":25,"enemies":"Nemesis","floor":41,"turns":17},{"damage":27,"enemies":"Writhing Mass","floor":47,"turns":8},{"damage":12,"enemies":"Jaw Worm Horde","floor":48,"turns":3},{"damage":25,"enemies":"Donu and Deca","floor":50,"turns":11},{"damage":31,"enemies":"Awakened One","floor":51,"turns":3}],"seed_played":"4628915786159358757","potions_obtained":[{"floor":3,"key":"SpeedPotion"},{"floor":7,"key":"Fire Potion"},{"floor":8,"key":"Block Potion"},{"floor":12,"key":"Strength Potion"},{"floor":16,"key":"SkillPotion"},{"floor":19,"key":"SteroidPotion"},{"floor":28,"key":"SkillPotion"},{"floor":29,"key":"Explosive Potion"},{"floor":33,"key":"Ancient Potion"},{"floor":36,"key":"Weak Potion"},{"floor":38,"key":"SkillPotion"},{"floor":39,"key":"FocusPotion"},{"floor":48,"key":"Regen Potion"}],"is_trial":false,"path_per_floor":["M","$","M","M","?","R","M","M","T","M","?","M","R","E","R","B",null,"M","M","$","?","?","R","E","M","T","R","M","M","R","M","R","B",null,"M","M","M","M","M","?","E","R","T","?","?","R","M","M","R","B","B"],"character_chosen":"DEFECT","items_purchased":["DataDisk","Sunder","Master of Strategy"],"campfire_rested":4,"item_purchase_floors":[2,2,20],"current_hp_per_floor":[39,39,39,35,35,35,29,23,23,29,29,29,29,24,24,15,57,52,47,47,26,26,47,24,1,1,22,22,20,41,39,60,19,58,68,32,20,25,29,58,43,43,43,55,55,55,38,26,26,26,0],"gold":354,"neow_bonus":"TWO_FIFTY_GOLD","is_prod":false,"is_daily":false,"chose_seed":false,"campfire_upgraded":3,"win_rate":0,"timestamp":1549223995,"path_taken":["M","$","M","M","?","R","M","M","T","M","?","M","R","E","R","BOSS","M","M","$","?","?","R","E","?","T","R","M","M","R","M","R","BOSS","M","M","?","?","M","?","E","R","T","?","?","R","M","M","R","BOSS","BOSS"],"build_version":"2019-01-23","purchased_purges":2,"victory":false,"max_hp_per_floor":[71,71,71,71,71,71,71,71,71,71,71,71,71,71,71,71,71,71,71,71,71,71,71,71,71,71,71,71,71,71,71,71,71,71,71,71,71,71,71,58,58,58,58,58,58,58,58,58,58,58,58],"card_choices":[{"not_picked":["Streamline","Tempest"],"picked":"Stack","floor":1},{"not_picked":["Redo","Hello World"],"picked":"Gash","floor":3},{"not_picked":["Consume","Redo"],"picked":"Self Repair","floor":4},{"not_picked":["Barrage","Rebound"],"picked":"Ball Lightning","floor":7},{"not_picked":["Streamline","Stack","Rip and Tear"],"picked":"SKIP","floor":8},{"not_picked":["Rip and Tear","Stack"],"picked":"Sweeping Beam","floor":10},{"not_picked":["FTL","Redo"],"picked":"Cold Snap","floor":12},{"not_picked":["Ball Lightning","Reinforced Body"],"picked":"Glacier","floor":14},{"not_picked":["Creative AI","Rainbow"],"picked":"Electrodynamics","floor":16},{"not_picked":["Gash+1","Leap"],"picked":"Conserve Battery","floor":18},{"not_picked":["Barrage+1","Go for the Eyes+1","Chill"],"picked":"SKIP","floor":19},{"not_picked":["Consume","Compile Driver+1"],"picked":"Conserve Battery+1","floor":24},{"not_picked":["Steam","Heatsinks"],"picked":"Hologram","floor":25},{"not_picked":["Aggregate","Beam Cell+1"],"picked":"Ball Lightning+1","floor":28},{"not_picked":["Steam","Streamline+1"],"picked":"Creative AI","floor":29},{"not_picked":["Hologram","Auto Shields","Sweeping Beam+1"],"picked":"SKIP","floor":31},{"not_picked":["Compile Driver+1","Rebound+1"],"picked":"FTL+1","floor":35},{"not_picked":["Coolheaded","Double Energy"],"picked":"Defragment","floor":36},{"not_picked":["Compile Driver+1","Beam Cell+1"],"picked":"Leap","floor":37},{"not_picked":["Stack","Conserve Battery+1"],"picked":"Biased Cognition","floor":38},{"not_picked":["Hello World","Ball Lightning+1"],"picked":"Cold Snap+1","floor":39},{"not_picked":["Barrage+1","Turbo+1"],"picked":"Stack+1","floor":41},{"not_picked":["Genetic Algorithm","Beam Cell+1","Force Field"],"picked":"SKIP","floor":47},{"not_picked":["Consume+1","Sweeping Beam+1"],"picked":"Undo","floor":48}],"player_experience":1066379,"relics_obtained":[{"floor":9,"key":"Letter Opener"},{"floor":14,"key":"Molten Egg 2"},{"floor":21,"key":"Nilry\u0027s Codex"},{"floor":24,"key":"Shuriken"},{"floor":26,"key":"Symbiotic Virus"},{"floor":41,"key":"Peace Pipe"}],"event_choices":[{"damage_healed":0,"gold_gain":0,"player_choice":"Ignored","damage_taken":0,"max_hp_gain":0,"max_hp_loss":0,"event_name":"Shining Light","floor":5,"gold_loss":0},{"damage_healed":0,"gold_gain":0,"player_choice":"Ignored","damage_taken":0,"max_hp_gain":0,"max_hp_loss":0,"event_name":"Liars Game","floor":11,"gold_loss":0},{"damage_healed":0,"gold_gain":0,"player_choice":"Obtained Book","damage_taken":21,"max_hp_gain":0,"max_hp_loss":0,"event_name":"Cursed Tome","floor":21,"gold_loss":0},{"damage_healed":0,"gold_gain":0,"player_choice":"Cursed","damage_taken":0,"max_hp_gain":0,"max_hp_loss":0,"event_name":"Wheel of Change","floor":22,"gold_loss":0,"cards_obtained":["Decay"]},{"damage_healed":58,"gold_gain":0,"player_choice":"Heal","damage_taken":0,"max_hp_gain":0,"max_hp_loss":13,"event_name":"The Moai Head","floor":40,"gold_loss":0},{"damage_healed":12,"gold_gain":0,"player_choice":"Writhe","damage_taken":0,"max_hp_gain":0,"max_hp_loss":0,"event_name":"Winding Halls","floor":44,"gold_loss":0,"cards_obtained":["Writhe"]},{"damage_healed":0,"gold_gain":0,"player_choice":"Rummage","damage_taken":0,"relics_obtained":["WarpedTongs"],"max_hp_gain":0,"max_hp_loss":0,"event_name":"Accursed Blacksmith","floor":45,"gold_loss":0,"cards_obtained":["Pain"]}],"is_beta":true,"boss_relics":[{"not_picked":["Tiny House","Philosopher\u0027s Stone"],"picked":"Fusion Hammer"},{"not_picked":["Inserter","Orrery"],"picked":"FrozenCore"}],"items_purged_floors":[2,20],"is_endless":false,"potions_floor_spawned":[3,7,8,12,16,19,28,29,33,36,38,39,48],"killed_by":"Awakened One","ascension_level":20}