{"gold_per_floor":[363,35,50,62,62,62,62,87,87,87],"floor_reached":10,"playtime":317,"items_purged":["Regret"],"score":132,"play_id":"718ef011-8af1-432f-be15-4699df50490c","local_time":"20190317163557","is_ascension_mode":true,"campfire_choices":[{"data":"Armaments","floor":6,"key":"SMITH"}],"neow_cost":"CURSE","seed_source_timestamp":54290243436293,"circlet_count":0,"master_deck":["AscendersBane","Strike_R","Strike_R","Strike_R","Strike_R+1","Strike_R","Defend_R","Defend_R","Defend_R","Defend_R","Bash","Perfected Strike","Feel No Pain+1","Pommel Strike","Swift Strike","Armaments+1","Perfected Strike","Metallicize"],"relics":["Burning Blood","Shovel","Charon\u0027s Ashes"],"potions_floor_usage":[8,8,10],"damage_taken":[{"damage":10,"enemies":"Small Slimes","floor":1,"turns":3},{"damage":0,"enemies":"Cultist","floor":3,"turns":2},{"damage":7,"enemies":"Jaw Worm","floor":4,"turns":3},{"damage":34,"enemies":"Gremlin Nob","floor":8,"turns":4},{"damage":29,"enemies":"Lagavulin","floor":10,"turns":7}],"seed_played":"-5874863084778965836","potions_obtained":[{"floor":3,"key":"SkillPotion"},{"floor":8,"key":"Weak Potion"}],"is_trial":false,"path_per_floor":["M","$","M","M","?","R","?","E","T","E"],"character_chosen":"IRONCLAD","items_purchased":["Feel No Pain","Pommel Strike","Swift Strike","AttackPotion"],"campfire_rested":0,"item_purchase_floors":[2,2,2,2],"current_hp_per_floor":[64,64,70,69,46,46,46,18,18,0],"gold":87,"neow_bonus":"TWO_FIFTY_GOLD","is_prod":false,"is_daily":false,"chose_seed":false,"campfire_upgraded":1,"win_rate":0,"timestamp":1552854957,"path_taken":["M","$","M","M","?","R","?","E","T","E"],"build_version":"2019-01-23","purchased_purges":1,"victory":false,"max_hp_per_floor":[75,75,75,75,75,75,75,75,75,75],"card_choices":[{"not_picked":["Twin Strike","Headbutt"],"picked":"Perfected Strike","floor":1},{"not_picked":["Burning Pact","Cleave"],"picked":"Armaments","floor":3},{"not_picked":["Flex","Warcry"],"picked":"Perfected Strike","floor":4},{"not_picked":["Anger","Pummel"],"picked":"Metallicize","floor":8}],"player_experience":1175391,"relics_obtained":[{"floor":8,"key":"Shovel"},{"floor":9,"key":"Charon\u0027s Ashes"}],"event_choices":[{"damage_healed":0,"gold_gain":0,"player_choice":"Entered Light","damage_taken":23,"max_hp_gain":0,"max_hp_loss":0,"event_name":"Shining Light","floor":5,"gold_loss":0,"cards_upgraded":["Strike_R","Feel No Pain"]},{"damage_healed":0,"gold_gain":0,"player_choice":"Got Potions","damage_taken":0,"max_hp_gain":0,"max_hp_loss":0,"event_name":"Lab","floor":7,"gold_loss":0}],"is_beta":false,"boss_relics":[],"items_purged_floors":[2],"is_endless":false,"potions_floor_spawned":[3,8],"killed_by":"Lagavulin","ascension_level":20}