{"path_per_floor":["M","M","M","?","M","R","E","?","T","R","E","R","E","M","R","B",null,"M","?","$","?","M","R","M"],"character_chosen":"THE_SILENT","items_purchased":["Lantern","Block Potion"],"gold_per_floor":[17,27,38,38,55,55,86,86,86,86,112,112,146,160,160,232,262,273,273,76,76,91,91,106,106],"floor_reached":25,"campfire_rested":2,"playtime":1287,"current_hp_per_floor":[59,57,57,44,44,44,18,40,40,40,13,32,19,19,19,14,58,46,39,39,39,37,58,10,0],"items_purged":[],"gold":106,"score":376,"play_id":"a3c83547-f928-4cec-9c87-bfe237b222b2","local_time":"20180407094135","is_prod":false,"is_daily":false,"is_ascension_mode":true,"campfire_upgraded":2,"timestamp":1523108495,"path_taken":["M","M","?","?","?","R","E","?","T","R","E","R","E","M","R","BOSS","M","?","?","?","?","R","M","M"],"build_version":"2018-04-05v2","purchased_purges":0,"victory":false,"master_deck":["Defend_G+1","Defend_G","Defend_G","Strike_G","Strike_G","Strike_G","Strike_G","Strike_G+1","Survivor+1","Neutralize","AscendersBane","Deadly Poison+1","All Out Attack","Prepared+1","Poisoned Stab","Eviscerate","Terror","Tools of the Trade","Deadly Poison","Riddle With Holes+1","Prepared"],"max_hp_per_floor":[66,66,66,66,66,66,66,66,66,66,66,66,66,66,66,66,71,71,71,71,71,71,71,71,71],"relics":["Ring of the Snake","Oddly Smooth Stone","Gremlin Horn","Girya","Omamori","Tiny House","Lantern"],"card_choices":[{"not_picked":["Slice","Flying Knee"],"picked":"Deadly Poison","floor":1},{"not_picked":["Prepared","Finisher"],"picked":"All Out Attack","floor":2},{"not_picked":["Sucker Punch","Concentrate"],"picked":"Prepared","floor":3},{"not_picked":["Dagger Throw","Backflip"],"picked":"Poisoned Stab","floor":7},{"not_picked":["Accuracy","Deflect"],"picked":"Eviscerate","floor":11},{"not_picked":["Underhanded Strike","Backflip"],"picked":"Terror","floor":14},{"not_picked":["Unload","Wraith Form"],"picked":"Tools of the Trade","floor":16},{"not_picked":["Cloak And Dagger","Sucker Punch"],"picked":"Deadly Poison","floor":17},{"not_picked":["Backflip","Infinite Blades"],"picked":"Riddle With Holes","floor":18},{"not_picked":["PiercingWail","Cloak And Dagger"],"picked":"Prepared","floor":22}],"player_experience":707729,"potions_floor_usage":[11,11,13,18,22,24,25],"damage_taken":[{"damage":0,"enemies":"Cultist","floor":1,"turns":5},{"damage":2,"enemies":"Jaw Worm","floor":2,"turns":4},{"damage":0,"enemies":"Small Slimes","floor":3,"turns":3},{"damage":0,"enemies":"Red Slaver","floor":5,"turns":4},{"damage":26,"enemies":"Lagavulin","floor":7,"turns":6},{"damage":27,"enemies":"3 Sentries","floor":11,"turns":5},{"damage":13,"enemies":"Lagavulin","floor":13,"turns":6},{"damage":0,"enemies":"Exordium Wildlife","floor":14,"turns":2},{"damage":5,"enemies":"Slime Boss","floor":16,"turns":8},{"damage":24,"enemies":"Spheric Guardian","floor":18,"turns":5},{"damage":2,"enemies":"2 Thieves","floor":22,"turns":4},{"damage":48,"enemies":"Slaver and Parasite","floor":24,"turns":6},{"damage":10,"enemies":"Chosen and Byrds","floor":25,"turns":3}],"event_choices":[{"event_name":"Shining Light","player_choice":"Entered Light","floor":4,"damage_taken":0},{"event_name":"Big Fish","player_choice":"Banana","floor":8,"damage_taken":0},{"event_name":"Wheel of Change","player_choice":"Damage","floor":19,"damage_taken":0},{"event_name":"The Lab","player_choice":"Got Potions","floor":21,"damage_taken":0}],"boss_relics":[{"not_picked":["Velvet Choker","Orrery"],"picked":"Tiny House"}],"potions_floor_spawned":[5,7,11,16,18],"seed_played":"3797843263858815117","killed_by":"Chosen and Byrds","ascension_level":14,"is_trial":false}