{"gold_per_floor":[109,127,277,277,294,328,328,354,354,354,354,10,0,14,14,88,88,98,98,23,23,23,23,34,64,64,64,76,91,91,107,107,107],"floor_reached":33,"playtime":1283,"items_purged":["Strike_R"],"score":571,"play_id":"3b799c17-f378-4a33-be5b-71d0e06b60bc","local_time":"20190317225754","is_ascension_mode":true,"campfire_choices":[{"data":"Armaments","floor":7.0,"key":"SMITH"},{"data":"Juggernaut","floor":10.0,"key":"SMITH"},{"data":"Bash","floor":15.0,"key":"SMITH"},{"data":"Dark Embrace","floor":23.0,"key":"SMITH"},{"data":"Pommel Strike","floor":27,"key":"SMITH"},{"data":"Metallicize","floor":30,"key":"SMITH"},{"data":"Rage","floor":32,"key":"SMITH"}],"neow_cost":"NONE","seed_source_timestamp":0,"circlet_count":0,"master_deck":["AscendersBane","Strike_R","Strike_R","Strike_R","Strike_R","Defend_R","Defend_R","Defend_R","Defend_R","Bash+1","Clothesline+1","Clash","Armaments+1","Juggernaut+1","Rage+1","Metallicize+1","Pommel Strike+1","Dark Embrace+1","True Grit+1"],"special_seed":0,"relics":["Burning Blood","Orichalcum","Bronze Scales","Dodecahedron","Pear","Singing Bowl","Coffee Dripper","Smiling Mask","Mercury Hourglass"],"potions_floor_usage":[28,31],"damage_taken":[{"damage":0.0,"enemies":"2 Louse","floor":1.0,"turns":4.0},{"damage":10.0,"enemies":"Small Slimes","floor":2.0,"turns":4.0},{"damage":4.0,"enemies":"Jaw Worm","floor":5.0,"turns":3.0},{"damage":31.0,"enemies":"3 Sentries","floor":6.0,"turns":10.0},{"damage":15.0,"enemies":"Lagavulin","floor":8.0,"turns":6.0},{"damage":11.0,"enemies":"Exordium Wildlife","floor":14.0,"turns":3.0},{"damage":18.0,"enemies":"Slime Boss","floor":16.0,"turns":9.0},{"damage":0.0,"enemies":"3 Byrds","floor":18.0,"turns":2.0},{"damage":10.0,"enemies":"Shell Parasite","floor":24.0,"turns":5.0},{"damage":25.0,"enemies":"Book of Stabbing","floor":25.0,"turns":4.0},{"damage":9,"enemies":"Snake Plant","floor":28,"turns":3},{"damage":21,"enemies":"Centurion and Healer","floor":29,"turns":5},{"damage":13,"enemies":"Cultist and Chosen","floor":31,"turns":5},{"damage":43,"enemies":"Collector","floor":33,"turns":5}],"seed_played":"-1681128451672758957","potions_obtained":[{"floor":2.0,"key":"SkillPotion"},{"floor":6.0,"key":"Regen Potion"},{"floor":8.0,"key":"GamblersBrew"},{"floor":14.0,"key":"Energy Potion"},{"floor":25.0,"key":"Weak Potion"},{"floor":28,"key":"SteroidPotion"}],"is_trial":false,"path_per_floor":["M","M","?","?","M","E","R","E","T","R","?","$","?","M","R","B",null,"M","?","$","?","?","R","M","E","T","R","M","M","R","M","R","B"],"character_chosen":"IRONCLAD","items_purchased":["Singing Bowl","Metallicize"],"campfire_rested":0,"item_purchase_floors":[12,12],"current_hp_per_floor":[74,70,70,63,65,40,40,45,55,55,55,55,55,50,50,38,73,81,56,56,74,74,74,72,55,55,55,54,39,39,34,34,0],"gold":107,"neow_bonus":"RANDOM_COMMON_RELIC","is_prod":false,"is_daily":false,"chose_seed":false,"campfire_upgraded":7,"win_rate":0,"timestamp":1552877874,"path_taken":["M","M","?","?","M","E","R","E","T","R","?","$","?","M","R","BOSS","M","?","$","?","?","R","M","E","T","R","?","?","R","M","R","BOSS"],"build_version":"2019-01-23","purchased_purges":1,"victory":false,"max_hp_per_floor":[75,75,75,75,75,75,75,75,85,85,85,85,85,85,85,85,85,87,92,92,92,92,92,94,96,96,96,98,98,98,100,100,100],"card_choices":[{"not_picked":["Wild Strike","Sever Soul"],"picked":"Clothesline","floor":1.0},{"not_picked":["Corruption","Dual Wield"],"picked":"Clash","floor":2.0},{"not_picked":["Thunderclap","Clothesline"],"picked":"Armaments","floor":5.0},{"not_picked":["Pommel Strike","Sentinel"],"picked":"Juggernaut","floor":6.0},{"not_picked":["Bloodletting","Twin Strike"],"picked":"Rage","floor":8.0},{"not_picked":["Reckless Charge","Twin Strike"],"picked":"Pommel Strike","floor":14.0},{"not_picked":["Double Tap","Fiend Fire"],"picked":"Dark Embrace","floor":16.0},{"not_picked":["Body Slam","Pommel Strike","Perfected Strike"],"picked":"Singing Bowl","floor":18.0},{"not_picked":["Clothesline+1","Clash","Second Wind"],"picked":"Singing Bowl","floor":24.0},{"not_picked":["Brutality","Metallicize","Body Slam"],"picked":"Singing Bowl","floor":25.0},{"not_picked":["Clash","Seeing Red","Wild Strike"],"picked":"Singing Bowl","floor":28},{"not_picked":["Clash","Clothesline"],"picked":"True Grit+1","floor":29},{"not_picked":["Combust","Clothesline","Sword Boomerang"],"picked":"Singing Bowl","floor":31}],"player_experience":1190857,"relics_obtained":[{"floor":6.0,"key":"Bronze Scales"},{"floor":8.0,"key":"Dodecahedron"},{"floor":9.0,"key":"Pear"},{"floor":25.0,"key":"Smiling Mask"},{"floor":26.0,"key":"Mercury Hourglass"}],"event_choices":[{"damage_healed":0.0,"max_hp_gain":0.0,"max_hp_loss":0.0,"gold_gain":150.0,"event_name":"Liars Game","player_choice":"AGREE","floor":3.0,"gold_loss":0.0,"damage_taken":0.0,"cards_obtained":["Doubt"]},{"cards_removed":["Doubt"],"damage_healed":0.0,"max_hp_gain":0.0,"max_hp_loss":0.0,"gold_gain":0.0,"event_name":"Golden Wing","player_choice":"Card Removal","floor":4.0,"gold_loss":0.0,"damage_taken":7.0},{"damage_healed":0.0,"max_hp_gain":0.0,"max_hp_loss":0.0,"gold_gain":0.0,"event_name":"Living Wall","player_choice":"Grow","floor":11.0,"gold_loss":0.0,"damage_taken":0.0,"cards_upgraded":["Clothesline"]},{"damage_healed":0.0,"max_hp_gain":0.0,"max_hp_loss":0.0,"gold_gain":0.0,"event_name":"World of Goop","player_choice":"Left Gold","floor":13.0,"gold_loss":10.0,"damage_taken":0.0},{"damage_healed":0.0,"max_hp_gain":5.0,"max_hp_loss":0.0,"gold_gain":0.0,"event_name":"Forgotten Altar","player_choice":"Shed Blood","floor":19.0,"gold_loss":0.0,"damage_taken":30.0},{"damage_healed":18.0,"max_hp_gain":0.0,"max_hp_loss":0.0,"gold_gain":0.0,"event_name":"The Library","player_choice":"Heal","floor":21.0,"gold_loss":0.0,"damage_taken":0.0}],"is_beta":false,"boss_relics":[{"not_picked":["Velvet Choker","Cursed Key"],"picked":"Coffee Dripper"}],"items_purged_floors":[20],"is_endless":false,"potions_floor_spawned":[2,6,8,14,25,28],"killed_by":"Collector","ascension_level":20}