{"gold_per_floor":[115,135,135,60,78,10,24,49,128,160,177,205,128,147,147,249,249,266,278,278,46,46,76,76,95,95,95,109,109,109,127,127,230,230,246,258,109,120,120,120,22,22,22,22,49,66,341,341,341,341],"floor_reached":51,"playtime":3449,"items_purged":["Regret","Strike_R","Strike_R","Strike_R","Strike_R"],"score":765,"play_id":"18f88089-efbe-42b5-8e5c-5acbf568eb2f","local_time":"20181017191030","is_ascension_mode":false,"campfire_choices":[{"data":"Heavy Blade","floor":15.0,"key":"SMITH"},{"floor":24.0,"key":"REST"},{"data":"Demon Form","floor":27.0,"key":"SMITH"},{"data":"Rage","floor":30,"key":"SMITH"},{"data":"Heavy Blade","floor":32,"key":"SMITH"},{"data":"Shrug It Off","floor":40,"key":"SMITH"},{"data":"Defend_R","floor":42,"key":"SMITH"},{"data":"Bash","floor":44,"key":"SMITH"},{"floor":49,"key":"REST"}],"neow_cost":"NONE","seed_source_timestamp":53983609276264,"circlet_count":0,"master_deck":["Defend_R","Defend_R+1","Defend_R+1","Bash+1","Cleave","Thunderclap","Flame Barrier+1","Inflame","Heavy Blade+1","Rampage","Rage+1","Sword Boomerang","Shrug It Off+1","Demon Form+1","Heavy Blade+1","Flame Barrier+1","Whirlwind","Twin Strike","Shockwave+1","Madness","Madness"],"special_seed":0,"relics":["Burning Blood","Ancient Tea Set","Bird Faced Urn","Regal Pillow","Self Forming Clay","Smiling Mask","Letter Opener","Busted Crown","War Paint","Omamori","Potion Belt","Pear","Empty Cage","Oddly Smooth Stone"],"potions_floor_usage":[31,33,45,50,50,50],"damage_taken":[{"damage":1.0,"enemies":"Cultist","floor":1.0,"turns":4.0},{"damage":1.0,"enemies":"Small Slimes","floor":2.0,"turns":3.0},{"damage":6.0,"enemies":"Jaw Worm","floor":5.0,"turns":4.0},{"damage":9.0,"enemies":"Blue Slaver","floor":7.0,"turns":4.0},{"damage":18.0,"enemies":"Gremlin Nob","floor":8.0,"turns":4.0},{"damage":23.0,"enemies":"3 Sentries","floor":10.0,"turns":6.0},{"damage":1.0,"enemies":"2 Fungi Beasts","floor":11.0,"turns":3.0},{"damage":24.0,"enemies":"Gremlin Nob","floor":12.0,"turns":4.0},{"damage":15.0,"enemies":"Exordium Wildlife","floor":14.0,"turns":3.0},{"damage":34.0,"enemies":"Hexaghost","floor":16.0,"turns":11.0},{"damage":19.0,"enemies":"2 Thieves","floor":18.0,"turns":4.0},{"damage":16.0,"enemies":"Chosen","floor":19.0,"turns":5.0},{"damage":36.0,"enemies":"Gremlin Leader","floor":23.0,"turns":5.0},{"damage":14.0,"enemies":"Centurion and Healer","floor":25.0,"turns":4.0},{"damage":23,"enemies":"Chosen and Byrds","floor":28,"turns":5},{"damage":8,"enemies":"Cultist and Chosen","floor":31,"turns":4},{"damage":27,"enemies":"Champ","floor":33,"turns":8},{"damage":16,"enemies":"3 Darklings","floor":35,"turns":4},{"damage":5,"enemies":"3 Shapes","floor":36,"turns":4},{"damage":24,"enemies":"Spire Growth","floor":38,"turns":6},{"damage":7,"enemies":"2 Orb Walkers","floor":45,"turns":3},{"damage":6,"enemies":"3 Darklings","floor":46,"turns":4},{"damage":96,"enemies":"Awakened One","floor":50,"turns":10}],"seed_played":"-1233313626231183295","potions_obtained":[{"floor":1.0,"key":"GamblersBrew"},{"floor":7.0,"key":"SteroidPotion"},{"floor":8.0,"key":"Dexterity Potion"},{"floor":10.0,"key":"Fire Potion"},{"floor":16.0,"key":"SkillPotion"},{"floor":18.0,"key":"Energy Potion"},{"floor":25.0,"key":"Explosive Potion"},{"floor":28,"key":"Swift Potion"},{"floor":35,"key":"EssenceOfSteel"},{"floor":38,"key":"Energy Potion"},{"floor":39,"key":"Block Potion"},{"floor":39,"key":"Regen Potion"}],"is_trial":false,"path_per_floor":["M","M","?","$","M","$","M","E","T","E","M","E","$","M","R","B",null,"M","M","?","$","?","E","R","M","T","R","M","?","R","M","R","B",null,"M","M","$","M","?","R","$","R","T","R","E","M","?","?","R","B"],"character_chosen":"IRONCLAD","items_purchased":["Inflame","Sword Boomerang","War Paint","Whirlwind","SteroidPotion","Weak Potion","Twin Strike"],"campfire_rested":2,"item_purchase_floors":[6,13,21,21,37,37,41],"current_hp_per_floor":[80,80,80,80,80,80,77,67,67,52,59,43,43,36,36,10,80,69,63,63,63,63,37,76,72,82,82,67,49,49,51,51,34,95,85,88,88,72,72,72,72,72,72,72,75,77,77,65,95,20],"gold":341,"neow_bonus":"RANDOM_COMMON_RELIC","is_prod":false,"is_daily":false,"chose_seed":false,"campfire_upgraded":7,"win_rate":0,"timestamp":1539817830,"path_taken":["M","?","?","$","?","$","M","E","T","E","?","E","$","M","R","BOSS","M","M","?","$","?","E","R","M","T","R","M","?","R","M","R","BOSS","M","M","$","M","?","R","?","R","T","R","E","M","?","?","R","BOSS"],"build_version":"2018-10-11","purchased_purges":5,"victory":true,"max_hp_per_floor":[80,80,80,80,80,80,80,80,80,80,80,80,80,80,80,80,80,80,80,80,80,80,80,80,80,90,90,90,95,95,95,95,95,95,95,95,95,95,95,95,95,95,95,95,95,95,95,95,95,95],"card_choices":[{"not_picked":["Flex","Body Slam"],"picked":"Cleave","floor":1.0},{"not_picked":["Iron Wave","Sword Boomerang"],"picked":"Thunderclap","floor":2.0},{"not_picked":["Clash","Battle Trance"],"picked":"Flame Barrier","floor":5.0},{"not_picked":["Wild Strike","Evolve"],"picked":"Heavy Blade","floor":7.0},{"not_picked":["Clothesline","Anger","Corruption"],"picked":"SKIP","floor":8.0},{"not_picked":["Burning Pact","Warcry","True Grit"],"picked":"SKIP","floor":10.0},{"not_picked":["Anger","Inflame"],"picked":"Rampage","floor":11.0},{"not_picked":["Reaper","Shrug It Off"],"picked":"Rage","floor":12.0},{"not_picked":["Clothesline","True Grit"],"picked":"Shrug It Off","floor":14.0},{"not_picked":["Brutality","Bludgeon"],"picked":"Demon Form","floor":16.0},{"not_picked":[],"picked":"Heavy Blade","floor":18.0},{"not_picked":[],"picked":"Flame Barrier+1","floor":19.0},{"not_picked":["Warcry"],"picked":"SKIP","floor":23.0},{"not_picked":["Warcry"],"picked":"SKIP","floor":25.0},{"not_picked":["Searing Blow"],"picked":"SKIP","floor":28},{"not_picked":["Rage"],"picked":"SKIP","floor":31},{"not_picked":["Infernal Blade"],"picked":"SKIP","floor":35},{"not_picked":["Cleave"],"picked":"SKIP","floor":36},{"not_picked":["True Grit+1"],"picked":"SKIP","floor":38},{"not_picked":[],"picked":"Shockwave+1","floor":45},{"not_picked":["Fire Breathing+1"],"picked":"SKIP","floor":46}],"player_experience":516553,"relics_obtained":[{"floor":8.0,"key":"Regal Pillow"},{"floor":9.0,"key":"Self Forming Clay"},{"floor":10.0,"key":"Smiling Mask"},{"floor":12.0,"key":"Letter Opener"},{"floor":23.0,"key":"Potion Belt"},{"floor":26.0,"key":"Pear"},{"floor":45,"key":"Oddly Smooth Stone"}],"event_choices":[{"event_name":"Big Fish","player_choice":"Box","floor":3.0,"damage_taken":0.0},{"event_name":"Vampires","player_choice":"Ignored","floor":20.0,"damage_taken":0.0},{"event_name":"Addict","player_choice":"Stole Relic","floor":22.0,"damage_taken":0.0},{"event_name":"Forgotten Altar","player_choice":"Shed Blood","floor":29,"damage_taken":0},{"event_name":"The Lab","player_choice":"Got Potions","floor":39,"damage_taken":0},{"event_name":"Golden Shrine","player_choice":"Desecrate","floor":47,"damage_taken":0},{"event_name":"Winding Halls","player_choice":"Embrace Madness","floor":48,"damage_taken":0}],"is_beta":false,"boss_relics":[{"not_picked":["Black Star","Astrolabe"],"picked":"Busted Crown"},{"not_picked":["Runic Pyramid","Sozu"],"picked":"Empty Cage"}],"items_purged_floors":[4,13,21,37,41],"is_endless":false,"potions_floor_spawned":[1,7,8,10,16,18,25,28,35,38],"ascension_level":0}