{"path_per_floor":["M","M","?","M","M","E","M","?","T","$","M","M","E","M","R","B",null,"M","?","?","$","M","E","$","R","T","R","?","M"],"character_chosen":"IRONCLAD","items_purchased":["Perfected Strike","Mercury Hourglass","Perfected Strike","Pen Nib","Wild Strike"],"gold_per_floor":[19,32,32,45,59,91,109,109,409,27,40,60,92,106,106,205,205,216,216,216,44,58,91,44,44,68,68,68,83],"floor_reached":30,"campfire_rested":0,"playtime":994,"current_hp_per_floor":[71,72,72,77,65,31,37,90,90,87,87,85,82,62,62,41,76,76,87,87,87,75,29,29,29,29,29,29,13],"items_purged":["Parasite"],"gold":83,"score":432,"play_id":"1c3cd2ce-6e47-424b-8c7a-564ee14116ed","local_time":"20180321000855","is_prod":false,"is_daily":false,"is_ascension_mode":true,"campfire_upgraded":3,"timestamp":1521605335,"path_taken":["M","M","?","M","M","E","M","?","T","?","?","M","E","M","R","BOSS","M","?","?","$","M","E","?","R","T","R","?","?","E"],"build_version":"2018-03-15v3","purchased_purges":3,"victory":false,"master_deck":["Defend_R","Defend_R","Defend_R","Defend_R","Bash","Twin Strike","Impervious","Flex","Thunderclap","Twin Strike","Perfected Strike+1","Cleave","Wild Strike","Wild Strike","Clothesline","Limit Break+1","Twin Strike","Clash","Clash","True Grit","Sentinel+1","Inflame+1","Perfected Strike","Immolate","Pommel Strike+1","Wild Strike","Bite","Bite","Bite","Bite","Bite","Feed"],"max_hp_per_floor":[80,80,80,80,80,80,80,90,90,87,87,87,87,87,87,87,87,87,87,87,87,87,87,87,87,87,87,87,87],"relics":["Burning Blood","Red Skull","Vajra","Old Coin","Mercury Hourglass","Shuriken","Orrery","Pen Nib","Smiling Mask"],"card_choices":[{"not_picked":["Metallicize","Disarm"],"picked":"Twin Strike"},{"not_picked":["Infernal Blade","Havoc"],"picked":"Impervious"},{"not_picked":["Wild Strike","Havoc"],"picked":"Flex"},{"not_picked":["Clothesline","Twin Strike"],"picked":"Thunderclap"},{"not_picked":["Sentinel","Dual Wield"],"picked":"Reaper"},{"not_picked":["Anger","Shrug It Off"],"picked":"Twin Strike"},{"not_picked":["True Grit","Anger"],"picked":"Cleave"},{"not_picked":["Clothesline","Reckless Charge"],"picked":"Wild Strike"},{"not_picked":["Flex","True Grit"],"picked":"Wild Strike"},{"not_picked":["Sever Soul","Havoc"],"picked":"Clothesline"},{"not_picked":["Exhume","Dark Embrace"],"picked":"Limit Break"},{"not_picked":["Intimidate","Warcry"],"picked":"Twin Strike"},{"not_picked":["Havoc","Whirlwind"],"picked":"Clash"},{"not_picked":["Anger","Thunderclap"],"picked":"Clash"},{"not_picked":["Body Slam","Dual Wield"],"picked":"True Grit"},{"not_picked":["Clash","Thunderclap"],"picked":"Sentinel"},{"not_picked":["Headbutt","Clothesline"],"picked":"Immolate"},{"not_picked":["Flex","Metallicize"],"picked":"Pommel Strike"},{"not_picked":["Anger","Infernal Blade"],"picked":"Feed"}],"player_experience":579469,"potions_floor_usage":[6,14,16,16,18,22,23],"damage_taken":[{"damage":7,"enemies":"Jaw Worm","floor":1,"turns":3},{"damage":5,"enemies":"Small Slimes","floor":2,"turns":3},{"damage":1,"enemies":"Cultist","floor":4,"turns":3},{"damage":18,"enemies":"Exordium Wildlife","floor":5,"turns":3},{"damage":40,"enemies":"Lagavulin","floor":6,"turns":6},{"damage":0,"enemies":"Red Slaver","floor":7,"turns":2},{"damage":6,"enemies":"Looter","floor":11,"turns":2},{"damage":8,"enemies":"Blue Slaver","floor":12,"turns":2},{"damage":9,"enemies":"3 Sentries","floor":13,"turns":4},{"damage":32,"enemies":"Exordium Thugs","floor":14,"turns":3},{"damage":27,"enemies":"Hexaghost","floor":16,"turns":7},{"damage":6,"enemies":"Spheric Guardian","floor":18,"turns":3},{"damage":18,"enemies":"3 Byrds","floor":22,"turns":4},{"damage":52,"enemies":"Slavers","floor":23,"turns":4},{"damage":24,"enemies":"Snake Plant","floor":29,"turns":2},{"damage":20,"enemies":"Gremlin Leader","floor":30,"turns":3}],"event_choices":[{"event_name":"The Cleric","player_choice":"Leave","floor":3,"damage_taken":0},{"event_name":"Bonfire Elementals","player_choice":"RARE","floor":8,"damage_taken":0},{"event_name":"Wheel of Change","player_choice":"Full Heal","floor":19,"damage_taken":0},{"event_name":"The Library","player_choice":"Read","floor":20,"damage_taken":0},{"event_name":"Vampires","player_choice":"Became a vampire (Vial)","floor":28,"damage_taken":0}],"boss_relics":[{"not_picked":["Question Card","Runic Cube"],"picked":"Orrery"}],"potions_floor_spawned":[4,5,11,12,14,16,22],"seed_played":"2421251896394209846","killed_by":"Gremlin Leader","ascension_level":11,"is_trial":false}