{"gold_per_floor":[111,38,38,57,57,82,82,109,139,139,151,171,217,217],"floor_reached":14,"playtime":288,"items_purged":[],"score":172,"play_id":"283f11de-5c20-41a4-8f02-470b51f36d19","local_time":"20190422235141","is_ascension_mode":true,"campfire_choices":[{"floor":7.0,"key":"REST"},{"floor":10,"key":"REST"}],"neow_cost":"NONE","seed_source_timestamp":1069982305877266,"circlet_count":0,"master_deck":["AscendersBane","Strike_B","Strike_B","Strike_B","Strike_B","Defend_B","Defend_B","Defend_B","Defend_B","Zap","Dualcast","Ball Lightning","Defragment","Static Discharge","Sweeping Beam+1","Cold Snap+1","Go for the Eyes+1"],"special_seed":0,"relics":["Cracked Core","Boot","Letter Opener","Molten Egg 2","Dream Catcher","Tiny Chest","Anchor"],"potions_floor_usage":[12],"damage_taken":[{"damage":0.0,"enemies":"2 Louse","floor":1.0,"turns":1.0},{"damage":7.0,"enemies":"Jaw Worm","floor":4.0,"turns":3.0},{"damage":32.0,"enemies":"Gremlin Nob","floor":6.0,"turns":4.0},{"damage":25,"enemies":"Lagavulin","floor":8,"turns":6},{"damage":0,"enemies":"Cultist","floor":11,"turns":3},{"damage":1,"enemies":"Exordium Thugs","floor":12,"turns":3},{"damage":30,"enemies":"3 Sentries","floor":14,"turns":3}],"seed_played":"-3561834035863259450","potions_obtained":[{"floor":6.0,"key":"Explosive Potion"},{"floor":12,"key":"Ancient Potion"}],"is_trial":false,"path_per_floor":["M","$","?","M","?","E","R","E","T","R","M","M","T","E"],"character_chosen":"DEFECT","items_purchased":["Defragment"],"campfire_rested":2,"item_purchase_floors":[2],"current_hp_per_floor":[64,64,64,57,39,7,28,3,3,24,24,23,23,0],"gold":217,"neow_bonus":"RANDOM_COMMON_RELIC","is_prod":false,"is_daily":false,"chose_seed":false,"campfire_upgraded":0,"win_rate":0,"timestamp":1555991501,"path_taken":["M","$","?","M","?","E","R","E","T","R","M","M","?","E"],"build_version":"2019-04-21","purchased_purges":0,"victory":false,"max_hp_per_floor":[71,71,71,71,71,71,71,71,71,71,71,71,71,71],"card_choices":[{"not_picked":["Beam Cell","Go for the Eyes"],"picked":"Ball Lightning","floor":1.0},{"not_picked":["Hologram","Fusion"],"picked":"Static Discharge","floor":4.0},{"not_picked":["Gash","Lockon"],"picked":"Sweeping Beam","floor":6.0},{"not_picked":["Rebound+1","Gash+1","Meteor Strike+1"],"picked":"SKIP","floor":8},{"not_picked":["Storm","Rebound+1"],"picked":"Cold Snap+1","floor":10},{"not_picked":["Rebound+1","Lockon+1"],"picked":"Go for the Eyes+1","floor":11},{"not_picked":["Stack","Consume","Scrape+1"],"picked":"SKIP","floor":12}],"player_experience":2441596,"relics_obtained":[{"floor":6.0,"key":"Molten Egg 2"},{"floor":8,"key":"Dream Catcher"},{"floor":9,"key":"Tiny Chest"},{"floor":13,"key":"Anchor"}],"event_choices":[{"damage_healed":0.0,"max_hp_gain":0.0,"max_hp_loss":0.0,"gold_gain":0.0,"event_name":"Shining Light","player_choice":"Ignored","floor":3.0,"gold_loss":0.0,"damage_taken":0.0},{"damage_healed":0.0,"max_hp_gain":0.0,"max_hp_loss":0.0,"gold_gain":0.0,"event_name":"Scrap Ooze","player_choice":"Success","floor":5.0,"gold_loss":0.0,"damage_taken":18.0,"relics_obtained":["Letter Opener"]}],"is_beta":true,"boss_relics":[],"items_purged_floors":[],"is_endless":false,"potions_floor_spawned":[6,12],"killed_by":"3 Sentries","ascension_level":15}