{"gold_per_floor":[112,112,126,139,149,174,174,22,22,57,57,84,64,40,40,115,115,131,231,241,166,17,17,46,58,58,84,84,84,94,126,126,205,205,224,224,224,99,112,112,122,122,174,192,192,45,77,27,27,27,27,27,27,52,52],"floor_reached":55,"playtime":2025,"items_purged":["Strike_R","Strike_R","Rupture+1","Blood for Blood+1"],"score":1346,"play_id":"6bee9941-0d61-4d8b-b036-9f26090c8ba4","local_time":"20190317184032","is_ascension_mode":true,"campfire_choices":[{"data":"Armaments","floor":7.0,"key":"SMITH"},{"data":"Disarm","floor":15.0,"key":"SMITH"},{"data":"Fiend Fire","floor":23.0,"key":"SMITH"},{"floor":29,"key":"REST"},{"floor":32,"key":"REST"},{"floor":40,"key":"RECALL"},{"data":"Limit Break","floor":42,"key":"SMITH"},{"data":"Uppercut","floor":49,"key":"SMITH"},{"data":"Inflame","floor":52,"key":"SMITH"}],"neow_cost":"NONE","seed_source_timestamp":371098793319227,"circlet_count":0,"master_deck":["AscendersBane","Defend_R","Defend_R","Defend_R","Defend_R","Bash+1","Anger","Pommel Strike+1","Armaments+1","Inflame+1","Disarm+1","Spot Weakness","Clothesline","Fiend Fire+1","Whirlwind+1","True Grit+1","Shrug It Off","Flame Barrier","Limit Break+1","Dual Wield+1","Pommel Strike+1","Sword Boomerang","Reaper","Uppercut+1","Power Through+1"],"special_seed":0,"relics":["Burning Blood","Oddly Smooth Stone","Strawberry","Paper Frog","Bottled Tornado","Bronze Scales","Velvet Choker","FossilizedHelix","Question Card","Art of War","Shuriken","Nilry\u0027s Codex","Whetstone","Astrolabe","Smiling Mask","Red Skull","Bag of Preparation"],"potions_floor_usage":[33,50,54],"damage_taken":[{"damage":0.0,"enemies":"2 Louse","floor":1.0,"turns":2.0},{"damage":0.0,"enemies":"Cultist","floor":3.0,"turns":4.0},{"damage":8.0,"enemies":"Jaw Worm","floor":4.0,"turns":3.0},{"damage":7.0,"enemies":"Blue Slaver","floor":5.0,"turns":2.0},{"damage":18.0,"enemies":"Lagavulin","floor":6.0,"turns":7.0},{"damage":24.0,"enemies":"3 Sentries","floor":10.0,"turns":6.0},{"damage":18.0,"enemies":"Lagavulin","floor":12.0,"turns":6.0},{"damage":13.0,"enemies":"Hexaghost","floor":16.0,"turns":9.0},{"damage":12.0,"enemies":"Spheric Guardian","floor":18.0,"turns":4.0},{"damage":12.0,"enemies":"Colosseum Slavers","floor":19.0,"turns":4.0},{"damage":12.0,"enemies":"Colosseum Nobs","floor":19.0,"turns":6.0},{"damage":0.0,"enemies":"Chosen","floor":20.0,"turns":3.0},{"damage":14.0,"enemies":"Slavers","floor":24.0,"turns":3.0},{"damage":0.0,"enemies":"Snake Plant","floor":25.0,"turns":4.0},{"damage":10,"enemies":"Gremlin Leader","floor":27,"turns":6},{"damage":9,"enemies":"Centurion and Healer","floor":30,"turns":4},{"damage":13,"enemies":"Book of Stabbing","floor":31,"turns":3},{"damage":0,"enemies":"Automaton","floor":33,"turns":8},{"damage":21,"enemies":"3 Darklings","floor":35,"turns":5},{"damage":15,"enemies":"3 Shapes","floor":39,"turns":8},{"damage":4,"enemies":"Writhing Mass","floor":41,"turns":5},{"damage":0,"enemies":"Transient","floor":44,"turns":5},{"damage":10,"enemies":"Giant Head","floor":47,"turns":6},{"damage":76,"enemies":"Donu and Deca","floor":50,"turns":8},{"damage":49,"enemies":"Shield and Spear","floor":54,"turns":6},{"damage":38,"enemies":"The Heart","floor":55,"turns":5}],"seed_played":"-5781098483337361951","potions_obtained":[{"floor":1.0,"key":"Poison Potion"},{"floor":4.0,"key":"Energy Potion"},{"floor":5.0,"key":"Fire Potion"},{"floor":6.0,"key":"Block Potion"},{"floor":13.0,"key":"BloodPotion"},{"floor":19.0,"key":"Strength Potion"},{"floor":24.0,"key":"SteroidPotion"},{"floor":41,"key":"Block Potion"},{"floor":44,"key":"Swift Potion"},{"floor":47,"key":"SteroidPotion"}],"is_trial":false,"path_per_floor":["M","?","M","M","M","E","R","$","T","E","?","E","?","$","R","B",null,"M","?","M","?","$","R","E","M","T","E","?","R","M","E","R","B",null,"M","?","?","$","M","R","M","R","T","M","?","$","E","$","R","B",null,"R","$","E","B"],"character_chosen":"IRONCLAD","items_purchased":["Disarm","Clothesline","Shrug It Off","Reaper"],"campfire_rested":2,"item_purchase_floors":[8,14,22,46],"current_hp_per_floor":[74,74,75,73,72,67,67,67,67,49,54,42,42,42,42,35,74,68,56,62,62,62,62,54,60,60,56,35,61,58,51,77,83,86,71,71,71,71,62,62,64,64,64,70,70,70,66,66,66,66,79,79,79,36,0],"gold":52,"neow_bonus":"RANDOM_COMMON_RELIC","is_prod":false,"is_daily":false,"chose_seed":false,"campfire_upgraded":6,"win_rate":0,"timestamp":1552862432,"path_taken":["M","?","M","M","M","E","R","?","T","E","?","E","?","$","R","BOSS","M","?","M","?","$","R","E","M","T","E","?","R","M","E","R","BOSS","M","?","?","$","M","R","M","R","T","M","?","?","E","$","R","BOSS","R","$","E","BOSS"],"build_version":"2019-03-15","purchased_purges":4,"victory":false,"max_hp_per_floor":[75,75,75,75,75,82,82,82,82,82,87,87,87,87,87,87,87,87,87,87,87,87,87,87,87,87,87,87,87,87,87,87,87,87,87,83,83,83,83,83,83,83,83,83,83,83,83,83,83,83,83,83,83,83,83],"card_choices":[{"not_picked":["Flame Barrier","Combust"],"picked":"Anger","floor":1.0},{"not_picked":["Body Slam","Burning Pact"],"picked":"Combust","floor":3.0},{"not_picked":["Perfected Strike","Exhume"],"picked":"Pommel Strike","floor":4.0},{"not_picked":["Clash","Havoc"],"picked":"Armaments","floor":5.0},{"not_picked":["Bloodletting","Ghostly Armor"],"picked":"Inflame","floor":6.0},{"not_picked":["Corruption","True Grit"],"picked":"Spot Weakness","floor":10.0},{"not_picked":["Headbutt","Berserk","Clothesline"],"picked":"SKIP","floor":12.0},{"not_picked":["Berserk","Juggernaut"],"picked":"Fiend Fire","floor":16.0},{"not_picked":["Sever Soul","Clash","Searing Blow"],"picked":"SKIP","floor":18.0},{"not_picked":["Perfected Strike","Wild Strike"],"picked":"Whirlwind+1","floor":19.0},{"not_picked":["Clothesline","Searing Blow","Blood for Blood"],"picked":"True Grit+1","floor":20.0},{"not_picked":["Perfected Strike","Thunderclap","Dual Wield"],"picked":"Evolve","floor":24.0},{"not_picked":["Brutality","Clothesline","Body Slam","Seeing Red"],"picked":"SKIP","floor":25},{"not_picked":["True Grit","Evolve","Heavy Blade"],"picked":"Flame Barrier","floor":27},{"not_picked":["Armaments","Hemokinesis","True Grit","Thunderclap"],"picked":"SKIP","floor":30},{"not_picked":["Wild Strike","Rupture","Searing Blow+1","Bludgeon"],"picked":"SKIP","floor":31},{"not_picked":["Dark Embrace","Offering","Barricade"],"picked":"Limit Break","floor":33},{"not_picked":["Clothesline+1","Wild Strike","Headbutt"],"picked":"Pommel Strike+1","floor":35},{"not_picked":["Flex","Iron Wave","Thunderclap","Pummel"],"picked":"SKIP","floor":39},{"not_picked":["Wild Strike","Shrug It Off","Perfected Strike"],"picked":"Sword Boomerang","floor":41},{"not_picked":["Iron Wave","Twin Strike","Double Tap","Combust+1"],"picked":"SKIP","floor":44},{"not_picked":["Cleave","Feed","Twin Strike"],"picked":"Uppercut","floor":47},{"not_picked":["Flex","Searing Blow","Entrench+1"],"picked":"Power Through+1","floor":54}],"player_experience":2216308,"relics_obtained":[{"floor":6.0,"key":"Strawberry"},{"floor":9.0,"key":"Paper Frog"},{"floor":10.0,"key":"Bottled Tornado"},{"floor":12.0,"key":"Bronze Scales"},{"floor":19.0,"key":"FossilizedHelix"},{"floor":19.0,"key":"Question Card"},{"floor":24.0,"key":"Art of War"},{"floor":27,"key":"Shuriken"},{"floor":28,"key":"Nilry\u0027s Codex"},{"floor":31,"key":"Whetstone"},{"floor":43,"key":"Smiling Mask"},{"floor":47,"key":"Red Skull"},{"floor":54,"key":"Bag of Preparation"}],"event_choices":[{"damage_healed":0.0,"max_hp_gain":0.0,"max_hp_loss":0.0,"gold_gain":0.0,"event_name":"Upgrade Shrine","player_choice":"Upgraded","floor":2.0,"gold_loss":0.0,"damage_taken":0.0,"cards_upgraded":["Bash"]},{"damage_healed":0.0,"max_hp_gain":5.0,"max_hp_loss":0.0,"gold_gain":0.0,"event_name":"Big Fish","player_choice":"Donut","floor":11.0,"gold_loss":0.0,"damage_taken":0.0},{"damage_healed":0.0,"max_hp_gain":0.0,"max_hp_loss":0.0,"gold_gain":0.0,"event_name":"The Woman in Blue","player_choice":"Bought 1 Potion","floor":13.0,"gold_loss":0.0,"damage_taken":0.0},{"damage_healed":0.0,"max_hp_gain":0.0,"max_hp_loss":0.0,"gold_gain":0.0,"event_name":"Colosseum","player_choice":"Fight","floor":19.0,"gold_loss":0.0,"damage_taken":0.0},{"damage_healed":0.0,"max_hp_gain":0.0,"max_hp_loss":0.0,"gold_gain":0.0,"event_name":"Colosseum","player_choice":"Fought Nobs","floor":19.0,"gold_loss":0.0,"damage_taken":0.0},{"cards_removed":["Strike_R"],"damage_healed":0.0,"max_hp_gain":0.0,"max_hp_loss":0.0,"gold_gain":0.0,"event_name":"Beggar","player_choice":"Gave Gold","floor":21.0,"gold_loss":75.0,"damage_taken":0.0},{"damage_healed":0,"gold_gain":0,"player_choice":"Obtained Book","damage_taken":21,"max_hp_gain":0,"max_hp_loss":0,"event_name":"Cursed Tome","floor":28,"gold_loss":0},{"damage_healed":0,"gold_gain":0,"player_choice":"Max HP","damage_taken":0,"max_hp_gain":0,"max_hp_loss":4,"event_name":"Winding Halls","floor":36,"gold_loss":0},{"cards_removed":["Evolve"],"damage_healed":0,"gold_gain":0,"player_choice":"Removed Power","damage_taken":0,"max_hp_gain":0,"max_hp_loss":0,"event_name":"Falling","floor":37,"gold_loss":0},{"damage_healed":0,"gold_gain":0,"player_choice":"Ignored","damage_taken":0,"max_hp_gain":0,"max_hp_loss":0,"event_name":"Tomb of Lord Red Mask","floor":45,"gold_loss":0}],"is_beta":true,"boss_relics":[{"not_picked":["Coffee Dripper","Calling Bell"],"picked":"Velvet Choker"},{"not_picked":["Black Blood","Fusion Hammer"],"picked":"Astrolabe"}],"items_purged_floors":[8,22,38,48],"is_endless":false,"potions_floor_spawned":[1,4,5,6,19,19,20,24,25,41,44,47],"killed_by":"The Heart","ascension_level":15}