{"gold_per_floor":[115,115,134,59,5,5,18,49,101,130,130,148,47,59,59,59],"floor_reached":16,"playtime":363,"items_purged":["Strike_R"],"score":193,"play_id":"75ace858-21be-47be-b8ef-c4eb0510bf26","local_time":"20180803105432","is_ascension_mode":true,"campfire_choices":[{"data":"True Grit","floor":6.0,"key":"SMITH"},{"data":"Bash","floor":11,"key":"SMITH"},{"data":"Body Slam","floor":15,"key":"SMITH"}],"neow_cost":"","seed_source_timestamp":93100479631611,"circlet_count":0,"master_deck":["Strike_R","Strike_R","Defend_R","Defend_R","Defend_R","Defend_R","Bash+1","AscendersBane","True Grit+1","Shrug It Off","Body Slam+1","Shrug It Off","Clothesline","Shrug It Off","Clothesline","Pommel Strike"],"special_seed":0,"relics":["Burning Blood","Centennial Puzzle","Red Skull","Happy Flower"],"potions_floor_usage":[16,16],"damage_taken":[{"damage":7.0,"enemies":"Small Slimes","floor":1.0,"turns":4.0},{"damage":0.0,"enemies":"2 Louse","floor":3.0,"turns":3.0},{"damage":1.0,"enemies":"Cultist","floor":7.0,"turns":4.0},{"damage":46.0,"enemies":"Gremlin Nob","floor":8.0,"turns":5.0},{"damage":8,"enemies":"3 Sentries","floor":10,"turns":8},{"damage":2,"enemies":"Looter","floor":12,"turns":3},{"damage":0,"enemies":"Exordium Wildlife","floor":14,"turns":3},{"damage":51,"enemies":"Slime Boss","floor":16,"turns":9}],"seed_played":"-191919446936766367","potions_obtained":[{"floor":3.0,"key":"Strength Potion"},{"floor":8.0,"key":"BloodPotion"},{"floor":14,"key":"EssenceOfSteel"}],"is_trial":false,"path_per_floor":["M","?","M","?","$","R","M","E","T","E","R","M","$","M","R"],"character_chosen":"IRONCLAD","items_purchased":["Body Slam","Clothesline"],"campfire_rested":0,"item_purchase_floors":[5,13],"current_hp_per_floor":[67,67,73,73,73,73,75,35,35,33,33,37,37,43,43,0],"gold":59,"neow_bonus":"","is_prod":false,"is_daily":false,"chose_seed":false,"campfire_upgraded":3,"win_rate":0,"timestamp":1533318872,"path_taken":["M","?","?","?","$","R","M","E","T","E","R","M","$","M","R","BOSS"],"build_version":"2018-08-01","purchased_purges":1,"victory":false,"max_hp_per_floor":[75,75,75,75,75,75,75,75,75,75,75,75,75,75,75,75],"card_choices":[{"not_picked":["Headbutt","Cleave"],"picked":"True Grit","floor":1.0},{"not_picked":["Anger","True Grit"],"picked":"Shrug It Off","floor":3.0},{"not_picked":["Sword Boomerang","Body Slam"],"picked":"Shrug It Off","floor":7.0},{"not_picked":["Disarm","Iron Wave"],"picked":"Clothesline","floor":8.0},{"not_picked":["Heavy Blade","Hemokinesis","Wild Strike"],"picked":"SKIP","floor":10},{"not_picked":["Cleave","Heavy Blade"],"picked":"Shrug It Off","floor":12},{"not_picked":["Sword Boomerang","Burning Pact"],"picked":"Pommel Strike","floor":14}],"player_experience":834368,"relics_obtained":[{"floor":8.0,"key":"Centennial Puzzle"},{"floor":9.0,"key":"Red Skull"},{"floor":10,"key":"Happy Flower"}],"event_choices":[{"event_name":"Living Wall","player_choice":"Forget","floor":2.0,"damage_taken":0.0},{"event_name":"The Cleric","player_choice":"Card Removal","floor":4.0,"damage_taken":0.0}],"is_beta":true,"boss_relics":[],"items_purged_floors":[13],"is_endless":false,"potions_floor_spawned":[3,8,14],"killed_by":"Slime Boss","ascension_level":15}