{"gold_per_floor":[114,129,99,118,118,118,118,147,147,147,162,193,204,204,204,281,281,301,334,334,5,5,5,39,39,39,67,67,79,92,110,110,185,185,201,220,220,230,243,243,269,279,279,279,67,98,98,109,109,109,109,109,109,20,47,47],"floor_reached":56,"playtime":4087,"items_purged":[],"score":2010,"play_id":"e1962fcf-daf9-4074-94e5-a50313848e51","local_time":"20190415164911","is_ascension_mode":true,"campfire_choices":[{"data":"Defragment","floor":6.0,"key":"SMITH"},{"floor":10.0,"key":"REST"},{"data":"Loop","floor":15.0,"key":"SMITH"},{"floor":23.0,"key":"REST"},{"floor":28.0,"key":"REST"},{"floor":32,"key":"REST"},{"data":"Loop","floor":40,"key":"SMITH"},{"floor":44,"key":"REST"},{"floor":47,"key":"RECALL"},{"floor":49,"key":"REST"},{"floor":53,"key":"REST"}],"neow_cost":"TEN_PERCENT_HP_LOSS","seed_source_timestamp":93702585410284,"circlet_count":0,"master_deck":["AscendersBane","Defend_B+1","Defend_B+1","Defend_B+1","Defend_B+1","Zap","Dualcast","Defragment+1","White Noise","Gash","Streamline","Reinforced Body","Loop+1","Undo","Electrodynamics","White Noise","Coolheaded","Loop+1","Master of Strategy","Leap+1","Coolheaded","Creative AI","Force Field","Biased Cognition","Conserve Battery+1","Biased Cognition","Static Discharge+1","Master of Strategy","Creative AI","Coolheaded","Capacitor","Recycle+1"],"special_seed":0,"relics":["Cracked Core","Omamori","Orichalcum","Singing Bowl","Happy Flower","Mummified Hand","Empty Cage","Red Mask","Bottled Lightning","Thread and Needle","Dodecahedron","Sozu","Question Card","Shuriken","Dead Branch","Pocketwatch"],"potions_floor_usage":[33,42],"damage_taken":[{"damage":1.0,"enemies":"Cultist","floor":1.0,"turns":4.0},{"damage":1.0,"enemies":"2 Louse","floor":2.0,"turns":3.0},{"damage":7.0,"enemies":"Small Slimes","floor":4.0,"turns":3.0},{"damage":16.0,"enemies":"3 Sentries","floor":8.0,"turns":8.0},{"damage":10.0,"enemies":"Looter","floor":11.0,"turns":3.0},{"damage":20.0,"enemies":"Gremlin Nob","floor":12.0,"turns":4.0},{"damage":0.0,"enemies":"Exordium Thugs","floor":13.0,"turns":4.0},{"damage":32.0,"enemies":"Slime Boss","floor":16.0,"turns":9.0},{"damage":0.0,"enemies":"Spheric Guardian","floor":18.0,"turns":4.0},{"damage":47.0,"enemies":"Masked Bandits","floor":19.0,"turns":4.0},{"damage":0.0,"enemies":"Gremlin Leader","floor":24.0,"turns":5.0},{"damage":14.0,"enemies":"Book of Stabbing","floor":27.0,"turns":8.0},{"damage":4.0,"enemies":"Chosen","floor":29.0,"turns":6.0},{"damage":0.0,"enemies":"Centurion and Healer","floor":30.0,"turns":4.0},{"damage":19,"enemies":"Shelled Parasite and Fungi","floor":31,"turns":5},{"damage":4,"enemies":"Collector","floor":33,"turns":8},{"damage":0,"enemies":"Orb Walker","floor":35,"turns":3},{"damage":0,"enemies":"3 Darklings","floor":36,"turns":4},{"damage":18,"enemies":"Spire Growth","floor":38,"turns":6},{"damage":6,"enemies":"Jaw Worm Horde","floor":39,"turns":5},{"damage":13,"enemies":"Nemesis","floor":41,"turns":5},{"damage":3,"enemies":"Sphere and 2 Shapes","floor":42,"turns":5},{"damage":2,"enemies":"Giant Head","floor":46,"turns":11},{"damage":0,"enemies":"Spire Growth","floor":48,"turns":5},{"damage":31,"enemies":"Time Eater","floor":50,"turns":9},{"damage":0,"enemies":"Donu and Deca","floor":51,"turns":5},{"damage":15,"enemies":"Shield and Spear","floor":55,"turns":6},{"damage":61,"enemies":"The Heart","floor":56,"turns":3}],"seed_played":"2780164218158962291","potions_obtained":[{"floor":3.0,"key":"EssenceOfSteel"},{"floor":3.0,"key":"FairyPotion"},{"floor":8.0,"key":"Energy Potion"},{"floor":12.0,"key":"AttackPotion"},{"floor":16.0,"key":"Strength Potion"},{"floor":19.0,"key":"Energy Potion"},{"floor":27.0,"key":"Energy Potion"},{"floor":31,"key":"Strength Potion"},{"floor":33,"key":"Poison Potion"}],"is_trial":false,"path_per_floor":["M","M","?","M","?","R","?","E","T","R","M","E","M","T","R","B",null,"M","?","?","$","?","R","E","?","T","E","R","M","M","M","R","B",null,"M","M","?","M","M","R","E","M","T","R","$","E","R","M","R","B","B",null,"R","$","E","B"],"character_chosen":"DEFECT","items_purchased":["PowerPotion","Loop","Master of Strategy","Master of Strategy","Capacitor"],"campfire_rested":7,"item_purchase_floors":[21,21,21,45,54],"current_hp_per_floor":[63,62,62,55,55,55,44,28,28,47,37,19,21,21,21,6,53,53,6,6,6,6,26,26,26,26,12,32,28,28,11,32,28,60,62,64,64,46,40,40,29,26,26,48,48,46,46,46,68,37,37,66,76,76,61,0],"gold":47,"neow_bonus":"TRANSFORM_TWO_CARDS","is_prod":false,"is_daily":false,"chose_seed":false,"campfire_upgraded":3,"win_rate":0,"timestamp":1555372151,"path_taken":["M","?","?","?","?","R","?","E","T","R","M","E","M","?","R","BOSS","M","?","?","$","?","R","E","?","T","E","R","M","M","M","R","BOSS","M","M","?","M","M","R","E","M","T","R","$","E","R","M","R","BOSS","BOSS","R","$","E","BOSS"],"build_version":"2019-04-04","purchased_purges":0,"victory":false,"max_hp_per_floor":[64,64,64,64,64,64,64,64,64,64,64,66,68,68,68,68,68,68,68,68,68,68,68,68,68,68,68,68,68,68,70,70,70,70,72,74,74,74,74,74,76,76,76,76,76,76,76,76,76,76,76,76,76,76,76,76],"card_choices":[{"not_picked":["Barrage","Go for the Eyes"],"picked":"Gash","floor":1.0},{"not_picked":["Barrage","Turbo"],"picked":"Streamline","floor":2.0},{"not_picked":["Compile Driver","Barrage"],"picked":"Reinforced Body","floor":4.0},{"not_picked":["Beam Cell","Storm"],"picked":"Loop","floor":8.0},{"not_picked":["Melter","Stack"],"picked":"Undo","floor":11.0},{"not_picked":["Storm","Reprogram","Turbo"],"picked":"Singing Bowl","floor":12.0},{"not_picked":["Leap","Stack","Hologram"],"picked":"Singing Bowl","floor":13.0},{"not_picked":["Seek","Meteor Strike"],"picked":"Electrodynamics","floor":16.0},{"not_picked":["Streamline","Conserve Battery"],"picked":"White Noise","floor":18.0},{"not_picked":["Streamline","Melter+1"],"picked":"Coolheaded","floor":19.0},{"not_picked":["Steam Power","Stack"],"picked":"Leap+1","floor":24.0},{"not_picked":["Streamline","Barrage+1"],"picked":"Coolheaded","floor":27.0},{"not_picked":["Cold Snap","Rip and Tear+1"],"picked":"Creative AI","floor":29.0},{"not_picked":["Leap","Steam"],"picked":"Force Field","floor":30.0},{"not_picked":["Gash+1","Stack","Steam"],"picked":"Singing Bowl","floor":31},{"not_picked":["Multi-Cast","Machine Learning"],"picked":"Biased Cognition","floor":33},{"not_picked":["Skim","Compile Driver+1","Conserve Battery"],"picked":"Singing Bowl","floor":35},{"not_picked":["Steam","Streamline","Cold Snap"],"picked":"Singing Bowl","floor":36},{"not_picked":["Force Field","Gash","Barrage"],"picked":"Conserve Battery+1","floor":38},{"not_picked":["Fusion","Compile Driver","Steam Power+1"],"picked":"Biased Cognition","floor":39},{"not_picked":["Leap","Steam","Rebound","Chaos"],"picked":"Singing Bowl","floor":41},{"not_picked":["Conserve Battery+1","Leap+1","Sunder"],"picked":"Static Discharge+1","floor":42},{"not_picked":["Streamline","Stack","Steam+1"],"picked":"Creative AI","floor":46},{"not_picked":["Scrape","Redo","Hello World"],"picked":"Coolheaded","floor":48},{"not_picked":["Rip and Tear","Sunder","Beam Cell"],"picked":"Recycle+1","floor":55}],"player_experience":1468683,"relics_obtained":[{"floor":8.0,"key":"Orichalcum"},{"floor":9.0,"key":"Singing Bowl"},{"floor":12.0,"key":"Happy Flower"},{"floor":14.0,"key":"Mummified Hand"},{"floor":19.0,"key":"Red Mask"},{"floor":24.0,"key":"Bottled Lightning"},{"floor":26.0,"key":"Thread and Needle"},{"floor":27.0,"key":"Dodecahedron"},{"floor":37,"key":"Question Card"},{"floor":41,"key":"Shuriken"},{"floor":46,"key":"Dead Branch"},{"floor":55,"key":"Pocketwatch"}],"event_choices":[{"damage_healed":0.0,"max_hp_gain":0.0,"max_hp_loss":0.0,"gold_gain":0.0,"event_name":"The Woman in Blue","player_choice":"Bought 2 Potions","floor":3.0,"gold_loss":0.0,"damage_taken":0.0},{"damage_healed":0.0,"max_hp_gain":0.0,"max_hp_loss":0.0,"gold_gain":0.0,"event_name":"Liars Game","player_choice":"Ignored","floor":5.0,"gold_loss":0.0,"damage_taken":0.0},{"damage_healed":0.0,"max_hp_gain":0.0,"max_hp_loss":0.0,"gold_gain":0.0,"event_name":"Scrap Ooze","player_choice":"Success","floor":7.0,"gold_loss":0.0,"damage_taken":11.0,"relics_obtained":["Omamori"]},{"damage_healed":0.0,"max_hp_gain":0.0,"max_hp_loss":0.0,"gold_gain":0.0,"event_name":"Masked Bandits","player_choice":"Fought Bandits","floor":19.0,"gold_loss":0.0,"damage_taken":0.0},{"damage_healed":0.0,"max_hp_gain":0.0,"max_hp_loss":0.0,"gold_gain":0.0,"event_name":"Beggar","player_choice":"Ignored","floor":20.0,"gold_loss":0.0,"damage_taken":0.0},{"damage_healed":0.0,"max_hp_gain":0.0,"max_hp_loss":0.0,"gold_gain":0.0,"event_name":"Vampires","player_choice":"Ignored","floor":22.0,"gold_loss":0.0,"damage_taken":0.0},{"damage_healed":0.0,"max_hp_gain":0.0,"max_hp_loss":0.0,"gold_gain":0.0,"event_name":"Back to Basics","player_choice":"Simplicity","floor":25.0,"gold_loss":0.0,"damage_taken":0.0,"cards_upgraded":["Defend_B","Defend_B","Defend_B","Defend_B"]},{"damage_healed":0,"gold_gain":0,"player_choice":"Relic","damage_taken":0,"max_hp_gain":0,"max_hp_loss":0,"event_name":"Wheel of Change","floor":37,"gold_loss":0}],"is_beta":true,"boss_relics":[{"not_picked":["Philosopher\u0027s Stone","Fusion Hammer"],"picked":"Empty Cage"},{"not_picked":["Eternal Feather","White Beast Statue"],"picked":"Sozu"}],"items_purged_floors":[],"is_endless":false,"potions_floor_spawned":[8,12,16,19,27,31,33,36,38,41,48,55],"killed_by":"The Heart","ascension_level":20}