{"gold_per_floor":[112,128,147,72,72,72,88,88,114,39,71,71,71,86,86,86],"floor_reached":16,"playtime":578,"items_purged":["Strike_R"],"score":200,"play_id":"e17b8d46-99da-4c6e-a0b8-0fe1329e291e","local_time":"20190319020456","is_ascension_mode":true,"campfire_choices":[{"data":"Uppercut","floor":6,"key":"SMITH"},{"data":"Inflame","floor":8,"key":"SMITH"},{"data":"Bash","floor":13,"key":"SMITH"},{"data":"Disarm","floor":15,"key":"SMITH"}],"neow_cost":"NONE","seed_source_timestamp":174590691301348,"circlet_count":0,"master_deck":["AscendersBane","Strike_R","Strike_R","Strike_R","Defend_R","Defend_R","Defend_R","Defend_R","Bash+1","Uppercut+1","Evolve","Inflame+1","Spot Weakness","Disarm+1"],"relics":["Burning Blood","Blood Vial","Potion Belt","Anchor"],"potions_floor_usage":[7,16],"damage_taken":[{"damage":4,"enemies":"Small Slimes","floor":1,"turns":5},{"damage":2,"enemies":"2 Louse","floor":2,"turns":2},{"damage":16,"enemies":"Jaw Worm","floor":3,"turns":5},{"damage":14,"enemies":"Red Slaver","floor":7,"turns":2},{"damage":37,"enemies":"3 Sentries","floor":11,"turns":10},{"damage":14,"enemies":"2 Fungi Beasts","floor":14,"turns":5},{"damage":14,"enemies":"Hexaghost","floor":16,"turns":9}],"seed_played":"-1586232701568067591","potions_obtained":[{"floor":2,"key":"SpeedPotion"},{"floor":3,"key":"Strength Potion"},{"floor":14,"key":"Explosive Potion"}],"is_trial":false,"path_per_floor":["M","M","M","$","?","R","M","R","T","?","E","?","R","M","R","B"],"character_chosen":"IRONCLAD","items_purchased":[],"campfire_rested":0,"item_purchase_floors":[],"current_hp_per_floor":[77,81,71,71,53,53,47,47,47,47,18,18,18,12,12,0],"gold":86,"neow_bonus":"TEN_PERCENT_HP_BONUS","is_prod":false,"is_daily":false,"chose_seed":false,"campfire_upgraded":4,"win_rate":0,"timestamp":1552975496,"path_taken":["M","M","M","$","?","R","M","R","T","?","E","?","R","M","R","BOSS"],"build_version":"2019-01-23","purchased_purges":1,"victory":false,"max_hp_per_floor":[82,82,82,82,82,82,82,82,82,82,82,82,82,82,82,82],"card_choices":[{"not_picked":["Twin Strike","Cleave"],"picked":"Uppercut","floor":1},{"not_picked":["Sever Soul","Anger"],"picked":"Evolve","floor":2},{"not_picked":["Armaments","Infernal Blade"],"picked":"Inflame","floor":3},{"not_picked":["Clash","Warcry","Thunderclap"],"picked":"SKIP","floor":7},{"not_picked":["Pummel","Pommel Strike"],"picked":"Spot Weakness","floor":11},{"not_picked":["Shockwave","Sword Boomerang"],"picked":"Disarm","floor":14}],"player_experience":1247828,"relics_obtained":[{"floor":9,"key":"Potion Belt"},{"floor":11,"key":"Anchor"}],"event_choices":[{"damage_healed":0,"gold_gain":0,"player_choice":"Success","damage_taken":18,"relics_obtained":["Blood Vial"],"max_hp_gain":0,"max_hp_loss":0,"event_name":"Scrap Ooze","floor":5,"gold_loss":0},{"cards_removed":["Strike_R"],"damage_healed":0,"gold_gain":0,"player_choice":"Card Removal","damage_taken":0,"max_hp_gain":0,"max_hp_loss":0,"event_name":"The Cleric","floor":10,"gold_loss":75},{"damage_healed":0,"gold_gain":0,"player_choice":"Ignored","damage_taken":0,"max_hp_gain":0,"max_hp_loss":0,"event_name":"Liars Game","floor":12,"gold_loss":0}],"is_beta":false,"boss_relics":[],"items_purged_floors":[4],"is_endless":false,"potions_floor_spawned":[2,3,14],"killed_by":"Hexaghost","ascension_level":20}