{"gold_per_floor":[115,115,1,101,119,119,151,151,175,24,24,49,49,64,64,159,159,179,279,295,295,312,340,359,394,419,419,433,452,24,55,55,156,156,170,170,18,36,60,94,6,16,16,116,141,101,113,126,126,126,126,126,0,26,26],"floor_reached":56,"playtime":3510,"items_purged":["Pain"],"score":1473,"play_id":"31f7fd91-2f10-498d-ba78-367db07d768c","local_time":"20190331041004","is_ascension_mode":false,"campfire_choices":[{"data":"Bash","floor":6,"key":"SMITH"},{"data":"Clothesline","floor":8,"key":"SMITH"},{"data":"Shrug It Off","floor":11,"key":"SMITH"},{"data":"Seeing Red","floor":13,"key":"SMITH"},{"data":"Barricade","floor":15,"key":"SMITH"},{"data":"True Grit","floor":27,"key":"SMITH"},{"floor":32,"key":"RECALL"},{"data":"Body Slam","floor":49,"key":"SMITH"},{"data":"Juggernaut","floor":52,"key":"SMITH"}],"neow_cost":"NONE","seed_source_timestamp":1216054663041577,"circlet_count":0,"master_deck":["Strike_R+1","Strike_R+1","Defend_R","Defend_R","Defend_R","Defend_R","Bash+1","Clothesline+1","Corruption","Shrug It Off+1","Seeing Red+1","Barricade+1","Shrug It Off","Impervious","Entrench+1","Sentinel","Cleave+1","Warcry+1","Metallicize+1","Feel No Pain+1","True Grit+1","Uppercut+1","Pommel Strike+1","Spot Weakness+1","Rampage+1","Reckless Charge","Feel No Pain","Offering","Reckless Charge","Offering","Dark Embrace","Immolate+1","Whirlwind+1","Carnage+1","Havoc","Juggernaut+1","Inflame","Rage","Body Slam+1","Shrug It Off+1","Shrug It Off","Evolve+1","Infernal Blade+1","Corruption+1","Havoc+1","Armaments+1","Offering","Heavy Blade+1","Fire Breathing+1"],"relics":["Burning Blood","WarpedTongs","Red Skull","Vajra","Lantern","Whetstone","Philosopher\u0027s Stone","Prayer Wheel","Meat on the Bone","Strawberry","Sundial","Regal Pillow","Membership Card","Pen Nib","Mercury Hourglass","Astrolabe","Bronze Scales","Boot","Incense Burner","Omamori","Paper Frog","Bird Faced Urn","Pear","Mummified Hand","Bag of Preparation"],"potions_floor_usage":[7,16,19,22,24,25,31,33,42,42,54,55],"damage_taken":[{"damage":5,"enemies":"Jaw Worm","floor":1,"turns":6},{"damage":0,"enemies":"Cultist","floor":5,"turns":3},{"damage":19,"enemies":"3 Sentries","floor":7,"turns":8},{"damage":13,"enemies":"Lagavulin","floor":12,"turns":8},{"damage":1,"enemies":"Small Slimes","floor":14,"turns":2},{"damage":7,"enemies":"The Guardian","floor":16,"turns":11},{"damage":6,"enemies":"Shell Parasite","floor":18,"turns":4},{"damage":1,"enemies":"Colosseum Slavers","floor":19,"turns":5},{"damage":8,"enemies":"Colosseum Nobs","floor":19,"turns":6},{"damage":30,"enemies":"3 Byrds","floor":20,"turns":6},{"damage":0,"enemies":"Shelled Parasite and Fungi","floor":22,"turns":3},{"damage":10,"enemies":"Gremlin Leader","floor":23,"turns":9},{"damage":22,"enemies":"Snake Plant","floor":24,"turns":6},{"damage":17,"enemies":"Slavers","floor":25,"turns":6},{"damage":12,"enemies":"Chosen and Byrds","floor":28,"turns":9},{"damage":9,"enemies":"3 Cultists","floor":29,"turns":5},{"damage":6,"enemies":"Gremlin Leader","floor":31,"turns":9},{"damage":48,"enemies":"Automaton","floor":33,"turns":6},{"damage":0,"enemies":"3 Darklings","floor":35,"turns":1},{"damage":6,"enemies":"3 Shapes","floor":38,"turns":2},{"damage":44,"enemies":"Reptomancer","floor":40,"turns":4},{"damage":12,"enemies":"Jaw Worm Horde","floor":42,"turns":2},{"damage":26,"enemies":"Mind Bloom Boss Battle","floor":44,"turns":4},{"damage":9,"enemies":"Nemesis","floor":45,"turns":5},{"damage":1,"enemies":"Sphere and 2 Shapes","floor":47,"turns":4},{"damage":16,"enemies":"Transient","floor":48,"turns":5},{"damage":29,"enemies":"Donu and Deca","floor":50,"turns":3},{"damage":6,"enemies":"Shield and Spear","floor":54,"turns":3},{"damage":24,"enemies":"The Heart","floor":55,"turns":5}],"seed_played":"7948386689008133095","potions_obtained":[{"floor":0,"key":"Strength Potion"},{"floor":0,"key":"GamblersBrew"},{"floor":0,"key":"GamblersBrew"},{"floor":5,"key":"LiquidBronze"},{"floor":12,"key":"FairyPotion"},{"floor":16,"key":"Energy Potion"},{"floor":19,"key":"Dexterity Potion"},{"floor":20,"key":"SteroidPotion"},{"floor":25,"key":"Explosive Potion"},{"floor":31,"key":"SteroidPotion"},{"floor":33,"key":"FearPotion"},{"floor":40,"key":"EssenceOfSteel"},{"floor":42,"key":"Dexterity Potion"},{"floor":45,"key":"AttackPotion"}],"is_trial":false,"path_per_floor":["M","?","$","?","M","R","E","R","T","$","R","E","R","M","R","B",null,"M","?","M","T","M","E","M","E","T","R","M","M","$","E","R","B",null,"M","?","$","M","T","E","$","M","T","?","E","?","M","M","R","B",null,"R","$","E","B",null],"character_chosen":"IRONCLAD","items_purchased":["Corruption","Lantern","Membership Card","Pen Nib","Feel No Pain","Offering","Reckless Charge","PowerPotion","Bronze Scales","Inflame","Rage","Omamori","Shrug It Off","Mummified Hand"],"campfire_rested":0,"item_purchase_floors":[3,10,30,30,30,30,30,30,37,37,37,41,41,53],"current_hp_per_floor":[80,80,80,80,80,80,67,67,67,67,67,60,60,65,65,64,80,80,78,54,54,60,63,59,60,60,60,54,51,51,51,51,21,87,87,87,87,87,87,61,61,55,55,47,72,72,85,91,91,86,97,97,97,97,97],"gold":26,"neow_bonus":"THREE_SMALL_POTIONS","is_prod":false,"is_daily":false,"chose_seed":false,"campfire_upgraded":8,"win_rate":0,"timestamp":1554019804,"path_taken":["M","?","?","?","M","R","E","R","T","$","R","E","R","?","R","BOSS","M","?","M","?","M","E","M","E","T","R","M","M","$","E","R","BOSS","M","?","$","?","?","E","?","?","T","?","E","?","M","?","R","BOSS","R","$","E","BOSS"],"build_version":"2019-01-23","purchased_purges":1,"victory":true,"max_hp_per_floor":[80,80,80,80,80,80,80,80,80,80,80,80,80,80,80,80,80,80,80,80,80,80,87,87,87,87,87,87,87,87,87,87,87,87,87,87,87,87,87,87,87,87,87,87,97,97,97,97,97,97,97,97,97,97,97],"card_choices":[{"not_picked":["Warcry","Wild Strike"],"picked":"Clothesline","floor":1},{"not_picked":["Flex","Thunderclap"],"picked":"Shrug It Off","floor":5},{"not_picked":["Clash","Pummel"],"picked":"Seeing Red","floor":7},{"not_picked":["Body Slam","Sentinel"],"picked":"Barricade","floor":12},{"not_picked":["Clash","Ghostly Armor"],"picked":"Shrug It Off","floor":14},{"not_picked":["Bludgeon","Berserk"],"picked":"Impervious","floor":16},{"not_picked":["Flex+1","Pommel Strike"],"picked":"Entrench","floor":18},{"not_picked":["Clothesline","Iron Wave+1"],"picked":"Sentinel","floor":20},{"not_picked":["Armaments","Shrug It Off"],"picked":"Cleave+1","floor":20},{"not_picked":["Clash","Thunderclap"],"picked":"Warcry+1","floor":22},{"not_picked":["Thunderclap","Bludgeon"],"picked":"Metallicize+1","floor":22},{"not_picked":["Heavy Blade+1","Whirlwind"],"picked":"Feel No Pain+1","floor":23},{"not_picked":["Headbutt","Wild Strike"],"picked":"True Grit","floor":24},{"not_picked":["Body Slam","Sword Boomerang"],"picked":"Uppercut+1","floor":24},{"not_picked":["Double Tap","Headbutt"],"picked":"Pommel Strike+1","floor":25},{"not_picked":["Entrench","Twin Strike"],"picked":"Spot Weakness+1","floor":28},{"not_picked":["Thunderclap","Entrench","Clash+1"],"picked":"SKIP","floor":28},{"not_picked":["Corruption","Second Wind"],"picked":"Rampage+1","floor":29},{"not_picked":["Reckless Charge","Clash","Perfected Strike"],"picked":"SKIP","floor":29},{"not_picked":["Clash","Perfected Strike"],"picked":"Reckless Charge","floor":29},{"not_picked":["True Grit","Flex+1"],"picked":"Offering","floor":31},{"not_picked":["Exhume","Limit Break"],"picked":"Dark Embrace","floor":33},{"not_picked":["Power Through+1","Reckless Charge"],"picked":"Havoc","floor":35},{"not_picked":["Perfected Strike","Thunderclap","Flex"],"picked":"SKIP","floor":35},{"not_picked":["Sword Boomerang","Inflame"],"picked":"Body Slam","floor":38},{"not_picked":["Clash+1","Blood for Blood","Anger+1"],"picked":"SKIP","floor":38},{"not_picked":["Reckless Charge+1","Twin Strike+1"],"picked":"Shrug It Off+1","floor":40},{"not_picked":["Clothesline","Clash"],"picked":"Evolve","floor":42},{"not_picked":["Iron Wave+1","Bludgeon","Searing Blow+1"],"picked":"SKIP","floor":42},{"not_picked":["Thunderclap","Perfected Strike+1"],"picked":"Infernal Blade+1","floor":44},{"not_picked":["Twin Strike","Body Slam+1"],"picked":"Corruption+1","floor":45},{"not_picked":["Body Slam","True Grit"],"picked":"Havoc+1","floor":47},{"not_picked":["Anger","True Grit"],"picked":"Armaments+1","floor":47},{"not_picked":["Carnage+1","Searing Blow"],"picked":"Offering","floor":48},{"not_picked":["Twin Strike","Havoc"],"picked":"Heavy Blade+1","floor":48},{"not_picked":["Thunderclap+1","Clothesline"],"picked":"Fire Breathing+1","floor":54}],"player_experience":1503127,"relics_obtained":[{"floor":7,"key":"Red Skull"},{"floor":9,"key":"Vajra"},{"floor":12,"key":"Whetstone"},{"floor":19,"key":"Prayer Wheel"},{"floor":19,"key":"Meat on the Bone"},{"floor":23,"key":"Strawberry"},{"floor":25,"key":"Sundial"},{"floor":26,"key":"Regal Pillow"},{"floor":31,"key":"Mercury Hourglass"},{"floor":39,"key":"Boot"},{"floor":40,"key":"Incense Burner"},{"floor":43,"key":"Paper Frog"},{"floor":44,"key":"Bird Faced Urn"},{"floor":45,"key":"Pear"},{"floor":54,"key":"Bag of Preparation"}],"event_choices":[{"damage_healed":0,"gold_gain":0,"player_choice":"Rummage","damage_taken":0,"relics_obtained":["WarpedTongs"],"max_hp_gain":0,"max_hp_loss":0,"event_name":"Accursed Blacksmith","floor":2,"gold_loss":0,"cards_obtained":["Pain"]},{"damage_healed":0,"gold_gain":100,"player_choice":"Pray","damage_taken":0,"max_hp_gain":0,"max_hp_loss":0,"event_name":"Golden Shrine","floor":4,"gold_loss":0},{"damage_healed":0,"gold_gain":0,"player_choice":"Fight","damage_taken":0,"max_hp_gain":0,"max_hp_loss":0,"event_name":"Colosseum","floor":19,"gold_loss":0},{"damage_healed":0,"gold_gain":0,"player_choice":"Fought Nobs","damage_taken":0,"max_hp_gain":0,"max_hp_loss":0,"event_name":"Colosseum","floor":19,"gold_loss":0},{"damage_healed":0,"gold_gain":0,"player_choice":"1 cards matched","damage_taken":0,"max_hp_gain":0,"max_hp_loss":0,"event_name":"Match and Keep!","floor":36,"gold_loss":0,"cards_obtained":["Juggernaut"]},{"damage_healed":0,"gold_gain":0,"player_choice":"Fight","damage_taken":0,"max_hp_gain":0,"max_hp_loss":0,"event_name":"MindBloom","floor":44,"gold_loss":0},{"damage_healed":0,"gold_gain":0,"player_choice":"Upgraded Two","damage_taken":0,"max_hp_gain":0,"max_hp_loss":0,"event_name":"Designer","floor":46,"gold_loss":40,"cards_upgraded":["Entrench","Evolve"]}],"is_beta":false,"boss_relics":[{"not_picked":["Snecko Eye","Eternal Feather"],"picked":"Philosopher\u0027s Stone"},{"not_picked":["Tiny House","Mark of Pain"],"picked":"Astrolabe"}],"items_purged_floors":[3],"is_endless":false,"potions_floor_spawned":[5,12,16,19,19,20,25,31,33,40,42,45],"ascension_level":0}