{"gold_per_floor":[118,193,209,209,224,251,262,293,293,307,323,343,343,362,362,459,459,478,478,478,488,261,261,271,271,271,288,288,288,288,108,108,108],"floor_reached":33,"playtime":917,"items_purged":["Strike_R+1","Clash"],"score":259,"play_id":"2dfeb6d5-01ca-4eef-b045-2de795ad079a","local_time":"20181212002738","is_ascension_mode":false,"campfire_choices":[{"data":"Searing Blow","floor":13,"key":"SMITH"},{"data":"Searing Blow+1","floor":15,"key":"SMITH"},{"data":"Searing Blow+2","floor":23,"key":"SMITH"},{"data":"Searing Blow+3","floor":25,"key":"SMITH"},{"data":"Feel No Pain","floor":28,"key":"SMITH"},{"data":"Feel No Pain","floor":30,"key":"SMITH"},{"data":"Feel No Pain","floor":32,"key":"SMITH"}],"neow_cost":"NONE","seed_source_timestamp":19812820020180,"circlet_count":0,"master_deck":["Strike_R+1","Strike_R+1","Strike_R+1","Strike_R+1","Defend_R+1","Defend_R+1","Defend_R+1","Defend_R+1","Bash","Impervious","Pommel Strike","Power Through","Searing Blow+4","Pommel Strike","Warcry","Flex+1","Rage+1","Clothesline","Intimidate+1","Offering+1","Shrug It Off+1","Armaments+1","Disarm+1","True Grit+1","Feel No Pain+1","Shrug It Off+1","Armaments+1","Feel No Pain+1","Feel No Pain+1","True Grit+1"],"relics":["Burning Blood","Self Forming Clay","Omamori","Toxic Egg 2","Philosopher\u0027s Stone","Vajra"],"potions_floor_usage":[6,16,16,33,33],"damage_taken":[{"damage":11,"enemies":"Jaw Worm","floor":1,"turns":2},{"damage":6,"enemies":"2 Louse","floor":3,"turns":3},{"damage":6,"enemies":"Cultist","floor":5,"turns":3},{"damage":20,"enemies":"Gremlin Nob","floor":6,"turns":4},{"damage":15,"enemies":"Exordium Wildlife","floor":7,"turns":5},{"damage":32,"enemies":"3 Sentries","floor":8,"turns":8},{"damage":9,"enemies":"2 Fungi Beasts","floor":10,"turns":3},{"damage":0,"enemies":"3 Louse","floor":11,"turns":2},{"damage":5,"enemies":"Exordium Wildlife","floor":12,"turns":5},{"damage":7,"enemies":"Blue Slaver","floor":14,"turns":3},{"damage":54,"enemies":"The Guardian","floor":16,"turns":13},{"damage":7,"enemies":"Spheric Guardian","floor":18,"turns":4},{"damage":6,"enemies":"Chosen","floor":21,"turns":3},{"damage":13,"enemies":"Centurion and Healer","floor":24,"turns":7},{"damage":0,"enemies":"Snecko","floor":27,"turns":4},{"damage":90,"enemies":"Automaton","floor":33,"turns":12}],"seed_played":"-1720803589234009573","potions_obtained":[{"floor":3,"key":"Fire Potion"},{"floor":7,"key":"Regen Potion"},{"floor":10,"key":"Regen Potion"},{"floor":11,"key":"PowerPotion"},{"floor":16,"key":"BloodPotion"},{"floor":21,"key":"Ancient Potion"}],"is_trial":false,"path_per_floor":["M","?","M","?","M","E","M","E","T","M","M","M","R","M","R","B",null,"M","?","?","M","$","R","M","R","T","M","R","?","R","$","R","B"],"character_chosen":"IRONCLAD","items_purchased":["True Grit+1","Feel No Pain","Shrug It Off+1","Feel No Pain","True Grit+1"],"campfire_rested":0,"item_purchase_floors":[22,22,22,31,31],"current_hp_per_floor":[75,64,64,80,80,66,57,31,31,28,34,35,35,34,34,31,80,79,79,79,79,79,79,72,72,72,78,78,63,63,63,63,0],"gold":108,"neow_bonus":"ONE_RANDOM_RARE_CARD","is_prod":false,"is_daily":false,"chose_seed":false,"campfire_upgraded":7,"win_rate":0,"timestamp":1544599658,"path_taken":["M","?","M","?","?","E","M","E","T","M","M","M","R","M","R","BOSS","M","?","?","M","$","R","M","R","T","M","R","?","R","$","R","BOSS"],"build_version":"2018-12-11","purchased_purges":2,"victory":false,"max_hp_per_floor":[80,80,80,80,80,80,80,80,80,80,80,80,80,80,80,80,80,80,80,80,80,80,80,80,80,80,80,80,85,85,85,85,85],"card_choices":[{"not_picked":["Thunderclap","True Grit"],"picked":"Pommel Strike","floor":1},{"not_picked":["Warcry","Wild Strike"],"picked":"Power Through","floor":3},{"not_picked":["Flame Barrier","Combust"],"picked":"Searing Blow","floor":5},{"not_picked":["Infernal Blade","Thunderclap"],"picked":"Clash","floor":6},{"not_picked":["Battle Trance","Warcry"],"picked":"Pommel Strike","floor":7},{"not_picked":["Rupture","Carnage"],"picked":"Warcry","floor":8},{"not_picked":["Body Slam","Heavy Blade"],"picked":"Flex+1","floor":10},{"not_picked":["Heavy Blade","Searing Blow"],"picked":"Rage+1","floor":11},{"not_picked":["Twin Strike","Double Tap+1"],"picked":"Clothesline","floor":12},{"not_picked":["Clash","Sword Boomerang"],"picked":"Intimidate+1","floor":14},{"not_picked":["Reaper","Immolate"],"picked":"Offering+1","floor":16},{"not_picked":["Disarm+1","Wild Strike+1"],"picked":"Shrug It Off+1","floor":18},{"not_picked":["Body Slam","Havoc+1"],"picked":"Disarm+1","floor":21},{"not_picked":["Infernal Blade+1","Limit Break+1"],"picked":"Armaments+1","floor":24},{"not_picked":["Searing Blow+1","Perfected Strike"],"picked":"Feel No Pain","floor":27}],"player_experience":987594,"relics_obtained":[{"floor":6,"key":"Self Forming Clay"},{"floor":8,"key":"Omamori"},{"floor":9,"key":"Toxic Egg 2"},{"floor":26,"key":"Vajra"}],"event_choices":[{"damage_healed":0,"gold_gain":75,"player_choice":"Gather Gold","damage_taken":11,"max_hp_gain":0,"max_hp_loss":0,"event_name":"World of Goop","floor":2,"gold_loss":0},{"damage_healed":16,"gold_gain":0,"player_choice":"Full Heal","damage_taken":0,"max_hp_gain":0,"max_hp_loss":0,"event_name":"Wheel of Change","floor":4,"gold_loss":0},{"damage_healed":0,"gold_gain":0,"player_choice":"Read","damage_taken":0,"max_hp_gain":0,"max_hp_loss":0,"event_name":"The Library","floor":19,"gold_loss":0,"cards_obtained":["Armaments"]},{"damage_healed":0,"gold_gain":0,"player_choice":"Simplicity","damage_taken":0,"max_hp_gain":0,"max_hp_loss":0,"event_name":"Back to Basics","floor":20,"gold_loss":0,"cards_upgraded":["Strike_R","Strike_R","Strike_R","Strike_R","Strike_R","Defend_R","Defend_R","Defend_R","Defend_R"]},{"damage_healed":0,"gold_gain":0,"player_choice":"Shed Blood","damage_taken":20,"max_hp_gain":5,"max_hp_loss":0,"event_name":"Forgotten Altar","floor":29,"gold_loss":0}],"is_beta":true,"boss_relics":[{"not_picked":["Runic Pyramid","Calling Bell"],"picked":"Philosopher\u0027s Stone"}],"items_purged_floors":[22,31],"is_endless":false,"potions_floor_spawned":[3,7,10,11,12,16,21,27],"killed_by":"Automaton","ascension_level":0}