{"gold_per_floor":[14,31,49,49,59,59,86,86,163,190,209,243,260,260,260,339,339,350,360,385,51,51,51,78,78,78,110,110,127,154,154,154,228,228,239,461,461,473,473,507,524,550,550,550,562,576,602,602,602,602,602,602,602,84,116,116],"floor_reached":57,"playtime":4522,"items_purged":["Strike_R"],"score":3161,"play_id":"0c83219c-029d-4fbd-a1f1-e6e3744c692e","local_time":"20190506163213","is_ascension_mode":true,"campfire_choices":[{"data":"Immolate","floor":6,"key":"SMITH"},{"data":"Metallicize","floor":8,"key":"SMITH"},{"data":"True Grit","floor":15,"key":"SMITH"},{"data":"Battle Trance","floor":23,"key":"SMITH"},{"data":"Burning Pact","floor":28,"key":"SMITH"},{"data":"Barricade","floor":32,"key":"SMITH"},{"floor":44,"key":"RECALL"},{"data":"Demon Form","floor":49,"key":"SMITH"},{"data":"Offering","floor":53,"key":"SMITH"}],"neow_cost":"NO_GOLD","seed_source_timestamp":539866988289181,"circlet_count":0,"master_deck":["AscendersBane","Bash","Immolate+1","Battle Trance+1","Shrug It Off","Thunderclap","Metallicize+1","Burning Pact+1","Barricade+1","True Grit+1","Pain","Offering+1","Headbutt","Shockwave","Master of Strategy","Necronomicurse","Exhume","Writhe","Impervious","Limit Break","Shrug It Off","Iron Wave","Reaper","Fiend Fire","Spot Weakness","Thunderclap","Demon Form+1","Immolate","Disarm+1","Writhe","Exhume","Flash of Steel","Finesse","Sword Boomerang+1","Shrug It Off","Heavy Blade+1","Corruption","Brutality","Uppercut+1","Evolve"],"relics":["Burning Blood","Gambling Chip","Self Forming Clay","Blood Vial","Bronze Scales","WarpedTongs","Sozu","Red Mask","Necronomicon","Darkstone Periapt","Dream Catcher","Oddly Smooth Stone","Dodecahedron","Ornamental Fan","Pandora\u0027s Box","Molten Egg 2","Omamori","Singing Bowl","Pen Nib","Blue Candle","Lantern"],"potions_floor_usage":[7,56,56],"damage_taken":[{"damage":0,"enemies":"Cultist","floor":1,"turns":2},{"damage":7,"enemies":"Jaw Worm","floor":2,"turns":3},{"damage":0,"enemies":"Small Slimes","floor":3,"turns":3},{"damage":0,"enemies":"Gremlin Gang","floor":5,"turns":1},{"damage":17,"enemies":"Lagavulin","floor":7,"turns":5},{"damage":9,"enemies":"3 Sentries","floor":10,"turns":4},{"damage":0,"enemies":"Blue Slaver","floor":11,"turns":3},{"damage":16,"enemies":"Lagavulin","floor":12,"turns":6},{"damage":1,"enemies":"2 Fungi Beasts","floor":13,"turns":2},{"damage":35,"enemies":"The Guardian","floor":16,"turns":12},{"damage":11,"enemies":"2 Thieves","floor":18,"turns":2},{"damage":1,"enemies":"3 Byrds","floor":19,"turns":3},{"damage":7,"enemies":"Masked Bandits","floor":20,"turns":2},{"damage":3,"enemies":"Gremlin Leader","floor":24,"turns":2},{"damage":19,"enemies":"Book of Stabbing","floor":27,"turns":3},{"damage":6,"enemies":"Centurion and Healer","floor":29,"turns":1},{"damage":14,"enemies":"Slavers","floor":30,"turns":2},{"damage":12,"enemies":"Collector","floor":33,"turns":7},{"damage":0,"enemies":"3 Darklings","floor":35,"turns":1},{"damage":6,"enemies":"Orb Walker","floor":38,"turns":2},{"damage":13,"enemies":"Reptomancer","floor":40,"turns":3},{"damage":20,"enemies":"3 Darklings","floor":41,"turns":5},{"damage":31,"enemies":"Giant Head","floor":42,"turns":6},{"damage":20,"enemies":"Maw","floor":45,"turns":7},{"damage":0,"enemies":"Sphere and 2 Shapes","floor":46,"turns":1},{"damage":15,"enemies":"Nemesis","floor":47,"turns":5},{"damage":36,"enemies":"Awakened One","floor":50,"turns":10},{"damage":27,"enemies":"Time Eater","floor":51,"turns":16},{"damage":60,"enemies":"Shield and Spear","floor":55,"turns":7},{"damage":119,"enemies":"The Heart","floor":56,"turns":7}],"seed_played":"-8697692447470217553","potions_obtained":[{"floor":1,"key":"Strength Potion"},{"floor":5,"key":"Energy Potion"},{"floor":11,"key":"Block Potion"}],"is_trial":false,"path_per_floor":["M","M","M","?","M","R","E","R","T","E","M","E","M","?","R","B",null,"M","M","?","$","?","R","E","?","T","E","R","M","E","T","R","B",null,"M","?","?","M","?","E","M","E","T","R","M","M","E","?","R","B","B",null,"R","$","E","B",null],"character_chosen":"IRONCLAD","items_purchased":["Shockwave","Master of Strategy","Blue Candle","Brutality","Uppercut+1"],"campfire_rested":0,"item_purchase_floors":[21,21,54,54,54],"current_hp_per_floor":[74,73,75,75,75,75,64,64,64,61,69,61,68,68,68,41,67,64,71,72,72,51,51,56,62,62,51,51,53,47,47,47,43,72,80,80,87,87,77,87,87,87,87,87,89,89,91,91,91,91,91,91,91,91,81,36],"gold":116,"neow_bonus":"THREE_RARE_CARDS","is_prod":false,"is_daily":false,"chose_seed":false,"campfire_upgraded":8,"win_rate":0,"timestamp":1557185533,"path_taken":["M","M","?","?","M","R","E","R","T","E","M","E","?","?","R","BOSS","M","?","?","$","?","R","E","?","T","E","R","?","E","?","R","BOSS","M","?","?","?","?","E","M","E","T","R","M","M","E","?","R","BOSS","BOSS","R","$","E","BOSS"],"build_version":"2019-04-23","purchased_purges":1,"victory":true,"max_hp_per_floor":[75,75,75,75,75,75,75,75,75,75,75,75,75,75,75,75,75,75,75,75,75,75,75,75,81,81,81,81,81,81,81,81,81,81,81,81,87,87,87,87,87,87,87,87,89,89,91,91,91,91,91,91,91,91,91,91],"card_choices":[{"not_picked":["Dark Embrace","Limit Break"],"picked":"Immolate","floor":0},{"not_picked":["True Grit","Iron Wave"],"picked":"Battle Trance","floor":1},{"not_picked":["Second Wind","Havoc"],"picked":"Shrug It Off","floor":2},{"not_picked":["Sever Soul","Twin Strike","Body Slam"],"picked":"SKIP","floor":3},{"not_picked":["Dropkick","Intimidate"],"picked":"Thunderclap","floor":5},{"not_picked":["Headbutt","Cleave"],"picked":"Metallicize","floor":7},{"not_picked":["Havoc","Pommel Strike","Infernal Blade"],"picked":"SKIP","floor":10},{"not_picked":["Thunderclap","Sword Boomerang"],"picked":"Burning Pact","floor":11},{"not_picked":["Ghostly Armor","Flex"],"picked":"Barricade","floor":12},{"not_picked":["Iron Wave","Flex"],"picked":"True Grit","floor":13},{"not_picked":["Berserk","Barricade"],"picked":"Offering","floor":16},{"not_picked":["Wild Strike","Cleave","True Grit"],"picked":"SKIP","floor":18},{"not_picked":["Clash","Second Wind","Whirlwind"],"picked":"SKIP","floor":19},{"not_picked":["Anger","Reckless Charge"],"picked":"Headbutt","floor":20},{"not_picked":["Shockwave","Perfected Strike"],"picked":"Exhume","floor":24},{"not_picked":["Armaments","True Grit","Fire Breathing"],"picked":"SKIP","floor":27},{"not_picked":["Flex+1","Cleave","Headbutt"],"picked":"SKIP","floor":29},{"not_picked":["Cleave","Thunderclap"],"picked":"Impervious","floor":30},{"not_picked":["Berserk","Barricade"],"picked":"Limit Break","floor":33},{"not_picked":["Sword Boomerang+1","Clash"],"picked":"Disarm","floor":35},{"not_picked":["Clash","Dropkick+1"],"picked":"Exhume","floor":38},{"not_picked":["Thinking Ahead","Metamorphosis"],"picked":"Flash of Steel","floor":39},{"not_picked":["Purity","Discovery"],"picked":"Finesse","floor":39},{"not_picked":["Iron Wave+1","Fire Breathing"],"picked":"Sword Boomerang","floor":40},{"not_picked":["Bloodletting","Armaments"],"picked":"Shrug It Off","floor":41},{"not_picked":["Headbutt+1","Whirlwind+1"],"picked":"Heavy Blade+1","floor":42},{"not_picked":["Iron Wave+1","Carnage+1","Heavy Blade+1"],"picked":"Singing Bowl","floor":45},{"not_picked":["Clash+1","Perfected Strike+1"],"picked":"Corruption","floor":46},{"not_picked":["Carnage+1","Sword Boomerang+1","Metallicize"],"picked":"Singing Bowl","floor":47},{"not_picked":["Bludgeon+1","Thunderclap+1"],"picked":"Evolve","floor":55}],"player_experience":6207316,"relics_obtained":[{"floor":7,"key":"Gambling Chip"},{"floor":9,"key":"Self Forming Clay"},{"floor":10,"key":"Blood Vial"},{"floor":12,"key":"Bronze Scales"},{"floor":20,"key":"Red Mask"},{"floor":22,"key":"Necronomicon"},{"floor":24,"key":"Darkstone Periapt"},{"floor":27,"key":"Oddly Smooth Stone"},{"floor":30,"key":"Dodecahedron"},{"floor":31,"key":"Ornamental Fan"},{"floor":40,"key":"Molten Egg 2"},{"floor":42,"key":"Omamori"},{"floor":43,"key":"Singing Bowl"},{"floor":47,"key":"Pen Nib"},{"floor":55,"key":"Lantern"}],"event_choices":[{"damage_healed":0,"gold_gain":0,"player_choice":"0 cards matched","damage_taken":0,"max_hp_gain":0,"max_hp_loss":0,"event_name":"Match and Keep!","floor":4,"gold_loss":0,"cards_obtained":[]},{"damage_healed":0,"gold_gain":0,"player_choice":"Rummage","damage_taken":0,"relics_obtained":["WarpedTongs"],"max_hp_gain":0,"max_hp_loss":0,"event_name":"Accursed Blacksmith","floor":14,"gold_loss":0,"cards_obtained":["Pain"]},{"damage_healed":0,"gold_gain":0,"player_choice":"Fought Bandits","damage_taken":0,"max_hp_gain":0,"max_hp_loss":0,"event_name":"Masked Bandits","floor":20,"gold_loss":0},{"damage_healed":0,"gold_gain":0,"player_choice":"Obtained Book","damage_taken":21,"max_hp_gain":0,"max_hp_loss":0,"event_name":"Cursed Tome","floor":22,"gold_loss":0},{"damage_healed":0,"gold_gain":0,"player_choice":"Opened","damage_taken":0,"relics_obtained":["Dream Catcher"],"max_hp_gain":0,"max_hp_loss":0,"event_name":"The Mausoleum","floor":25,"gold_loss":0,"cards_obtained":["Writhe"]},{"damage_healed":0,"gold_gain":222,"player_choice":"Wore Mask","damage_taken":0,"max_hp_gain":0,"max_hp_loss":0,"event_name":"Tomb of Lord Red Mask","floor":36,"gold_loss":0},{"damage_healed":16,"gold_gain":0,"player_choice":"Writhe","damage_taken":0,"max_hp_gain":0,"max_hp_loss":0,"event_name":"Winding Halls","floor":37,"gold_loss":0,"cards_obtained":["Writhe"]},{"damage_healed":0,"gold_gain":0,"player_choice":"Memory 3","damage_taken":10,"max_hp_gain":0,"max_hp_loss":0,"event_name":"SensoryStone","floor":39,"gold_loss":0},{"damage_healed":0,"gold_gain":0,"player_choice":"Upgraded","damage_taken":0,"max_hp_gain":0,"max_hp_loss":0,"event_name":"Upgrade Shrine","floor":48,"gold_loss":0,"cards_upgraded":["Disarm"]}],"is_beta":true,"boss_relics":[{"not_picked":["Lizard Tail","Tiny House"],"picked":"Sozu"},{"not_picked":["Orrery","Empty Cage"],"picked":"Pandora\u0027s Box"}],"items_purged_floors":[21],"is_endless":false,"potions_floor_spawned":[1,5,11,12,13,24,27,29,33,40,41,42,46,55],"ascension_level":20}