{"gold_per_floor":[209,22,22,34,48,48,79,79,106,0,19,39,71,88,88,88],"floor_reached":16,"playtime":836,"items_purged":[],"score":218,"play_id":"014d007a-7c4c-4847-9a1e-e9d44004a318","local_time":"20190322134054","is_ascension_mode":true,"campfire_choices":[{"data":"Crippling Poison","floor":6,"key":"SMITH"},{"floor":8,"key":"REST"},{"data":"Noxious Fumes","floor":15,"key":"SMITH"}],"neow_cost":"NONE","seed_source_timestamp":475306990647005,"circlet_count":0,"master_deck":["AscendersBane","Defend_G","Defend_G","Defend_G","Defend_G","Defend_G","Strike_G","Strike_G","Strike_G","Strike_G","Strike_G","Survivor","Neutralize","Poisoned Stab","Envenom+1","Terror","Noxious Fumes+1","Crippling Poison+1","Dodge and Roll","Caltrops","Cloak And Dagger","Dash","Storm of Steel","Bane"],"relics":["Ring of the Snake","Omamori","Centennial Puzzle","Tough Bandages"],"potions_floor_usage":[5,13,16],"damage_taken":[{"damage":14,"enemies":"Jaw Worm","floor":1,"turns":8},{"damage":0,"enemies":"Cultist","floor":4,"turns":3},{"damage":8,"enemies":"Small Slimes","floor":5,"turns":4},{"damage":27,"enemies":"Gremlin Nob","floor":7,"turns":4},{"damage":7,"enemies":"Gremlin Gang","floor":11,"turns":3},{"damage":8,"enemies":"Looter","floor":12,"turns":3},{"damage":12,"enemies":"Lagavulin","floor":13,"turns":7},{"damage":0,"enemies":"2 Fungi Beasts","floor":14,"turns":4},{"damage":15,"enemies":"The Guardian","floor":16,"turns":8}],"seed_played":"-6583093761847045249","potions_obtained":[{"floor":4,"key":"Regen Potion"},{"floor":7,"key":"PowerPotion"},{"floor":13,"key":"AttackPotion"}],"is_trial":false,"path_per_floor":["M","$","?","M","M","R","E","R","T","$","M","M","E","M","R","B"],"character_chosen":"THE_SILENT","items_purchased":["Envenom","Terror","Caltrops","Cloak And Dagger"],"campfire_rested":1,"item_purchase_floors":[2,2,10,10],"current_hp_per_floor":[45,45,45,45,49,49,22,41,41,41,34,26,14,14,14,0],"gold":88,"neow_bonus":"HUNDRED_GOLD","is_prod":false,"is_daily":false,"chose_seed":false,"campfire_upgraded":2,"win_rate":0,"timestamp":1553276454,"path_taken":["M","$","?","M","M","R","E","R","T","$","M","?","E","M","R","BOSS"],"build_version":"2019-01-23","purchased_purges":0,"victory":false,"max_hp_per_floor":[66,66,66,66,66,66,66,66,66,66,66,66,66,66,66,66],"card_choices":[{"not_picked":["Flying Knee","Accuracy"],"picked":"Poisoned Stab","floor":1},{"not_picked":["Backstab","Underhanded Strike"],"picked":"Noxious Fumes","floor":4},{"not_picked":["Dagger Spray","Poisoned Stab"],"picked":"Crippling Poison","floor":5},{"not_picked":["Blur","Skewer"],"picked":"Dodge and Roll","floor":7},{"not_picked":["Deadly Poison","Reflex","Accuracy"],"picked":"SKIP","floor":11},{"not_picked":["Acrobatics","Noxious Fumes"],"picked":"Dash","floor":12},{"not_picked":["Tactician","Heel Hook"],"picked":"Storm of Steel","floor":13},{"not_picked":["Bane","Outmaneuver","Acrobatics"],"picked":"SKIP","floor":14},{"not_picked":["Outmaneuver","Acrobatics"],"picked":"Bane","floor":14}],"player_experience":1341930,"relics_obtained":[{"floor":7,"key":"Omamori"},{"floor":9,"key":"Centennial Puzzle"},{"floor":13,"key":"Tough Bandages"}],"event_choices":[{"damage_healed":0,"gold_gain":0,"player_choice":"Upgraded","damage_taken":0,"max_hp_gain":0,"max_hp_loss":0,"event_name":"Upgrade Shrine","floor":3,"gold_loss":0,"cards_upgraded":["Envenom"]}],"is_beta":false,"boss_relics":[],"items_purged_floors":[],"is_endless":false,"potions_floor_spawned":[4,7,13],"killed_by":"The Guardian","ascension_level":19}