{"gold_per_floor":[114,114,6,26,37,37,65,85,85,85,85,119,129,32,32,106,106,119,134,134,134,134,134,13,28,28,57,57,57],"floor_reached":29,"playtime":1402,"items_purged":[],"score":489,"play_id":"f292e77f-27b8-4b2e-9595-c05e4114584b","local_time":"20190328015939","is_ascension_mode":true,"campfire_choices":[{"data":"Streamline","floor":6,"key":"SMITH"},{"data":"Consume","floor":10,"key":"SMITH"},{"data":"Echo Form","floor":15,"key":"SMITH"},{"floor":23,"key":"REST"},{"floor":28,"key":"REST"}],"neow_cost":"NONE","seed_source_timestamp":951162023032939,"circlet_count":0,"master_deck":["AscendersBane","Defend_B","Defend_B","Defend_B","Defend_B","Zap+1","Dualcast","Cold Snap","Beam Cell","Go for the Eyes+1","Streamline+1","Echo Form+1","Consume+1","Core Surge","Ball Lightning","Self Repair","Steam","All For One","Force Field+1","Heatsinks+1","Fission+1","Undo","Storm","Defragment","Hologram"],"relics":["Cracked Core","Question Card","Pantograph","Dodecahedron","Astrolabe","The Courier","Smiling Mask"],"potions_floor_usage":[4,7,13,18,25,25,27],"damage_taken":[{"damage":2,"enemies":"Jaw Worm","floor":1,"turns":2},{"damage":0,"enemies":"Small Slimes","floor":4,"turns":2},{"damage":5,"enemies":"2 Louse","floor":5,"turns":2},{"damage":16,"enemies":"Gremlin Nob","floor":7,"turns":4},{"damage":0,"enemies":"Looter","floor":8,"turns":1},{"damage":31,"enemies":"3 Sentries","floor":12,"turns":10},{"damage":0,"enemies":"Exordium Wildlife","floor":13,"turns":2},{"damage":21,"enemies":"The Guardian","floor":16,"turns":9},{"damage":0,"enemies":"Chosen","floor":18,"turns":4},{"damage":38,"enemies":"2 Thieves","floor":19,"turns":5},{"damage":10,"enemies":"Chosen and Byrds","floor":25,"turns":6},{"damage":28,"enemies":"Gremlin Leader","floor":27,"turns":7},{"damage":53,"enemies":"Slavers","floor":29,"turns":3}],"seed_played":"-5534851559525119552","potions_obtained":[{"floor":4,"key":"FearPotion"},{"floor":5,"key":"Block Potion"},{"floor":7,"key":"Ancient Potion"},{"floor":12,"key":"PowerPotion"},{"floor":19,"key":"Block Potion"},{"floor":25,"key":"Swift Potion"}],"is_trial":false,"path_per_floor":["M","?","$","M","M","R","E","M","T","R","?","E","M","$","R","B",null,"M","M","?","?","?","R","$","M","T","E","R","E"],"character_chosen":"DEFECT","items_purchased":["Beam Cell","Explosive Potion","Self Repair","Steam","EssenceOfSteel","Storm"],"campfire_rested":2,"item_purchase_floors":[3,3,14,14,24,24],"current_hp_per_floor":[62,55,55,55,50,50,34,34,34,34,34,3,3,3,3,14,57,64,33,13,28,28,50,50,47,47,26,48,0],"gold":57,"neow_bonus":"UPGRADE_CARD","is_prod":false,"is_daily":false,"chose_seed":false,"campfire_upgraded":3,"win_rate":0,"timestamp":1553752779,"path_taken":["M","?","$","M","M","R","E","M","T","R","?","E","M","?","R","BOSS","M","M","?","?","?","R","?","?","T","E","R","E"],"build_version":"2019-01-23","purchased_purges":0,"victory":false,"max_hp_per_floor":[71,71,71,71,71,71,71,71,71,71,71,71,71,71,71,71,71,71,71,76,76,76,76,76,76,76,76,76,76],"card_choices":[{"not_picked":["Redo","Go for the Eyes"],"picked":"Cold Snap","floor":1},{"not_picked":["Hologram","Cold Snap"],"picked":"Go for the Eyes","floor":4},{"not_picked":["Barrage","Stack"],"picked":"Streamline","floor":5},{"not_picked":["Consume","Barrage"],"picked":"Echo Form","floor":7},{"not_picked":["Stack","Turbo","Doom and Gloom"],"picked":"Consume","floor":8},{"not_picked":["White Noise","Coolheaded","Redo"],"picked":"Core Surge","floor":12},{"not_picked":["Leap","Rebound","Beam Cell"],"picked":"Ball Lightning","floor":13},{"not_picked":["Machine Learning","Hyperbeam","Buffer"],"picked":"All For One","floor":16},{"not_picked":["Aggregate","Lockon","Fusion","Streamline"],"picked":"SKIP","floor":18},{"not_picked":["Streamline+1","Redo","Beam Cell"],"picked":"Undo","floor":19},{"not_picked":["Steam Power+1","Compile Driver","Darkness+1"],"picked":"Defragment","floor":25},{"not_picked":["Tempest","Scrape","Steam"],"picked":"Hologram","floor":27}],"player_experience":1454027,"relics_obtained":[{"floor":7,"key":"Question Card"},{"floor":9,"key":"Pantograph"},{"floor":12,"key":"Dodecahedron"},{"floor":26,"key":"The Courier"},{"floor":27,"key":"Smiling Mask"}],"event_choices":[{"cards_removed":["Strike_B"],"damage_healed":0,"gold_gain":0,"player_choice":"Card Removal","damage_taken":7,"max_hp_gain":0,"max_hp_loss":0,"event_name":"Golden Wing","floor":2,"gold_loss":0},{"damage_healed":0,"gold_gain":0,"player_choice":"Grow","damage_taken":0,"max_hp_gain":0,"max_hp_loss":0,"event_name":"Living Wall","floor":11,"gold_loss":0,"cards_upgraded":["Go for the Eyes"]},{"damage_healed":0,"gold_gain":0,"player_choice":"Shed Blood","damage_taken":25,"max_hp_gain":5,"max_hp_loss":0,"event_name":"Forgotten Altar","floor":20,"gold_loss":0},{"damage_healed":15,"gold_gain":0,"player_choice":"Heal","damage_taken":0,"max_hp_gain":0,"max_hp_loss":0,"event_name":"The Library","floor":21,"gold_loss":0},{"damage_healed":0,"gold_gain":0,"player_choice":"Ignored","damage_taken":0,"max_hp_gain":0,"max_hp_loss":0,"event_name":"The Mausoleum","floor":22,"gold_loss":0}],"is_beta":false,"boss_relics":[{"not_picked":["Nuclear Battery","Eternal Feather"],"picked":"Astrolabe"}],"items_purged_floors":[],"is_endless":false,"potions_floor_spawned":[4,5,7,12,19,25],"killed_by":"Slavers","ascension_level":19}