{"gold_per_floor":[109,121,132,143,143,143,173,173,173,173,190,224,224,244,244,319,319,337,337,119,119,131,131,160,160,160,60,86,36,36,46,46,125,125,141,141,159,159,129,155,155],"floor_reached":41,"playtime":1669,"items_purged":["Strike_R","Defend_R"],"score":934,"play_id":"805e92a2-b486-44f2-961a-5edbd1be9cdf","local_time":"20190316031645","is_ascension_mode":true,"campfire_choices":[{"data":"Armaments","floor":6,"key":"SMITH"},{"data":"Shrug It Off","floor":8,"key":"SMITH"},{"data":"Bash","floor":10,"key":"SMITH"},{"data":"Inflame","floor":15,"key":"SMITH"},{"data":"Dark Embrace","floor":23,"key":"SMITH"},{"data":"Bludgeon","floor":25,"key":"SMITH"},{"floor":32,"key":"REST"}],"neow_cost":"NONE","seed_source_timestamp":229673379011227,"circlet_count":0,"master_deck":["AscendersBane","Defend_R","Defend_R","Defend_R","Bash+1","Shrug It Off+1","Wild Strike","Carnage","Armaments+1","Shockwave","Headbutt","Perfected Strike+1","Inflame+1","Dark Embrace+1","Pommel Strike","Bandage Up","Shrug It Off+1","Bludgeon+1","Perfected Strike","Exhume","Feel No Pain","Master of Strategy","Corruption+1"],"relics":["Burning Blood","Gremlin Horn","Omamori","Self Forming Clay","Mummified Hand","Mark of Pain","Necronomicon","Juzu Bracelet","Centennial Puzzle","Letter Opener","Empty Cage","PreservedInsect"],"potions_floor_usage":[7,12,16,18,22,28,33,40],"damage_taken":[{"damage":12,"enemies":"Jaw Worm","floor":1,"turns":4},{"damage":0,"enemies":"Small Slimes","floor":2,"turns":4},{"damage":0,"enemies":"Cultist","floor":3,"turns":3},{"damage":1,"enemies":"Exordium Wildlife","floor":4,"turns":3},{"damage":21,"enemies":"Lagavulin","floor":7,"turns":8},{"damage":0,"enemies":"Exordium Thugs","floor":11,"turns":4},{"damage":6,"enemies":"Gremlin Nob","floor":12,"turns":3},{"damage":0,"enemies":"Gremlin Gang","floor":14,"turns":2},{"damage":57,"enemies":"Hexaghost","floor":16,"turns":7},{"damage":11,"enemies":"3 Byrds","floor":18,"turns":6},{"damage":16,"enemies":"Shell Parasite","floor":22,"turns":4},{"damage":1,"enemies":"Book of Stabbing","floor":24,"turns":3},{"damage":24,"enemies":"Slavers","floor":28,"turns":6},{"damage":0,"enemies":"Centurion and Healer","floor":31,"turns":3},{"damage":20,"enemies":"Collector","floor":33,"turns":6},{"damage":2,"enemies":"3 Shapes","floor":35,"turns":2},{"damage":5,"enemies":"Orb Walker","floor":37,"turns":2},{"damage":72,"enemies":"Reptomancer","floor":40,"turns":6},{"damage":37,"enemies":"Spire Growth","floor":41,"turns":2}],"seed_played":"-900481908761561623","potions_obtained":[{"floor":1,"key":"EssenceOfSteel"},{"floor":3,"key":"LiquidBronze"},{"floor":7,"key":"Fire Potion"},{"floor":14,"key":"Fire Potion"},{"floor":24,"key":"FearPotion"},{"floor":28,"key":"Explosive Potion"},{"floor":39,"key":"PowerPotion"},{"floor":39,"key":"SpeedPotion"}],"is_trial":false,"path_per_floor":["M","M","M","M","?","R","E","R","T","R","M","E","?","M","R","B",null,"M","?","$","?","M","R","E","R","T","$","E","?","$","M","R","B",null,"M","?","M","?","?","E","M"],"character_chosen":"IRONCLAD","items_purchased":["Bandage Up","Swift Potion"],"campfire_rested":1,"item_purchase_floors":[20,20],"current_hp_per_floor":[62,68,74,75,70,70,55,55,55,55,61,61,61,67,67,16,60,55,34,34,34,28,28,33,33,33,33,19,19,19,29,51,41,67,71,71,72,72,72,9,0],"gold":155,"neow_bonus":"THREE_CARDS","is_prod":false,"is_daily":false,"chose_seed":false,"campfire_upgraded":6,"win_rate":0,"timestamp":1552720605,"path_taken":["M","M","M","M","?","R","E","R","T","R","M","E","?","?","R","BOSS","M","?","$","?","?","R","E","R","T","?","E","?","$","M","R","BOSS","M","?","M","?","?","E","M"],"build_version":"2019-01-23","purchased_purges":2,"victory":false,"max_hp_per_floor":[75,75,75,75,75,75,75,75,75,75,75,75,75,75,75,75,75,75,75,75,75,75,75,75,75,75,75,75,75,75,75,75,75,75,75,75,75,75,75,75,75],"card_choices":[{"not_picked":["Infernal Blade","True Grit"],"picked":"Shrug It Off","floor":0},{"not_picked":["Bloodletting","Combust"],"picked":"Wild Strike","floor":1},{"not_picked":["Shrug It Off","Bloodletting"],"picked":"Carnage","floor":2},{"not_picked":["Burning Pact","Carnage"],"picked":"Armaments","floor":3},{"not_picked":["Bloodletting","Thunderclap","Blood for Blood"],"picked":"SKIP","floor":4},{"not_picked":["Sword Boomerang","Armaments"],"picked":"Shockwave","floor":7},{"not_picked":["Rupture","Shrug It Off"],"picked":"Headbutt","floor":11},{"not_picked":["Armaments","Limit Break"],"picked":"Perfected Strike","floor":12},{"not_picked":["Armaments","Clothesline"],"picked":"Inflame","floor":14},{"not_picked":["Juggernaut","Fiend Fire"],"picked":"Dark Embrace","floor":16},{"not_picked":["Heavy Blade","Warcry"],"picked":"Pommel Strike","floor":18},{"not_picked":["Iron Wave","Flame Barrier"],"picked":"Shrug It Off+1","floor":22},{"not_picked":["Flex","Perfected Strike"],"picked":"Bludgeon","floor":24},{"not_picked":["Fiend Fire","Twin Strike","True Grit"],"picked":"SKIP","floor":28},{"not_picked":["Headbutt","Clothesline"],"picked":"Perfected Strike","floor":31},{"not_picked":["Dark Embrace","Berserk"],"picked":"Exhume","floor":33},{"not_picked":["Shrug It Off","Wild Strike"],"picked":"Feel No Pain","floor":35},{"not_picked":["Dramatic Entrance","Secret Weapon"],"picked":"Master of Strategy","floor":36},{"not_picked":["Shrug It Off","Corruption","Pommel Strike"],"picked":"SKIP","floor":37},{"not_picked":["Heavy Blade","Bludgeon"],"picked":"Corruption+1","floor":40}],"player_experience":1154757,"relics_obtained":[{"floor":7,"key":"Omamori"},{"floor":9,"key":"Self Forming Clay"},{"floor":12,"key":"Mummified Hand"},{"floor":19,"key":"Necronomicon"},{"floor":24,"key":"Juzu Bracelet"},{"floor":26,"key":"Centennial Puzzle"},{"floor":28,"key":"Letter Opener"},{"floor":40,"key":"PreservedInsect"}],"event_choices":[{"damage_healed":0,"gold_gain":0,"player_choice":"Success","damage_taken":5,"relics_obtained":["Gremlin Horn"],"max_hp_gain":0,"max_hp_loss":0,"event_name":"Scrap Ooze","floor":5,"gold_loss":0},{"damage_healed":0,"gold_gain":0,"player_choice":"Upgraded","damage_taken":0,"max_hp_gain":0,"max_hp_loss":0,"event_name":"Upgrade Shrine","floor":13,"gold_loss":0,"cards_upgraded":["Perfected Strike"]},{"damage_healed":0,"gold_gain":0,"player_choice":"Obtained Book","damage_taken":21,"max_hp_gain":0,"max_hp_loss":0,"event_name":"Cursed Tome","floor":19,"gold_loss":0},{"cards_removed":["Strike_R"],"damage_healed":0,"gold_gain":0,"player_choice":"Purged","damage_taken":0,"max_hp_gain":0,"max_hp_loss":0,"event_name":"Purifier","floor":21,"gold_loss":0},{"damage_healed":0,"gold_gain":0,"player_choice":"Bet on Murderer","damage_taken":0,"max_hp_gain":0,"max_hp_loss":0,"event_name":"The Joust","floor":29,"gold_loss":50},{"damage_healed":0,"gold_gain":0,"player_choice":"Memory 1","damage_taken":0,"max_hp_gain":0,"max_hp_loss":0,"event_name":"SensoryStone","floor":36,"gold_loss":0},{"cards_removed":["Strike_R"],"damage_healed":0,"gold_gain":0,"player_choice":"Removed Attack","damage_taken":0,"max_hp_gain":0,"max_hp_loss":0,"event_name":"Falling","floor":38,"gold_loss":0},{"damage_healed":0,"gold_gain":0,"player_choice":"Bought 2 Potions","damage_taken":0,"max_hp_gain":0,"max_hp_loss":0,"event_name":"The Woman in Blue","floor":39,"gold_loss":0}],"is_beta":false,"boss_relics":[{"not_picked":["Philosopher\u0027s Stone","Runic Dome"],"picked":"Mark of Pain"},{"not_picked":["White Beast Statue","Snecko Eye"],"picked":"Empty Cage"}],"items_purged_floors":[20,27],"is_endless":false,"potions_floor_spawned":[1,3,7,14,24,28],"killed_by":"Spire Growth","ascension_level":20}