{"gold_per_floor":[145,220,370,34,48,48,48,79,147,178,178,178,210,173,173,247,247,247,247,247,247,247,247,247,247,247,247],"floor_reached":27,"playtime":1059,"items_purged":[],"score":511,"play_id":"79045824-0519-42a8-8618-b86f4d77cd2f","local_time":"20190510002447","is_ascension_mode":true,"campfire_choices":[{"data":"True Grit","floor":6.0,"key":"SMITH"},{"floor":11.0,"key":"REST"},{"data":"Bash","floor":15,"key":"SMITH"},{"data":"Whirlwind","floor":23,"key":"SMITH"}],"neow_cost":"NONE","seed_source_timestamp":1491488725434503,"circlet_count":0,"master_deck":["AscendersBane","Defend_R","Defend_R","Defend_R","Defend_R","Bash+1","True Grit+1","Doubt","Reckless Charge","Parasite","Reaper","Evolve","Uppercut","Dark Embrace","Metallicize","Whirlwind+1","Bite","Bite+1","Bite","Bite","Bite","True Grit+1","Feed+1"],"special_seed":0,"relics":["Burning Blood","Du-Vu Doll","Torii","Ornamental Fan","Bronze Scales","Bottled Flame","Ectoplasm","Nloth\u0027s Gift","StoneCalendar","Pantograph","Potion Belt","Whetstone"],"potions_floor_usage":[16,16,24,27],"damage_taken":[{"damage":10.0,"enemies":"Small Slimes","floor":1.0,"turns":4.0},{"damage":7.0,"enemies":"Jaw Worm","floor":5.0,"turns":4.0},{"damage":56.0,"enemies":"3 Sentries","floor":8.0,"turns":11.0},{"damage":25.0,"enemies":"Gremlin Nob","floor":10.0,"turns":4.0},{"damage":19.0,"enemies":"3 Sentries","floor":13.0,"turns":9.0},{"damage":34,"enemies":"Slime Boss","floor":16,"turns":10},{"damage":17,"enemies":"Shell Parasite","floor":18,"turns":3},{"damage":1,"enemies":"Chosen","floor":20,"turns":4},{"damage":18,"enemies":"Colosseum Slavers","floor":22,"turns":3},{"damage":14,"enemies":"Colosseum Nobs","floor":22,"turns":4},{"damage":50,"enemies":"Slavers","floor":24,"turns":5},{"damage":52,"enemies":"Gremlin Leader","floor":27,"turns":5}],"seed_played":"7372155174860432516","potions_obtained":[{"floor":10.0,"key":"Regen Potion"},{"floor":13,"key":"Swift Potion"},{"floor":18,"key":"GamblersBrew"},{"floor":22,"key":"BloodPotion"}],"is_trial":false,"path_per_floor":["M","?","?","$","M","R","?","E","T","E","R","?","E","$","R","B",null,"M","?","M","?","?","R","E","T","T","E"],"character_chosen":"IRONCLAD","items_purchased":["Du-Vu Doll","Uppercut"],"campfire_rested":1,"item_purchase_floors":[4,14],"current_hp_per_floor":[64,53,53,53,52,52,70,20,20,8,30,35,36,36,36,33,68,57,57,72,56,51,51,30,30,30,0],"gold":247,"neow_bonus":"RANDOM_COMMON_RELIC","is_prod":false,"is_daily":false,"chose_seed":false,"campfire_upgraded":3,"win_rate":0,"timestamp":1557462287,"path_taken":["M","?","?","$","M","R","?","E","T","E","R","?","E","$","R","BOSS","M","?","?","?","?","R","E","?","T","E"],"build_version":"2019-01-23","purchased_purges":0,"victory":false,"max_hp_per_floor":[75,75,75,75,75,75,75,75,75,75,75,80,80,80,80,80,80,80,80,80,56,56,56,56,56,56,56],"card_choices":[{"not_picked":["Iron Wave","Sentinel"],"picked":"True Grit","floor":1.0},{"not_picked":["Headbutt","Warcry"],"picked":"Reckless Charge","floor":5.0},{"not_picked":["Sword Boomerang","Headbutt"],"picked":"Reaper","floor":8.0},{"not_picked":["Intimidate","Wild Strike","Havoc"],"picked":"SKIP","floor":10.0},{"not_picked":["Body Slam","Havoc"],"picked":"Evolve","floor":13},{"not_picked":["Exhume","Demon Form"],"picked":"Dark Embrace","floor":16},{"not_picked":["Fire Breathing","Armaments"],"picked":"Metallicize","floor":18},{"not_picked":["Havoc","Cleave"],"picked":"Whirlwind","floor":20},{"not_picked":["Combust","Twin Strike"],"picked":"True Grit+1","floor":22},{"not_picked":["Feel No Pain+1","Clothesline"],"picked":"Feed","floor":24}],"player_experience":2533512,"relics_obtained":[{"floor":8.0,"key":"Torii"},{"floor":9.0,"key":"Ornamental Fan"},{"floor":10.0,"key":"Bronze Scales"},{"floor":13,"key":"Bottled Flame"},{"floor":22,"key":"StoneCalendar"},{"floor":22,"key":"Pantograph"},{"floor":24,"key":"Potion Belt"},{"floor":26,"key":"Whetstone"}],"event_choices":[{"damage_healed":0.0,"max_hp_gain":0.0,"max_hp_loss":0.0,"gold_gain":75.0,"event_name":"World of Goop","player_choice":"Gather Gold","floor":2.0,"gold_loss":0.0,"damage_taken":11.0},{"damage_healed":0.0,"max_hp_gain":0.0,"max_hp_loss":0.0,"gold_gain":150.0,"event_name":"Liars Game","player_choice":"AGREE","floor":3.0,"gold_loss":0.0,"damage_taken":0.0,"cards_obtained":["Doubt"]},{"damage_healed":18.0,"max_hp_gain":0.0,"max_hp_loss":0.0,"gold_gain":0.0,"event_name":"Mushrooms","player_choice":"Healed and dodged fight","floor":7.0,"gold_loss":0.0,"damage_taken":0.0,"cards_obtained":["Parasite"]},{"damage_healed":0.0,"max_hp_gain":5.0,"max_hp_loss":0.0,"gold_gain":0.0,"event_name":"Big Fish","player_choice":"Donut","floor":12.0,"gold_loss":0.0,"damage_taken":0.0},{"damage_healed":0,"gold_gain":0,"player_choice":"Traded Relic","damage_taken":0,"relics_obtained":["Nloth\u0027s Gift"],"max_hp_gain":0,"max_hp_loss":0,"event_name":"N\u0027loth","floor":19,"relics_lost":["Tiny Chest"],"gold_loss":0},{"damage_healed":0,"gold_gain":0,"player_choice":"Became a vampire","damage_taken":0,"max_hp_gain":0,"max_hp_loss":24,"event_name":"Vampires","floor":21,"gold_loss":0,"cards_obtained":["Bite","Bite","Bite","Bite","Bite"]},{"damage_healed":0,"gold_gain":0,"player_choice":"Fight","damage_taken":0,"max_hp_gain":0,"max_hp_loss":0,"event_name":"Colosseum","floor":22,"gold_loss":0},{"damage_healed":0,"gold_gain":0,"player_choice":"Fought Nobs","damage_taken":0,"max_hp_gain":0,"max_hp_loss":0,"event_name":"Colosseum","floor":22,"gold_loss":0}],"is_beta":false,"boss_relics":[{"not_picked":["Pandora\u0027s Box","Runic Dome"],"picked":"Ectoplasm"}],"items_purged_floors":[],"is_endless":false,"potions_floor_spawned":[10,13,18,22],"killed_by":"Gremlin Leader","ascension_level":20}