{"gold_per_floor":[111,122,41,53,53,53,53,53,53,65,88,100,130,152,164,176],"floor_reached":16,"playtime":337,"items_purged":[],"score":175,"play_id":"9691dac6-03d7-406d-bb45-e70d105eb490","local_time":"20181018180447","is_ascension_mode":true,"campfire_choices":[{"data":"Zap","floor":6,"key":"SMITH"},{"data":"Redo","floor":8,"key":"SMITH"},{"data":"Chaos","floor":10,"key":"SMITH"},{"floor":15,"key":"REST"}],"neow_cost":"TEN_PERCENT_HP_LOSS","seed_source_timestamp":372782374615834,"circlet_count":0,"master_deck":["Strike_B","Strike_B","Defend_B+1","Defend_B","Defend_B","Defend_B+1","Zap+1","Dualcast+1","AscendersBane","Core Surge","Chaos+1","Glacier","Redo+1","Capacitor","Loop+1","Leap","Conserve Battery","Loop"],"relics":["Cracked Core","MawBank"],"potions_floor_usage":[16],"damage_taken":[{"damage":0,"enemies":"Cultist","floor":1,"turns":3},{"damage":0,"enemies":"2 Louse","floor":2,"turns":4},{"damage":3,"enemies":"Small Slimes","floor":4,"turns":5},{"damage":0,"enemies":"Exordium Wildlife","floor":11,"turns":3},{"damage":8,"enemies":"Blue Slaver","floor":13,"turns":2},{"damage":9,"enemies":"3 Louse","floor":14,"turns":3},{"damage":47,"enemies":"Slime Boss","floor":16,"turns":12}],"seed_played":"8102403106763448224","potions_obtained":[{"floor":4,"key":"GamblersBrew"},{"floor":13,"key":"Ancient Potion"}],"is_trial":false,"path_per_floor":["M","M","$","M","?","R","?","R","T","R","M","?","M","M","R"],"character_chosen":"DEFECT","items_purchased":["Capacitor"],"campfire_rested":1,"item_purchase_floors":[3],"current_hp_per_floor":[64,64,64,61,42,42,42,42,42,42,42,42,34,25,44,0],"gold":176,"neow_bonus":"TRANSFORM_TWO_CARDS","is_prod":false,"is_daily":false,"chose_seed":false,"campfire_upgraded":3,"win_rate":0,"timestamp":1539911087,"path_taken":["M","M","$","?","?","R","?","R","T","R","M","?","M","M","R","BOSS"],"build_version":"2018-10-18","purchased_purges":0,"victory":false,"max_hp_per_floor":[64,64,64,64,64,64,64,64,64,64,64,64,64,64,64,64],"card_choices":[{"not_picked":["Stack","Ball Lightning"],"picked":"Glacier","floor":1},{"not_picked":["Compile Driver","Reprogram"],"picked":"Redo","floor":2},{"not_picked":["Reprogram","Beam Cell"],"picked":"Loop","floor":4},{"not_picked":["Loop","Skim"],"picked":"Leap","floor":11},{"not_picked":["Turbo","Reinforced Body"],"picked":"Conserve Battery","floor":13},{"not_picked":["Aggregate","Tempest"],"picked":"Loop","floor":14}],"player_experience":937542,"relics_obtained":[{"floor":9,"key":"MawBank"}],"event_choices":[{"damage_healed":0,"gold_gain":0,"player_choice":"Entered Light","damage_taken":19,"max_hp_gain":0,"max_hp_loss":0,"event_name":"Shining Light","floor":5,"gold_loss":0,"cards_upgraded":["Defend_B","Defend_B"]},{"damage_healed":0,"gold_gain":0,"player_choice":"Grow","damage_taken":0,"max_hp_gain":0,"max_hp_loss":0,"event_name":"Living Wall","floor":7,"gold_loss":0,"cards_upgraded":["Loop"]},{"damage_healed":0,"gold_gain":0,"player_choice":"Forge","damage_taken":0,"max_hp_gain":0,"max_hp_loss":0,"event_name":"Accursed Blacksmith","floor":12,"gold_loss":0,"cards_upgraded":["Dualcast"]}],"is_beta":true,"boss_relics":[],"items_purged_floors":[],"is_endless":false,"potions_floor_spawned":[4,13],"killed_by":"Slime Boss","ascension_level":18}