{"path_per_floor":["M","M","?","M","M","R","?","R","T","E","?","E","R","E","R","B",null,"M","?","$","M","?","M","R","$","T","$","?","R","?","M","R","B",null,"M","?","M","?","?","R","$","?","T","M","E","M","M","$","R"],"character_chosen":"THE_SILENT","items_purchased":["Membership Card","Bag of Marbles","Regal Pillow","Ancient Tea Set"],"gold_per_floor":[119,131,131,148,164,164,164,164,188,218,218,249,249,293,293,424,424,443,443,4,22,22,47,47,47,47,47,47,47,47,67,67,164,164,177,177,196,196,196,196,12,12,12,32,63,82,93,13,13],"floor_reached":50,"campfire_rested":1,"playtime":2834,"current_hp_per_floor":[59,59,59,59,20,20,20,20,20,2,2,2,21,30,30,24,56,46,46,46,30,30,31,39,39,53,53,53,61,61,68,76,36,76,81,81,88,88,88,91,91,91,91,77,38,44,41,41,49],"items_purged":["Decay","Strike_G"],"gold":13,"score":740,"play_id":"027e1e73-e5b8-453d-875a-ecac38f12eb0","local_time":"20180311053150","is_prod":false,"is_daily":false,"is_ascension_mode":true,"campfire_upgraded":8,"timestamp":1520760710,"path_taken":["M","M","?","M","M","R","?","R","T","E","?","E","R","E","R","BOSS","M","?","?","M","?","M","R","?","T","$","?","R","?","M","R","BOSS","M","?","M","?","?","R","$","?","T","M","E","?","M","?","R","BOSS"],"build_version":"2018-03-09","purchased_purges":2,"victory":false,"master_deck":["Defend_G","Defend_G","Defend_G","Defend_G","Defend_G","Strike_G","Strike_G","Strike_G","Survivor","Neutralize+1","Eviscerate+1","Dagger Spray+1","Prepared+1","Terror+1","After Image+1","Predator+1","Dash+1","Tools of the Trade+1","Prepared+1","Noxious Fumes+1","Calculated Gamble+1"],"max_hp_per_floor":[70,70,70,70,70,70,70,70,70,70,65,65,65,67,67,67,67,69,69,69,69,69,71,71,71,85,85,85,85,85,87,87,89,89,89,89,91,91,91,91,91,91,91,91,93,95,97,97,97],"relics":["Ring of the Snake","Unceasing Top","Vajra","Toolbox","Bloody Idol","Pen Nib","Singing Bowl","Eternal Feather","Membership Card","Bag of Marbles","Regal Pillow","Mango","Sozu","Ancient Tea Set","Calipers","Anchor"],"card_choices":[{"not_picked":["Sucker Punch","Cloak And Dagger"],"picked":"Eviscerate"},{"not_picked":["Envenom","PiercingWail"],"picked":"Dagger Spray"},{"not_picked":["Accuracy","Terror"],"picked":"Prepared"},{"not_picked":["Outmaneuver","Doppelganger"],"picked":"Terror"},{"not_picked":["Flying Knee","All Out Attack"],"picked":"Predator"},{"not_picked":["Sucker Punch","Bouncing Flask"],"picked":"Dash"},{"not_picked":["Adrenaline","Tactician"],"picked":"Tools of the Trade"},{"not_picked":["Dagger Throw","Cloak And Dagger"],"picked":"Prepared"},{"not_picked":["Bane","Cloak And Dagger"],"picked":"Noxious Fumes"},{"not_picked":["Dodge and Roll","Outmaneuver"],"picked":"Calculated Gamble"}],"player_experience":455914,"potions_floor_usage":[2,14,16,18,23,31,33,33,45],"damage_taken":[{"damage":4,"enemies":"Small Slimes","floor":1,"turns":5},{"damage":0,"enemies":"Jaw Worm","floor":2,"turns":3},{"damage":0,"enemies":"Cultist","floor":4,"turns":4},{"damage":39,"enemies":"Exordium Thugs","floor":5,"turns":5},{"damage":18,"enemies":"Gremlin Nob","floor":10,"turns":5},{"damage":0,"enemies":"Lagavulin","floor":12,"turns":8},{"damage":8,"enemies":"3 Sentries","floor":14,"turns":6},{"damage":6,"enemies":"Slime Boss","floor":16,"turns":6},{"damage":12,"enemies":"Chosen","floor":18,"turns":5},{"damage":16,"enemies":"2 Thieves","floor":21,"turns":4},{"damage":1,"enemies":"Snecko","floor":23,"turns":4},{"damage":0,"enemies":"Sentry and Sphere","floor":31,"turns":3},{"damage":47,"enemies":"Automaton","floor":33,"turns":10},{"damage":0,"enemies":"3 Shapes","floor":35,"turns":2},{"damage":0,"enemies":"Orb Walker","floor":37,"turns":2},{"damage":19,"enemies":"Sphere and 2 Shapes","floor":44,"turns":5},{"damage":46,"enemies":"Giant Head","floor":45,"turns":9},{"damage":1,"enemies":"Maw","floor":46,"turns":7},{"damage":10,"enemies":"4 Shapes","floor":47,"turns":8},{"damage":54,"enemies":"Donu and Deca","floor":50,"turns":6}],"event_choices":[{"event_name":"Living Wall","player_choice":"Forget","floor":3,"damage_taken":0},{"event_name":"Match and Keep!","player_choice":"1 cards matched","floor":7,"damage_taken":0},{"event_name":"Golden Idol","player_choice":"Lose Max HP","floor":11,"damage_taken":0},{"event_name":"Drug Dealer","player_choice":"Ignored","floor":19,"damage_taken":0},{"event_name":"The Lab","player_choice":"Got Potions","floor":22,"damage_taken":0},{"event_name":"Forgotten Altar","player_choice":"Gave Idol","floor":28,"damage_taken":0},{"event_name":"Match and Keep!","player_choice":"0 cards matched","floor":30,"damage_taken":0},{"event_name":"Mysterious Sphere","player_choice":"Ignore","floor":36,"damage_taken":0},{"event_name":"Accursed Blacksmith","player_choice":"Forge","floor":38,"damage_taken":0},{"event_name":"Wheel of Change","player_choice":"Curse","floor":39,"damage_taken":0}],"boss_relics":[{"not_picked":["Runic Pyramid","Orrery"],"picked":"Eternal Feather"},{"not_picked":["Snecko Eye","Velvet Choker"],"picked":"Sozu"}],"potions_floor_spawned":[1,12,14,16,21,31,33,35,45,46],"seed_played":"-5805455907429399696","killed_by":"Donu and Deca","ascension_level":7,"is_trial":false}