{"gold_per_floor":[113,124,140,65,65,65,96,96,143,155,185,215,239,286,298,385,397,427,452,464,476],"floor_reached":21,"playtime":1158,"items_purged":[],"score":402,"play_id":"d269daba-049d-47d4-8cf1-57af2a6cbbcd","local_time":"20190429230802","is_ascension_mode":true,"campfire_choices":[{"data":"Lockon","floor":6,"key":"SMITH"},{"data":"Zap","floor":8,"key":"SMITH"},{"data":"Defragment","floor":15,"key":"SMITH"}],"neow_cost":"NONE","seed_source_timestamp":622708320575728,"circlet_count":0,"master_deck":["AscendersBane","Strike_B+1","Strike_B+1","Strike_B+1","Defend_B+1","Defend_B+1","Defend_B+1","Defend_B+1","Zap+1","Dualcast","Lockon+1","Ball Lightning","Cold Snap","Self Repair","Loop","Defragment+1","Rainbow","Hologram","Double Energy","Electrodynamics","Leap+1","Cold Snap"],"relics":["Cracked Core","Blood Vial","Lantern","Bronze Scales","MawBank","Ancient Tea Set","Black Star"],"potions_floor_usage":[10,11,12,21,21],"damage_taken":[{"damage":4,"enemies":"Small Slimes","floor":1,"turns":3},{"damage":7,"enemies":"Jaw Worm","floor":2,"turns":4},{"damage":1,"enemies":"Cultist","floor":3,"turns":3},{"damage":28,"enemies":"Lagavulin","floor":7,"turns":7},{"damage":2,"enemies":"Exordium Wildlife","floor":10,"turns":5},{"damage":18,"enemies":"3 Sentries","floor":11,"turns":4},{"damage":8,"enemies":"Gremlin Gang","floor":12,"turns":3},{"damage":12,"enemies":"Blue Slaver","floor":13,"turns":3},{"damage":27,"enemies":"Lagavulin","floor":14,"turns":5},{"damage":12,"enemies":"Hexaghost","floor":16,"turns":7},{"damage":24,"enemies":"Spheric Guardian","floor":18,"turns":4},{"damage":36,"enemies":"Shell Parasite","floor":19,"turns":5},{"damage":20,"enemies":"Masked Bandits","floor":21,"turns":3}],"seed_played":"-4826567772818709407","potions_obtained":[{"floor":3,"key":"Regen Potion"},{"floor":7,"key":"Explosive Potion"},{"floor":11,"key":"Swift Potion"},{"floor":16,"key":"Energy Potion"},{"floor":19,"key":"SteroidPotion"}],"is_trial":false,"path_per_floor":["M","M","M","?","?","R","E","R","T","M","E","M","M","E","R","B",null,"M","M","?","?"],"character_chosen":"DEFECT","items_purchased":[],"campfire_rested":0,"item_purchase_floors":[],"current_hp_per_floor":[62,57,58,58,58,58,32,32,32,53,44,45,42,17,17,14,57,42,15,15,0],"gold":476,"neow_bonus":"RANDOM_COMMON_RELIC","is_prod":false,"is_daily":false,"chose_seed":false,"campfire_upgraded":3,"win_rate":0,"timestamp":1556593682,"path_taken":["M","M","M","?","?","R","E","R","T","M","E","?","M","E","R","BOSS","M","M","?","?"],"build_version":"2019-01-23","purchased_purges":0,"victory":false,"max_hp_per_floor":[71,71,71,71,71,71,71,71,71,71,71,71,71,71,71,71,71,71,71,71,71],"card_choices":[{"not_picked":["Gash","Rebound"],"picked":"Lockon","floor":1},{"not_picked":["Coolheaded","Hologram"],"picked":"Ball Lightning","floor":2},{"not_picked":["Auto Shields","Turbo"],"picked":"Cold Snap","floor":3},{"not_picked":["Hello World","Undo"],"picked":"Self Repair","floor":7},{"not_picked":["Streamline","Hologram"],"picked":"Loop","floor":10},{"not_picked":["Rebound","Static Discharge"],"picked":"Defragment","floor":11},{"not_picked":["Conserve Battery","Chill"],"picked":"Rainbow","floor":12},{"not_picked":["Consume","Streamline"],"picked":"Hologram","floor":13},{"not_picked":["Steam Power","Rebound"],"picked":"Double Energy","floor":14},{"not_picked":["Rainbow","Multi-Cast"],"picked":"Electrodynamics","floor":16},{"not_picked":["Go for the Eyes","Rip and Tear+1"],"picked":"Leap+1","floor":18},{"not_picked":["Compile Driver","Reinforced Body"],"picked":"Cold Snap","floor":19}],"player_experience":2118978,"relics_obtained":[{"floor":7,"key":"Lantern"},{"floor":9,"key":"Bronze Scales"},{"floor":11,"key":"MawBank"},{"floor":14,"key":"Ancient Tea Set"}],"event_choices":[{"cards_removed":["Strike_B"],"damage_healed":0,"gold_gain":0,"player_choice":"Card Removal","damage_taken":0,"max_hp_gain":0,"max_hp_loss":0,"event_name":"The Cleric","floor":4,"gold_loss":75},{"damage_healed":0,"gold_gain":0,"player_choice":"Ignored","damage_taken":0,"max_hp_gain":0,"max_hp_loss":0,"event_name":"Liars Game","floor":5,"gold_loss":0},{"damage_healed":0,"gold_gain":0,"player_choice":"Simplicity","damage_taken":0,"max_hp_gain":0,"max_hp_loss":0,"event_name":"Back to Basics","floor":20,"gold_loss":0,"cards_upgraded":["Strike_B","Strike_B","Strike_B","Defend_B","Defend_B","Defend_B","Defend_B"]},{"damage_healed":0,"gold_gain":0,"player_choice":"Fought Bandits","damage_taken":0,"max_hp_gain":0,"max_hp_loss":0,"event_name":"Masked Bandits","floor":21,"gold_loss":0}],"is_beta":false,"boss_relics":[{"not_picked":["Philosopher\u0027s Stone","Astrolabe"],"picked":"Black Star"}],"items_purged_floors":[],"is_endless":false,"potions_floor_spawned":[3,7,11,16,19],"killed_by":"Masked Bandits","ascension_level":20}