{"gold_per_floor":[217,217,86,86,9,9,9,9,9,28,28,45,2,22,22,93,93,106,27,27,39,52,52,52,70,95,95,105,119,119,34,34,34],"floor_reached":33,"playtime":733,"items_purged":["Strike_B"],"score":470,"play_id":"0931a773-2e39-419e-bd55-98e86dfe51fd","local_time":"20190219150101","is_ascension_mode":true,"campfire_choices":[{"data":"Defragment","floor":6,"key":"SMITH"},{"data":"Defragment","floor":15,"key":"SMITH"},{"data":"Fission","floor":23,"key":"SMITH"},{"data":"Zap","floor":27,"key":"SMITH"},{"floor":32,"key":"REST"}],"neow_cost":"NONE","seed_source_timestamp":107033180579370,"circlet_count":0,"master_deck":["AscendersBane","Strike_B","Strike_B","Defend_B","Defend_B","Defend_B","Defend_B","Zap+1","Dualcast","Gash","Defragment+1","Defragment+1","Auto Shields","Ball Lightning","Tempest","Cold Snap","Fission+1","Glacier","Ball Lightning","BootSequence","Doom and Gloom","Darkness+1","Capacitor","Reboot","FTL","Blizzard+1"],"relics":["Cracked Core","Smiling Mask","Meat on the Bone","Orrery","Cables","Ancient Tea Set","Bronze Scales"],"potions_floor_usage":[16,21,22,33,33],"damage_taken":[{"damage":7,"enemies":"Jaw Worm","floor":1,"turns":3},{"damage":17,"enemies":"Small Slimes","floor":10,"turns":3},{"damage":0,"enemies":"Cultist","floor":12,"turns":4},{"damage":19,"enemies":"Lots of Slimes","floor":14,"turns":3},{"damage":29,"enemies":"Hexaghost","floor":16,"turns":8},{"damage":20,"enemies":"Chosen","floor":18,"turns":4},{"damage":14,"enemies":"2 Thieves","floor":21,"turns":3},{"damage":5,"enemies":"Snake Plant","floor":22,"turns":4},{"damage":9,"enemies":"Shelled Parasite and Fungi","floor":25,"turns":6},{"damage":13,"enemies":"Centurion and Healer","floor":28,"turns":8},{"damage":24,"enemies":"Cultist and Chosen","floor":29,"turns":5},{"damage":33,"enemies":"Colosseum Slavers","floor":30,"turns":5},{"damage":39,"enemies":"Automaton","floor":33,"turns":6}],"seed_played":"-8572849243393759794","potions_obtained":[{"floor":10,"key":"Strength Potion"},{"floor":14,"key":"Fire Potion"},{"floor":21,"key":"SpeedPotion"},{"floor":22,"key":"SpeedPotion"}],"is_trial":false,"path_per_floor":["M","?","$","?","$","R","?","$","T","M","?","M","$","M","R","B",null,"M","$","?","M","M","R","?","M","T","R","M","M","?","?","R","B"],"character_chosen":"DEFECT","items_purchased":["Defragment","Defragment","Tempest","Regen Potion"],"campfire_rested":1,"item_purchase_floors":[3,5,13,19],"current_hp_per_floor":[57,22,22,45,45,45,38,38,38,33,33,45,45,38,38,21,59,39,39,39,37,44,44,44,47,47,47,46,34,13,13,34,0],"gold":34,"neow_bonus":"HUNDRED_GOLD","is_prod":false,"is_daily":false,"chose_seed":false,"campfire_upgraded":4,"win_rate":0,"timestamp":1550613661,"path_taken":["M","?","$","?","$","R","?","$","T","M","?","?","?","?","R","BOSS","M","$","?","?","M","R","?","M","T","R","M","M","?","?","R","BOSS"],"build_version":"2019-02-06","purchased_purges":1,"victory":false,"max_hp_per_floor":[71,71,71,71,71,71,71,71,71,71,71,71,71,71,71,71,71,71,71,71,71,71,71,71,71,71,71,71,71,71,71,71,71],"card_choices":[{"not_picked":["Coolheaded","Turbo"],"picked":"Gash","floor":1},{"not_picked":["Gash","Hello World"],"picked":"Auto Shields","floor":10},{"not_picked":["BootSequence","Self Repair"],"picked":"Ball Lightning","floor":12},{"not_picked":["Multi-Cast","Darkness"],"picked":"Cold Snap","floor":14},{"not_picked":["Buffer","Thunder Strike"],"picked":"Fission","floor":16},{"not_picked":["Turbo","Melter"],"picked":"Compile Driver","floor":17},{"not_picked":["Ball Lightning","Aggregate"],"picked":"Glacier","floor":17},{"not_picked":["Compile Driver","Barrage"],"picked":"Ball Lightning","floor":17},{"not_picked":["Turbo","Conserve Battery"],"picked":"BootSequence","floor":17},{"not_picked":["Darkness","Turbo"],"picked":"Doom and Gloom","floor":17},{"not_picked":["Doom and Gloom","BootSequence"],"picked":"Darkness+1","floor":18},{"not_picked":["Go for the Eyes","Doom and Gloom"],"picked":"Capacitor","floor":21},{"not_picked":["Gash","Reinforced Body"],"picked":"Reboot","floor":22},{"not_picked":["Aggregate+1","Steam"],"picked":"FTL","floor":25},{"not_picked":["Blizzard","Sweeping Beam","Gash"],"picked":"SKIP","floor":28},{"not_picked":["Steam","Compile Driver"],"picked":"Blizzard+1","floor":29}],"player_experience":1116766,"relics_obtained":[{"floor":9,"key":"Meat on the Bone"},{"floor":26,"key":"Ancient Tea Set"}],"event_choices":[{"damage_healed":0,"gold_gain":0,"player_choice":"Success","damage_taken":35,"relics_obtained":["Smiling Mask"],"max_hp_gain":0,"max_hp_loss":0,"event_name":"Scrap Ooze","floor":2,"gold_loss":0},{"damage_healed":23,"gold_gain":0,"player_choice":"Banana","damage_taken":0,"max_hp_gain":0,"max_hp_loss":0,"event_name":"Big Fish","floor":4,"gold_loss":0},{"cards_removed":["Strike_B"],"damage_healed":0,"gold_gain":0,"player_choice":"Card Removal","damage_taken":7,"max_hp_gain":0,"max_hp_loss":0,"event_name":"Golden Wing","floor":7,"gold_loss":0},{"damage_healed":0,"gold_gain":0,"player_choice":"Leave","damage_taken":0,"max_hp_gain":0,"max_hp_loss":0,"event_name":"The Cleric","floor":11,"gold_loss":0},{"cards_removed":["Compile Driver"],"damage_healed":0,"gold_gain":0,"player_choice":"Gave Card","damage_taken":0,"relics_obtained":["Cables"],"max_hp_gain":0,"max_hp_loss":0,"event_name":"WeMeetAgain","floor":20,"gold_loss":0},{"damage_healed":0,"gold_gain":0,"player_choice":"Ignored","damage_taken":0,"max_hp_gain":0,"max_hp_loss":0,"event_name":"Beggar","floor":24,"gold_loss":0},{"damage_healed":0,"gold_gain":0,"player_choice":"Fight","damage_taken":0,"max_hp_gain":0,"max_hp_loss":0,"event_name":"Colosseum","floor":30,"gold_loss":0},{"damage_healed":0,"gold_gain":0,"player_choice":"Fled From Nobs","damage_taken":0,"max_hp_gain":0,"max_hp_loss":0,"event_name":"Colosseum","floor":30,"gold_loss":0},{"damage_healed":0,"gold_gain":0,"player_choice":"Obtained Relic","damage_taken":0,"relics_obtained":["Bronze Scales"],"max_hp_gain":0,"max_hp_loss":0,"event_name":"Addict","floor":31,"gold_loss":85}],"is_beta":true,"boss_relics":[{"not_picked":["White Beast Statue","Runic Pyramid"],"picked":"Orrery"}],"items_purged_floors":[3],"is_endless":false,"potions_floor_spawned":[10,14,21,22,25],"killed_by":"Automaton","ascension_level":20}