{"path_per_floor":["M","?","?","M","$","R","E","R","T","R","?","M","M","?","R","B",null,"M","$","?","?","M"],"character_chosen":"THE_SILENT","items_purchased":["Well Laid Plans","Riddle With Holes","Paper Crane"],"gold_per_floor":[117,117,117,137,28,28,60,60,84,84,84,107,126,126,126,247,247,260,4,4,4,27],"floor_reached":23,"campfire_rested":0,"playtime":1518,"current_hp_per_floor":[73,58,58,49,49,49,32,32,32,32,32,32,31,31,31,16,57,48,48,48,40,34],"items_purged":[],"gold":27,"score":234,"play_id":"30cd9894-5682-4edb-bc3f-eb032d63bdb0","is_prod":false,"is_daily":false,"is_ascension_mode":true,"campfire_upgraded":4,"path_taken":["M","?","?","?","?","R","E","R","T","R","?","M","M","?","R","BOSS","M","$","?","?","M","E"],"build_version":"2018-02-15-PROD1","purchased_purges":0,"victory":false,"master_deck":["Defend_G","Defend_G","Defend_G","Defend_G","Defend_G","Strike_G","Strike_G","Strike_G","Strike_G+1","Strike_G","Survivor+1","Neutralize+1","Crippling Poison+1","Venomology+1","Calculated Gamble","Well Laid Plans+1","Riddle With Holes","Choke+1","Cloak And Dagger+1","Bullet Time","Flechettes+1","Flying Knee+1"],"max_hp_per_floor":[77,77,77,77,77,77,77,77,77,77,71,71,71,71,71,71,71,71,71,71,71,71],"relics":["Ring of the Snake","Mango","Letter Opener","Whetstone","Golden Idol","The Specimen","Paper Crane"],"card_choices":[{"not_picked":["Catalyst","Sucker Punch"],"picked":"Crippling Poison"},{"not_picked":["Quick Slash","Cloak And Dagger"],"picked":"Calculated Gamble"},{"not_picked":["Deflect","Cloak And Dagger"],"picked":"Choke"},{"not_picked":["Dodge and Roll","Acrobatics"],"picked":"Cloak And Dagger"},{"not_picked":["Tactician","Unload"],"picked":"Bullet Time"},{"not_picked":["Underhanded Strike","Setup"],"picked":"Flechettes"},{"not_picked":["Dagger Spray","Eviscerate"],"picked":"Flying Knee"}],"player_experience":343541,"potions_floor_usage":[7,13,16,18,18,22,23,23,23],"damage_taken":[{"damage":4,"enemies":"2 Louse","floor":1,"turns":3},{"damage":9,"enemies":"Jaw Worm","floor":4,"turns":5},{"damage":17,"enemies":"3 Sentries","floor":7,"turns":9},{"damage":0,"enemies":"Cultist","floor":12,"turns":3},{"damage":1,"enemies":"Looter","floor":13,"turns":2},{"damage":15,"enemies":"The Guardian","floor":16,"turns":11},{"damage":9,"enemies":"Spheric Guardian","floor":18,"turns":8},{"damage":6,"enemies":"3 Byrds","floor":22,"turns":3},{"damage":38,"enemies":"Book of Stabbing","floor":23,"turns":4}],"event_choices":[{"event_name":"Shining Light","player_choice":"Entered Light","floor":2,"damage_taken":0},{"event_name":"Match and Keep!","player_choice":"1 cards matched","floor":3,"damage_taken":0},{"event_name":"Golden Idol","player_choice":"Lose Max HP","floor":11,"damage_taken":0},{"event_name":"Liars Game","player_choice":"disagreed","floor":14,"damage_taken":0},{"event_name":"Addict","player_choice":"Ignored","floor":20,"damage_taken":0},{"event_name":"Knowing Skull","player_choice":"","floor":21,"damage_taken":0}],"boss_relics":[{"not_picked":["White Beast Statue","Velvet Choker"],"picked":"The Specimen"}],"potions_floor_spawned":[1,16,22],"seed_played":"-3715073287742578468","killed_by":"Book of Stabbing","ascension_level":5,"is_trial":false}