{"gold_per_floor":[109,125,125,144,163,188,188,222,275,309,309,35,35,46,46,124,124,137,52,68,68,79,79,113,113,139,173,173,273,253,264,264,339,339,353,7,7,23,23,55,55,55,130,162,162,174,206,60,60,60],"floor_reached":51,"playtime":2233,"items_purged":["Shame"],"score":1685,"play_id":"c110945c-0211-45a0-833f-4655cbf649c0","local_time":"20180911220115","is_ascension_mode":true,"campfire_choices":[{"data":"Anger","floor":7,"key":"SMITH"},{"data":"1","floor":15,"key":"LIFT"},{"data":"2","floor":23,"key":"LIFT"},{"data":"3","floor":25,"key":"LIFT"},{"data":"Apotheosis","floor":32,"key":"SMITH"},{"data":"Demon Form","floor":41,"key":"SMITH"},{"data":"Double Tap","floor":45,"key":"SMITH"},{"data":"Magnetism","floor":49,"key":"SMITH"}],"neow_cost":"CURSE","seed_source_timestamp":788908137795508,"circlet_count":0,"master_deck":["Strike_R","Strike_R","Strike_R","Strike_R","Strike_R","Defend_R","Defend_R","Defend_R","Bash","AscendersBane","Pommel Strike","Intimidate","Anger+1","Feed","Cleave","Thunderclap","Flame Barrier","Apotheosis+1","Uppercut","Shrug It Off","Immolate","Disarm","Heavy Blade","Heavy Blade","Heavy Blade+1","Barricade","Inflame","Double Tap+1","Heavy Blade+1","Good Instincts","Magnetism+1","Impatience","Demon Form+1","Flame Barrier+1","Shockwave+1"],"relics":["Burning Blood","Gambling Chip","Ancient Tea Set","Matryoshka","Boot","The Courier","Regal Pillow","Girya","Sundial","Pocketwatch","Unceasing Top","Runic Dome","Anchor","PreservedInsect","Juzu Bracelet","Dodecahedron","Self Forming Clay","Du-Vu Doll","Paper Frog","Velvet Choker","ClockworkSouvenir","Champion Belt","Toxic Egg 2","Blood Vial","Strawberry","Smiling Mask"],"potions_floor_usage":[6,6,14,29,33,33,46,50],"damage_taken":[{"damage":3,"enemies":"Cultist","floor":1,"turns":3},{"damage":0,"enemies":"Small Slimes","floor":2,"turns":3},{"damage":1,"enemies":"2 Louse","floor":4,"turns":3},{"damage":7,"enemies":"Blue Slaver","floor":5,"turns":4},{"damage":8,"enemies":"Gremlin Nob","floor":6,"turns":3},{"damage":43,"enemies":"Lagavulin","floor":8,"turns":6},{"damage":16,"enemies":"Gremlin Nob","floor":10,"turns":3},{"damage":6,"enemies":"Gremlin Gang","floor":14,"turns":3},{"damage":4,"enemies":"Slime Boss","floor":16,"turns":6},{"damage":0,"enemies":"3 Byrds","floor":18,"turns":3},{"damage":0,"enemies":"Spheric Guardian","floor":20,"turns":4},{"damage":13,"enemies":"Shelled Parasite and Fungi","floor":22,"turns":5},{"damage":0,"enemies":"Gremlin Leader","floor":24,"turns":4},{"damage":3,"enemies":"Book of Stabbing","floor":27,"turns":4},{"damage":0,"enemies":"Colosseum Slavers","floor":29,"turns":1},{"damage":0,"enemies":"Colosseum Nobs","floor":29,"turns":3},{"damage":4,"enemies":"Chosen and Byrds","floor":31,"turns":4},{"damage":26,"enemies":"Collector","floor":33,"turns":4},{"damage":6,"enemies":"Orb Walker","floor":35,"turns":2},{"damage":0,"enemies":"3 Darklings","floor":38,"turns":2},{"damage":28,"enemies":"Nemesis","floor":40,"turns":5},{"damage":0,"enemies":"Giant Head","floor":44,"turns":5},{"damage":0,"enemies":"4 Shapes","floor":46,"turns":3},{"damage":0,"enemies":"2 Orb Walkers","floor":47,"turns":2},{"damage":55,"enemies":"Awakened One","floor":50,"turns":9}],"seed_played":"-2818808180522525351","potions_obtained":[{"floor":1,"key":"Fire Potion"},{"floor":4,"key":"Poison Potion"},{"floor":10,"key":"PowerPotion"},{"floor":20,"key":"FearPotion"},{"floor":27,"key":"Weak Potion"},{"floor":30,"key":"GamblersBrew"},{"floor":38,"key":"LiquidBronze"},{"floor":40,"key":"Explosive Potion"},{"floor":44,"key":"Swift Potion"}],"is_trial":false,"path_per_floor":["M","M","?","M","M","E","R","E","T","E","T","$","?","M","R","B",null,"M","?","M","?","M","R","E","R","T","E","T","?","?","M","R","B",null,"M","$","?","M","?","E","R","$","T","E","R","M","E","?","R","B"],"character_chosen":"IRONCLAD","items_purchased":["Apotheosis","Uppercut","Inflame","ClockworkSouvenir","Double Tap"],"campfire_rested":0,"item_purchase_floors":[12,12,36,36,36],"current_hp_per_floor":[71,75,70,75,74,72,72,35,35,28,28,28,28,31,31,33,69,75,75,81,81,74,74,80,80,80,81,81,84,84,88,88,68,83,83,83,83,88,78,56,56,56,56,62,62,74,89,89,89,45],"gold":60,"neow_bonus":"ONE_RARE_RELIC","is_prod":false,"is_daily":false,"chose_seed":false,"campfire_upgraded":5,"win_rate":0,"timestamp":1536717675,"path_taken":["M","?","?","M","?","E","R","E","T","E","?","$","?","?","R","BOSS","M","?","M","?","M","R","E","R","T","E","?","?","?","M","R","BOSS","M","$","?","M","?","E","R","$","T","E","R","M","E","?","R","BOSS"],"build_version":"2018-09-06","purchased_purges":1,"victory":true,"max_hp_per_floor":[75,75,75,75,75,75,75,75,75,78,78,78,78,81,81,81,81,81,81,81,81,81,81,81,81,81,81,81,84,84,88,88,88,88,88,88,88,88,88,88,88,88,88,88,88,92,99,99,99,102],"card_choices":[{"not_picked":["Intimidate","Shrug It Off"],"picked":"Pommel Strike","floor":1},{"not_picked":["Iron Wave","Clash"],"picked":"Intimidate","floor":2},{"not_picked":["Power Through","Havoc"],"picked":"Anger","floor":4},{"not_picked":["Clothesline","Shockwave"],"picked":"Feed","floor":5},{"not_picked":["Armaments","Evolve"],"picked":"Cleave","floor":6},{"not_picked":["Anger","Armaments"],"picked":"Thunderclap","floor":8},{"not_picked":["Clash","Headbutt"],"picked":"Flame Barrier","floor":10},{"not_picked":["Combust","Perfected Strike"],"picked":"Shrug It Off","floor":14},{"not_picked":["Exhume","Offering"],"picked":"Immolate","floor":16},{"not_picked":["Corruption","Pommel Strike","True Grit"],"picked":"SKIP","floor":18},{"not_picked":["Clash","Anger","Wild Strike"],"picked":"SKIP","floor":20},{"not_picked":["Uppercut+1","Shrug It Off","Perfected Strike"],"picked":"SKIP","floor":22},{"not_picked":["Exhume","Clash"],"picked":"Disarm","floor":24},{"not_picked":["Thunderclap","Twin Strike"],"picked":"Heavy Blade","floor":27},{"not_picked":["Twin Strike","Brutality"],"picked":"Heavy Blade","floor":29},{"not_picked":["Rupture","Flex"],"picked":"Heavy Blade+1","floor":31},{"not_picked":["Bludgeon","Exhume"],"picked":"Barricade","floor":33},{"not_picked":["Seeing Red","Headbutt","Wild Strike+1"],"picked":"SKIP","floor":35},{"not_picked":["Sword Boomerang","Wild Strike"],"picked":"Heavy Blade+1","floor":38},{"not_picked":["Blind","Trip"],"picked":"Good Instincts","floor":39},{"not_picked":["Bandage Up","Dark Shackles"],"picked":"Magnetism","floor":39},{"not_picked":["Good Instincts","Madness"],"picked":"Impatience","floor":39},{"not_picked":["Dropkick+1","Clothesline"],"picked":"Demon Form","floor":40},{"not_picked":["Rampage+1","Rupture+1","Clothesline"],"picked":"SKIP","floor":44},{"not_picked":["Headbutt","Anger+1"],"picked":"Flame Barrier+1","floor":46},{"not_picked":["Clash","Wild Strike"],"picked":"Shockwave+1","floor":47}],"player_experience":1004313,"relics_obtained":[{"floor":6,"key":"Matryoshka"},{"floor":8,"key":"Boot"},{"floor":9,"key":"The Courier"},{"floor":9,"key":"Regal Pillow"},{"floor":10,"key":"Girya"},{"floor":11,"key":"Sundial"},{"floor":11,"key":"Pocketwatch"},{"floor":24,"key":"PreservedInsect"},{"floor":26,"key":"Juzu Bracelet"},{"floor":27,"key":"Dodecahedron"},{"floor":28,"key":"Self Forming Clay"},{"floor":29,"key":"Du-Vu Doll"},{"floor":29,"key":"Paper Frog"},{"floor":40,"key":"Champion Belt"},{"floor":43,"key":"Toxic Egg 2"},{"floor":44,"key":"Blood Vial"},{"floor":47,"key":"Strawberry"}],"event_choices":[{"event_name":"Scrap Ooze","player_choice":"success","floor":3,"damage_taken":5},{"event_name":"Dead Adventurer","player_choice":"Searched \u00271\u0027 times","floor":13,"damage_taken":0},{"event_name":"Addict","player_choice":"Obtained Relic","floor":19,"damage_taken":0},{"event_name":"N\u0027loth","player_choice":"Ignored","floor":21,"damage_taken":0},{"event_name":"Colosseum","player_choice":"Fight","floor":29,"damage_taken":0},{"event_name":"Colosseum","player_choice":"Fought Nobs","floor":29,"damage_taken":0},{"event_name":"The Woman in Blue","player_choice":"Bought 1 Potion","floor":30,"damage_taken":0},{"event_name":"Falling","player_choice":"Removed Skill","floor":37,"damage_taken":0},{"event_name":"SensoryStone","player_choice":"Memory 3","floor":39,"damage_taken":0},{"event_name":"WeMeetAgain","player_choice":"Gold","floor":48,"damage_taken":0}],"is_beta":false,"boss_relics":[{"not_picked":["Tiny House","Cursed Key"],"picked":"Runic Dome"},{"not_picked":["Mark of Pain","Lizard Tail"],"picked":"Velvet Choker"}],"items_purged_floors":[12],"is_endless":false,"potions_floor_spawned":[1,4,10,20,27,29,31,38,40,44],"ascension_level":16}