{"gold_per_floor":[117,127,127,142,217,217,246,246,246,246,100,126,149,176,188,278,290,314,326,338,362,374,386,426,438,500,512,557,584,609,646,658,670],"floor_reached":33,"playtime":1111,"items_purged":[],"score":543,"play_id":"d48a76ed-d91d-4f0a-b735-02fc235f63af","local_time":"20180817190606","is_ascension_mode":true,"campfire_choices":[{"data":"Feed","floor":6,"key":"SMITH"},{"data":"Bash","floor":8,"key":"SMITH"},{"data":"Clothesline","floor":10,"key":"SMITH"},{"floor":15,"key":"REST"},{"floor":23,"key":"REST"},{"floor":25,"key":"REST"},{"floor":32,"key":"REST"}],"neow_cost":"NONE","seed_source_timestamp":212834055945026,"circlet_count":0,"master_deck":["Strike_R+1","Strike_R+1","Strike_R+1","Strike_R+1","Strike_R+1","Defend_R+1","Defend_R+1","Defend_R+1","Defend_R+1","Bash+1","AscendersBane","Clothesline+1","Cleave+1","Feed+1","Whirlwind+1","Dropkick+1","Cleave+1","Immolate+1","Thunderclap+1","Clash+1","Necronomicurse","RitualDagger+1","True Grit+1","Body Slam+1"],"relics":["Sozu","Molten Egg 2","Centennial Puzzle","MawBank","Fusion Hammer","Necronomicon","Bronze Scales","Art of War","Orichalcum"],"potions_floor_usage":[],"damage_taken":[{"damage":0,"enemies":"Cultist","floor":1,"turns":3},{"damage":0,"enemies":"Small Slimes","floor":2,"turns":3},{"damage":5,"enemies":"2 Louse","floor":4,"turns":2},{"damage":26,"enemies":"Lagavulin","floor":7,"turns":8},{"damage":8,"enemies":"Blue Slaver","floor":12,"turns":2},{"damage":0,"enemies":"3 Louse","floor":13,"turns":2},{"damage":0,"enemies":"Lots of Slimes","floor":14,"turns":1},{"damage":12,"enemies":"Slime Boss","floor":16,"turns":6},{"damage":12,"enemies":"2 Thieves","floor":18,"turns":2},{"damage":0,"enemies":"Spheric Guardian","floor":21,"turns":2},{"damage":12,"enemies":"Book of Stabbing","floor":24,"turns":3},{"damage":0,"enemies":"Gremlin Leader","floor":28,"turns":3},{"damage":6,"enemies":"Centurion and Healer","floor":29,"turns":2},{"damage":12,"enemies":"Shelled Parasite and Fungi","floor":30,"turns":3},{"damage":77,"enemies":"Champ","floor":33,"turns":6}],"seed_played":"1379732207990778150","potions_obtained":[],"is_trial":false,"path_per_floor":["M","M","?","M","?","R","E","R","T","R","$","M","M","M","R","B",null,"M","?","$","M","?","R","E","R","T","?","E","M","M","T","R"],"character_chosen":"IRONCLAD","items_purchased":["MawBank"],"campfire_rested":4,"item_purchase_floors":[11],"current_hp_per_floor":[68,68,68,63,52,52,26,26,26,26,26,18,18,18,40,28,63,55,55,55,55,34,57,45,68,68,62,62,56,44,44,67,0],"gold":670,"neow_bonus":"BOSS_RELIC","is_prod":false,"is_daily":false,"chose_seed":false,"campfire_upgraded":3,"win_rate":0,"timestamp":1534547166,"path_taken":["M","?","?","M","?","R","E","R","T","R","$","?","M","M","R","BOSS","M","?","?","M","?","R","E","R","T","?","E","M","?","?","R","BOSS"],"build_version":"2018-08-16","purchased_purges":0,"victory":false,"max_hp_per_floor":[75,75,75,75,75,75,75,75,75,75,75,75,75,75,75,75,75,79,79,79,79,79,79,79,79,79,79,79,79,79,79,79,79],"card_choices":[{"not_picked":["Headbutt","Pummel"],"picked":"Clothesline","floor":1},{"not_picked":["Blood for Blood","Sentinel"],"picked":"Cleave","floor":2},{"not_picked":["Evolve","Clash"],"picked":"Feed","floor":4},{"not_picked":["Body Slam","Headbutt"],"picked":"Whirlwind","floor":7},{"not_picked":["Shrug It Off","Body Slam+1"],"picked":"Dropkick+1","floor":12},{"not_picked":["Headbutt+1","Heavy Blade+1"],"picked":"Cleave+1","floor":13},{"not_picked":["Twin Strike+1","Infernal Blade","Pommel Strike+1"],"picked":"SKIP","floor":14},{"not_picked":["Demon Form","Offering"],"picked":"Immolate+1","floor":16},{"not_picked":["Perfected Strike+1","Metallicize"],"picked":"Thunderclap+1","floor":18},{"not_picked":["Armaments","Shrug It Off"],"picked":"Clash+1","floor":21},{"not_picked":["Pummel+1","Clothesline+1","Headbutt+1"],"picked":"SKIP","floor":24},{"not_picked":["True Grit","Hemokinesis+1","Wild Strike+1"],"picked":"SKIP","floor":28},{"not_picked":["Twin Strike+1","Combust"],"picked":"True Grit+1","floor":29},{"not_picked":["Pommel Strike+1","Exhume"],"picked":"Body Slam+1","floor":30}],"player_experience":962977,"relics_obtained":[{"floor":7,"key":"Molten Egg 2"},{"floor":9,"key":"Centennial Puzzle"},{"floor":22,"key":"Necronomicon"},{"floor":24,"key":"Bronze Scales"},{"floor":26,"key":"Art of War"},{"floor":31,"key":"Orichalcum"}],"event_choices":[{"event_name":"Living Wall","player_choice":"Grow","floor":3,"damage_taken":0},{"event_name":"World of Goop","player_choice":"Gather Gold","floor":5,"damage_taken":0},{"event_name":"Back to Basics","player_choice":"Simplicity","floor":19,"damage_taken":0},{"event_name":"Cursed Tome","player_choice":"Obtained Book","floor":22,"damage_taken":0},{"event_name":"Nest","player_choice":"Joined the Cult","floor":27,"damage_taken":0}],"is_beta":false,"boss_relics":[{"not_picked":["Runic Pyramid","White Beast Statue"],"picked":"Fusion Hammer"}],"items_purged_floors":[],"is_endless":false,"potions_floor_spawned":[12,13,16,24,29],"killed_by":"Champ","ascension_level":15}