{"gold_per_floor":[111,111,131,145,168,168,243,277,277,277],"floor_reached":10,"playtime":374,"items_purged":[],"score":136,"play_id":"b81801b2-e54f-4d90-a129-ee3757b8ace1","local_time":"20190422160800","is_ascension_mode":true,"campfire_choices":[{"data":"Zap","floor":6,"key":"SMITH"}],"neow_cost":"NONE","seed_source_timestamp":942430364946879,"circlet_count":0,"master_deck":["AscendersBane","Strike_B","Strike_B","Strike_B","Strike_B","Defend_B","Defend_B","Defend_B","Defend_B","Zap+1","Dualcast","Go for the Eyes","Ball Lightning","Leap","Hologram","Capacitor"],"relics":["Cracked Core","Golden Idol","Juzu Bracelet","Matryoshka"],"potions_floor_usage":[8,10,10],"damage_taken":[{"damage":2,"enemies":"2 Louse","floor":1,"turns":2},{"damage":6,"enemies":"Small Slimes","floor":3,"turns":4},{"damage":7,"enemies":"Jaw Worm","floor":4,"turns":2},{"damage":17,"enemies":"Lots of Slimes","floor":5,"turns":4},{"damage":13,"enemies":"Lagavulin","floor":8,"turns":8},{"damage":15,"enemies":"Exordium Thugs","floor":10,"turns":2}],"seed_played":"-3504188758881914550","potions_obtained":[{"floor":3,"key":"Strength Potion"},{"floor":5,"key":"GamblersBrew"},{"floor":8,"key":"Energy Potion"}],"is_trial":false,"path_per_floor":["M","?","M","M","M","R","?","E","T","M"],"character_chosen":"DEFECT","items_purchased":[],"campfire_rested":0,"item_purchase_floors":[],"current_hp_per_floor":[69,69,63,56,39,39,28,15,15,0],"gold":277,"neow_bonus":"TEN_PERCENT_HP_BONUS","is_prod":false,"is_daily":false,"chose_seed":false,"campfire_upgraded":1,"win_rate":0,"timestamp":1555963680,"path_taken":["M","?","M","M","M","R","?","E","T","M"],"build_version":"2019-01-23","purchased_purges":0,"victory":false,"max_hp_per_floor":[78,71,71,71,71,71,71,71,71,71],"card_choices":[{"not_picked":["Beam Cell","Sweeping Beam"],"picked":"Go for the Eyes","floor":1},{"not_picked":["Leap","Hello World"],"picked":"Ball Lightning","floor":3},{"not_picked":["Scrape","Compile Driver"],"picked":"Leap","floor":4},{"not_picked":["Static Discharge","Steam"],"picked":"Hologram","floor":5},{"not_picked":["Go for the Eyes","Coolheaded"],"picked":"Capacitor","floor":8}],"player_experience":1870795,"relics_obtained":[{"floor":8,"key":"Juzu Bracelet"},{"floor":9,"key":"Matryoshka"}],"event_choices":[{"damage_healed":0,"gold_gain":0,"player_choice":"Lose Max HP","damage_taken":0,"relics_obtained":["Golden Idol"],"max_hp_gain":0,"max_hp_loss":7,"event_name":"Golden Idol","floor":2,"gold_loss":0},{"damage_healed":0,"gold_gain":75,"player_choice":"Gather Gold","damage_taken":11,"max_hp_gain":0,"max_hp_loss":0,"event_name":"World of Goop","floor":7,"gold_loss":0}],"is_beta":false,"boss_relics":[],"items_purged_floors":[],"is_endless":false,"potions_floor_spawned":[3,5,8],"killed_by":"Exordium Thugs","ascension_level":20}