{"gold_per_floor":[115,130,140,215,215,215,233,233,233,244,224,240,240,269,269,269],"floor_reached":16,"playtime":703,"items_purged":[],"score":233,"play_id":"5e9197a7-66a3-45e8-b383-052e9f81947d","local_time":"20190316022548","is_ascension_mode":true,"campfire_choices":[{"data":"Flex","floor":6,"key":"SMITH"},{"data":"Bash","floor":8,"key":"SMITH"},{"data":"Uppercut","floor":13,"key":"SMITH"},{"data":"Pommel Strike","floor":15,"key":"SMITH"}],"neow_cost":"CURSE","seed_source_timestamp":227584878562265,"circlet_count":0,"master_deck":["AscendersBane","Strike_R","Strike_R","Strike_R","Strike_R","Strike_R","Defend_R","Defend_R","Defend_R","Defend_R","Bash+1","Injury","Feed+1","Flex+1","Iron Wave","Reaper","Headbutt","Feel No Pain","Uppercut+1","Shrug It Off","Pommel Strike+1"],"relics":["Burning Blood","Mummified Hand","Ice Cream"],"potions_floor_usage":[3,12,14],"damage_taken":[{"damage":21,"enemies":"Jaw Worm","floor":1,"turns":7},{"damage":12,"enemies":"2 Louse","floor":2,"turns":3},{"damage":14,"enemies":"Small Slimes","floor":3,"turns":4},{"damage":7,"enemies":"Looter","floor":7,"turns":3},{"damage":11,"enemies":"Blue Slaver","floor":10,"turns":4},{"damage":26,"enemies":"Exordium Thugs","floor":11,"turns":4},{"damage":12,"enemies":"2 Fungi Beasts","floor":12,"turns":3},{"damage":14,"enemies":"Lagavulin","floor":14,"turns":6},{"damage":71,"enemies":"Hexaghost","floor":16,"turns":10}],"seed_played":"2697255285331956011","potions_obtained":[{"floor":1,"key":"Dexterity Potion"},{"floor":3,"key":"Fruit Juice"},{"floor":11,"key":"FearPotion"}],"is_trial":false,"path_per_floor":["M","M","M","?","?","R","M","R","T","M","M","M","R","E","R","B"],"character_chosen":"IRONCLAD","items_purchased":[],"campfire_rested":0,"item_purchase_floors":[],"current_hp_per_floor":[56,53,53,42,42,42,45,45,45,48,44,62,62,64,64,0],"gold":269,"neow_bonus":"THREE_RARE_CARDS","is_prod":false,"is_daily":false,"chose_seed":false,"campfire_upgraded":4,"win_rate":0,"timestamp":1552717548,"path_taken":["M","M","M","?","?","R","M","R","T","M","M","M","R","E","R","BOSS"],"build_version":"2019-01-23","purchased_purges":0,"victory":false,"max_hp_per_floor":[78,81,89,89,89,89,93,93,93,97,97,101,101,105,105,105],"card_choices":[{"not_picked":["Limit Break","Impervious"],"picked":"Feed","floor":0},{"not_picked":["Rage","Warcry"],"picked":"Flex","floor":1},{"not_picked":["Sentinel","Bloodletting"],"picked":"Iron Wave","floor":2},{"not_picked":["Sword Boomerang","Pommel Strike"],"picked":"Reaper","floor":3},{"not_picked":["Anger","Perfected Strike"],"picked":"Headbutt","floor":7},{"not_picked":["Heavy Blade","Metallicize"],"picked":"Feel No Pain","floor":10},{"not_picked":["Body Slam","Clash"],"picked":"Uppercut","floor":11},{"not_picked":["Twin Strike","Warcry"],"picked":"Shrug It Off","floor":12},{"not_picked":["Intimidate","Iron Wave"],"picked":"Pommel Strike","floor":14}],"player_experience":1152717,"relics_obtained":[{"floor":9,"key":"Mummified Hand"},{"floor":14,"key":"Ice Cream"}],"event_choices":[{"damage_healed":0,"gold_gain":75,"player_choice":"Gather Gold","damage_taken":11,"max_hp_gain":0,"max_hp_loss":0,"event_name":"World of Goop","floor":4,"gold_loss":0},{"damage_healed":0,"gold_gain":0,"player_choice":"Grow","damage_taken":0,"max_hp_gain":0,"max_hp_loss":0,"event_name":"Living Wall","floor":5,"gold_loss":0,"cards_upgraded":["Feed"]}],"is_beta":false,"boss_relics":[],"items_purged_floors":[],"is_endless":false,"potions_floor_spawned":[1,3,11],"killed_by":"Hexaghost","ascension_level":20}