{"gold_per_floor":[116,191,191,207,143,143,153,153,180,192,218,62,90,106,106,177,177,187,68,85,85,105,105,105,105,130,130,150,181,17,17],"floor_reached":31,"playtime":729,"items_purged":["Strike_B"],"score":551,"play_id":"14c1abe7-42b9-4c7e-97ae-2986cb0a15ce","local_time":"20190208194904","is_ascension_mode":true,"campfire_choices":[{"data":"Zap","floor":6,"key":"SMITH"},{"data":"Streamline","floor":8,"key":"SMITH"},{"data":"Sunder","floor":15,"key":"SMITH"},{"data":"Recycle","floor":23,"key":"SMITH"},{"data":"Undo","floor":25,"key":"SMITH"},{"data":"Dualcast","floor":27,"key":"SMITH"}],"neow_cost":"NONE","seed_source_timestamp":461783827133753,"circlet_count":0,"master_deck":["AscendersBane","Defend_B","Defend_B","Defend_B","Defend_B","Zap+1","Dualcast+1","Undo+1","Coolheaded","Streamline+1","Recycle+1","Electrodynamics","Core Surge","Sunder+1","Thunder Strike","Compile Driver","Capacitor","Bite","Bite","Bite","Bite","Bite","Ball Lightning","Ball Lightning","Defragment","Fusion"],"relics":["Cracked Core","NeowsBlessing","FossilizedHelix","Boot","Happy Flower","Meat on the Bone","Velvet Choker","Ancient Tea Set","DataDisk"],"potions_floor_usage":[11,13,28],"damage_taken":[{"damage":0,"enemies":"Small Slimes","floor":1,"turns":2},{"damage":0,"enemies":"Jaw Worm","floor":4,"turns":1},{"damage":0,"enemies":"Cultist","floor":7,"turns":1},{"damage":8,"enemies":"Gremlin Gang","floor":10,"turns":5},{"damage":22,"enemies":"Gremlin Nob","floor":11,"turns":4},{"damage":8,"enemies":"3 Sentries","floor":13,"turns":6},{"damage":0,"enemies":"Looter","floor":14,"turns":2},{"damage":26,"enemies":"Slime Boss","floor":16,"turns":7},{"damage":22,"enemies":"2 Thieves","floor":18,"turns":5},{"damage":14,"enemies":"Shell Parasite","floor":20,"turns":4},{"damage":16,"enemies":"Snecko","floor":22,"turns":5},{"damage":24,"enemies":"Snake Plant","floor":28,"turns":3},{"damage":32,"enemies":"Gremlin Leader","floor":29,"turns":5},{"damage":20,"enemies":"Centurion and Healer","floor":31,"turns":2}],"seed_played":"-7237054500346214742","potions_obtained":[{"floor":1,"key":"FocusPotion"},{"floor":10,"key":"Ancient Potion"},{"floor":13,"key":"Ancient Potion"},{"floor":14,"key":"Weak Potion"},{"floor":18,"key":"GamblersBrew"}],"is_trial":false,"path_per_floor":["M","?","$","M","?","R","M","R","T","M","E","$","E","M","R","B",null,"M","$","M","?","M","R","?","R","T","R","M","E","$","M"],"character_chosen":"DEFECT","items_purchased":["Core Surge","Capacitor","Defragment","Fusion"],"campfire_rested":0,"item_purchase_floors":[12,19,30,30],"current_hp_per_floor":[64,53,53,53,53,53,53,53,53,45,23,23,15,27,27,13,57,47,47,45,45,35,35,35,35,35,35,25,13,13,0],"gold":17,"neow_bonus":"THREE_ENEMY_KILL","is_prod":false,"is_daily":false,"chose_seed":false,"campfire_upgraded":6,"win_rate":0,"timestamp":1549680544,"path_taken":["M","?","$","M","?","R","?","R","T","?","E","$","E","M","R","BOSS","M","$","M","?","M","R","?","R","T","R","M","E","$","M"],"build_version":"2019-02-06","purchased_purges":1,"victory":false,"max_hp_per_floor":[71,71,71,71,71,71,71,71,71,71,71,71,71,71,71,71,71,71,71,71,49,49,49,49,49,49,49,49,49,49,49],"card_choices":[{"not_picked":["Scrape","Turbo"],"picked":"Undo","floor":1},{"not_picked":["Reprogram","Barrage"],"picked":"Coolheaded","floor":4},{"not_picked":["Rebound","Sweeping Beam"],"picked":"Streamline","floor":7},{"not_picked":["Heatsinks","White Noise"],"picked":"Recycle","floor":10},{"not_picked":["Fusion","Rebound"],"picked":"Electrodynamics","floor":11},{"not_picked":["Turbo","Thunder Strike"],"picked":"Sunder","floor":13},{"not_picked":["Storm","Gash","Steam"],"picked":"SKIP","floor":14},{"not_picked":["Hyperbeam","All For One"],"picked":"Thunder Strike","floor":16},{"not_picked":["Sweeping Beam","Redo"],"picked":"Compile Driver","floor":18},{"not_picked":["Capacitor","Cold Snap","Chill"],"picked":"SKIP","floor":20},{"not_picked":["Gash","Redo","Darkness"],"picked":"SKIP","floor":22},{"not_picked":["Beam Cell","Stack"],"picked":"Ball Lightning","floor":28},{"not_picked":["Recycle+1","Hello World"],"picked":"Ball Lightning","floor":29}],"player_experience":1078697,"relics_obtained":[{"floor":9,"key":"Boot"},{"floor":11,"key":"Happy Flower"},{"floor":13,"key":"Meat on the Bone"},{"floor":26,"key":"Ancient Tea Set"},{"floor":29,"key":"DataDisk"}],"event_choices":[{"damage_healed":0,"gold_gain":75,"player_choice":"Gather Gold","damage_taken":11,"max_hp_gain":0,"max_hp_loss":0,"event_name":"World of Goop","floor":2,"gold_loss":0},{"damage_healed":0,"gold_gain":0,"player_choice":"Paid Gold","damage_taken":0,"relics_obtained":["FossilizedHelix"],"max_hp_gain":0,"max_hp_loss":0,"event_name":"WeMeetAgain","floor":5,"gold_loss":64},{"damage_healed":0,"gold_gain":0,"player_choice":"Became a vampire","damage_taken":0,"max_hp_gain":0,"max_hp_loss":22,"event_name":"Vampires","floor":21,"gold_loss":0,"cards_obtained":["Bite","Bite","Bite","Bite","Bite"]},{"damage_healed":0,"gold_gain":0,"player_choice":"Ignored","damage_taken":0,"max_hp_gain":0,"max_hp_loss":0,"event_name":"The Mausoleum","floor":24,"gold_loss":0}],"is_beta":true,"boss_relics":[{"not_picked":["Lizard Tail","Eternal Feather"],"picked":"Velvet Choker"}],"items_purged_floors":[19],"is_endless":false,"potions_floor_spawned":[1,10,13,14,18,22],"killed_by":"Centurion and Healer","ascension_level":20}