{"gold_per_floor":[109,109,128,128,128,157,157,182,182,208,158,174,197,24,24,125,125,145,145,160,160,11,44,44,373,398,431,431,446,446,464,464,562,562,577,577,592,93,112,112,146,163,163,204,216,262,5,19,19,19],"floor_reached":51,"playtime":2440,"items_purged":[],"score":1339,"play_id":"50b2aef0-0620-451d-a039-bb5789864c42","local_time":"20190313165929","is_ascension_mode":true,"campfire_choices":[{"data":"Hyperbeam","floor":7,"key":"SMITH"},{"data":"Zap","floor":15,"key":"SMITH"},{"data":"Panache","floor":24,"key":"SMITH"},{"data":"Machine Learning","floor":28,"key":"SMITH"},{"data":"Reboot","floor":30,"key":"SMITH"},{"data":"FTL","floor":32,"key":"SMITH"},{"data":"Chill","floor":40,"key":"SMITH"},{"data":"Hello World","floor":45,"key":"SMITH"},{"data":"Hello World","floor":49,"key":"SMITH"}],"neow_cost":"NONE","seed_source_timestamp":19026382608789,"circlet_count":0,"master_deck":["Strike_B+1","Strike_B+1","Defend_B","Defend_B","Defend_B","Defend_B","Zap+1","Dualcast+1","Hello World+1","Conserve Battery+1","Hyperbeam+1","BootSequence","Hello World+1","Panache+1","Machine Learning+1","Capacitor","Conserve Battery+1","Hologram","Reboot+1","Defragment","Gash","FTL+1","Electrodynamics","Gash+1","Gash+1","Steam+1","Capacitor","Chill+1","Storm+1","Glacier+1","Stack+1","Coolheaded+1","Chill","Blizzard","Hello World","Tempest"],"relics":["Cracked Core","NeowsBlessing","Pear","Regal Pillow","Bag of Preparation","Whetstone","Odd Mushroom","Art of War","Coffee Dripper","Omamori","DataDisk","Old Coin","Blood Vial","Dead Branch","Nuclear Battery","Tiny Chest","Vajra","Sling","Centennial Puzzle","MawBank","Shuriken","Ancient Tea Set"],"potions_floor_usage":[16,16,23,23,31,37,39,41,46,46,50,50],"damage_taken":[{"damage":0,"enemies":"Small Slimes","floor":1,"turns":1},{"damage":0,"enemies":"2 Louse","floor":3,"turns":1},{"damage":0,"enemies":"3 Sentries","floor":6,"turns":1},{"damage":29,"enemies":"Gremlin Nob","floor":8,"turns":4},{"damage":0,"enemies":"The Mushroom Lair","floor":10,"turns":2},{"damage":0,"enemies":"Jaw Worm","floor":12,"turns":3},{"damage":11,"enemies":"Hexaghost","floor":16,"turns":6},{"damage":2,"enemies":"Shell Parasite","floor":18,"turns":4},{"damage":8,"enemies":"Chosen","floor":20,"turns":5},{"damage":0,"enemies":"Gremlin Leader","floor":23,"turns":6},{"damage":0,"enemies":"Book of Stabbing","floor":25,"turns":5},{"damage":9,"enemies":"Slavers","floor":27,"turns":2},{"damage":0,"enemies":"3 Cultists","floor":29,"turns":2},{"damage":0,"enemies":"Snake Plant","floor":31,"turns":2},{"damage":25,"enemies":"Champ","floor":33,"turns":7},{"damage":17,"enemies":"3 Darklings","floor":35,"turns":2},{"damage":0,"enemies":"Orb Walker","floor":37,"turns":2},{"damage":11,"enemies":"Maw","floor":39,"turns":4},{"damage":2,"enemies":"Giant Head","floor":41,"turns":5},{"damage":0,"enemies":"Sphere and 2 Shapes","floor":42,"turns":2},{"damage":15,"enemies":"Reptomancer","floor":44,"turns":3},{"damage":0,"enemies":"Giant Head","floor":46,"turns":5},{"damage":0,"enemies":"3 Darklings","floor":48,"turns":3},{"damage":0,"enemies":"Donu and Deca","floor":50,"turns":5}],"seed_played":"-6592428928287657487","potions_obtained":[{"floor":3,"key":"Dexterity Potion"},{"floor":6,"key":"Strength Potion"},{"floor":16,"key":"Regen Potion"},{"floor":20,"key":"EssenceOfSteel"},{"floor":25,"key":"FearPotion"},{"floor":29,"key":"AttackPotion"},{"floor":33,"key":"Block Potion"},{"floor":37,"key":"AttackPotion"},{"floor":39,"key":"AttackPotion"},{"floor":44,"key":"Weak Potion"},{"floor":46,"key":"PowerPotion"}],"is_trial":false,"path_per_floor":["M","?","M","?","?","E","R","E","T","?","?","M","T","$","R","B",null,"M","?","M","?","$","E","R","E","T","E","R","M","R","M","R","B",null,"M","?","M","$","M","R","E","M","T","E","R","E","$","M","R","B",null],"character_chosen":"DEFECT","items_purchased":["Panache","Omamori","Capacitor","Tiny Chest","Vajra","Sling","Chill","Blizzard","Hello World","FearPotion"],"campfire_rested":0,"item_purchase_floors":[14,22,38,38,38,38,47,47,47,47],"current_hp_per_floor":[68,71,71,76,58,58,58,29,29,29,29,29,29,29,29,18,72,70,70,62,62,62,77,77,77,77,70,70,72,72,74,74,51,80,65,65,67,67,58,58,58,60,60,47,47,49,49,51,51,53],"gold":19,"neow_bonus":"THREE_ENEMY_KILL","is_prod":false,"is_daily":false,"chose_seed":false,"campfire_upgraded":9,"win_rate":0,"timestamp":1552510769,"path_taken":["M","?","M","?","?","E","R","E","T","?","?","?","?","$","R","BOSS","M","?","M","?","$","E","R","E","T","E","R","?","R","M","R","BOSS","M","?","M","$","M","R","E","?","T","E","R","E","?","M","R","BOSS"],"build_version":"2019-01-23","purchased_purges":0,"victory":true,"max_hp_per_floor":[75,85,85,90,90,90,90,90,90,90,90,90,90,90,90,90,90,90,90,90,90,90,90,90,90,90,90,90,90,90,90,90,90,90,90,90,90,90,90,90,90,90,90,90,90,90,90,90,90,90],"card_choices":[{"not_picked":["Stack","Streamline"],"picked":"Hello World","floor":1},{"not_picked":["Hologram","Turbo"],"picked":"Conserve Battery","floor":3},{"not_picked":["Loop","Consume"],"picked":"Hyperbeam","floor":6},{"not_picked":["Coolheaded","Lockon"],"picked":"BootSequence","floor":8},{"not_picked":["Go for the Eyes","Leap"],"picked":"Hello World","floor":10},{"not_picked":["Barrage","Redo","Multi-Cast"],"picked":"SKIP","floor":12},{"not_picked":["Meteor Strike","Reboot"],"picked":"Machine Learning","floor":16},{"not_picked":["Leap","Redo","Skim"],"picked":"SKIP","floor":18},{"not_picked":["Cold Snap","Turbo"],"picked":"Conserve Battery+1","floor":20},{"not_picked":["Compile Driver","Beam Cell+1"],"picked":"Reboot","floor":23},{"not_picked":["Leap","Barrage"],"picked":"Defragment","floor":25},{"not_picked":["Streamline","Beam Cell","Steam"],"picked":"SKIP","floor":27},{"not_picked":["Turbo","Multi-Cast"],"picked":"Gash","floor":29},{"not_picked":["Leap","Melter"],"picked":"FTL","floor":31},{"not_picked":["Seek","Hyperbeam"],"picked":"Electrodynamics","floor":33},{"not_picked":["Go for the Eyes+1","Skim"],"picked":"Gash+1","floor":35},{"not_picked":["Sweeping Beam","Rebound"],"picked":"Steam+1","floor":37},{"not_picked":["Hyperbeam","Doom and Gloom"],"picked":"Chill","floor":39},{"not_picked":["Coolheaded+1","Hologram"],"picked":"Storm+1","floor":41},{"not_picked":["Static Discharge","Redo+1"],"picked":"Glacier+1","floor":42},{"not_picked":["Genetic Algorithm+1","Recycle"],"picked":"Stack+1","floor":44},{"not_picked":["Double Energy","Barrage"],"picked":"Coolheaded+1","floor":46},{"not_picked":["Heatsinks","Melter"],"picked":"Tempest","floor":48}],"player_experience":1085738,"relics_obtained":[{"floor":6,"key":"Regal Pillow"},{"floor":8,"key":"Bag of Preparation"},{"floor":9,"key":"Whetstone"},{"floor":10,"key":"Odd Mushroom"},{"floor":13,"key":"Art of War"},{"floor":23,"key":"DataDisk"},{"floor":25,"key":"Old Coin"},{"floor":26,"key":"Blood Vial"},{"floor":27,"key":"Dead Branch"},{"floor":41,"key":"Centennial Puzzle"},{"floor":43,"key":"MawBank"},{"floor":44,"key":"Shuriken"},{"floor":46,"key":"Ancient Tea Set"}],"event_choices":[{"damage_healed":0,"gold_gain":0,"player_choice":"Success","damage_taken":7,"relics_obtained":["Pear"],"max_hp_gain":0,"max_hp_loss":0,"event_name":"Scrap Ooze","floor":2,"gold_loss":0},{"damage_healed":0,"gold_gain":0,"player_choice":"Donut","damage_taken":0,"max_hp_gain":5,"max_hp_loss":0,"event_name":"Big Fish","floor":4,"gold_loss":0},{"damage_healed":0,"gold_gain":0,"player_choice":"Entered Light","damage_taken":18,"max_hp_gain":0,"max_hp_loss":0,"event_name":"Shining Light","floor":5,"gold_loss":0,"cards_upgraded":["Dualcast","Conserve Battery"]},{"damage_healed":0,"gold_gain":0,"player_choice":"Fought Mushrooms","damage_taken":0,"max_hp_gain":0,"max_hp_loss":0,"event_name":"Mushrooms","floor":10,"gold_loss":0},{"cards_removed":["Strike_B"],"damage_healed":0,"gold_gain":0,"player_choice":"Card Removal","damage_taken":0,"max_hp_gain":0,"max_hp_loss":0,"event_name":"The Cleric","floor":11,"gold_loss":50},{"damage_healed":0,"gold_gain":0,"player_choice":"Read","damage_taken":0,"max_hp_gain":0,"max_hp_loss":0,"event_name":"The Library","floor":19,"gold_loss":0,"cards_obtained":["Capacitor"]},{"damage_healed":0,"gold_gain":0,"cards_transformed":["Strike_B"],"player_choice":"Transformed","damage_taken":0,"max_hp_gain":0,"max_hp_loss":0,"event_name":"Transmorgrifier","floor":21,"gold_loss":0,"cards_obtained":["Hologram"]},{"damage_healed":0,"gold_gain":0,"player_choice":"Copied","damage_taken":0,"max_hp_gain":0,"max_hp_loss":0,"event_name":"Duplicator","floor":36,"gold_loss":0,"cards_obtained":["Gash"]}],"is_beta":false,"boss_relics":[{"not_picked":["White Beast Statue","Calling Bell"],"picked":"Coffee Dripper"},{"not_picked":["Tiny House","Empty Cage"],"picked":"Nuclear Battery"}],"items_purged_floors":[],"is_endless":false,"potions_floor_spawned":[3,6,16,20,25,29,33,37,39,44,46],"ascension_level":7}