{"path_per_floor":["M","?","?","$","M","R","$","R","T","T","E","R","M","M","R","B",null,"M","M","M","?","?"],"character_chosen":"IRONCLAD","items_purchased":[],"gold_per_floor":[115,115,115,40,51,51,51,51,78,105,140,140,151,165,165,240,240,250,261,279,279,279,279],"floor_reached":23,"campfire_rested":0,"playtime":466,"current_hp_per_floor":[62,67,60,60,60,60,60,60,60,60,26,26,25,24,24,8,62,61,47,34,34,34,0],"items_purged":["Strike_R"],"gold":279,"score":321,"play_id":"e550256a-23b8-435b-80a5-77da9babca7d","local_time":"20180413144037","is_prod":false,"is_daily":false,"chose_seed":false,"is_ascension_mode":true,"campfire_upgraded":4,"timestamp":1523655637,"path_taken":["M","?","?","$","M","R","$","R","T","?","E","R","M","M","R","BOSS","M","M","M","?","?","E"],"build_version":"2018-04-12","seed_source_timestamp":149655669860061,"purchased_purges":1,"victory":false,"master_deck":["Strike_R+1","Strike_R+1","Strike_R+1","Defend_R+1","Defend_R+1","Defend_R+1","Defend_R+1","Bash","AscendersBane","Fiend Fire","Searing Blow+4","Twin Strike","Pommel Strike","Rage","Bloodletting","Warcry","Armaments+1","Rage"],"max_hp_per_floor":[75,80,80,80,80,80,80,80,80,80,80,80,80,80,80,80,80,80,80,80,80,80,80],"relics":["Burning Blood","Juzu Bracelet","War Paint","Paper Frog","Cursed Key"],"card_choices":[{"not_picked":["Heavy Blade","Body Slam"],"picked":"Searing Blow","floor":1},{"not_picked":["Cleave","Uppercut"],"picked":"Twin Strike","floor":5},{"not_picked":["Perfected Strike","Clothesline"],"picked":"Pommel Strike","floor":11},{"not_picked":["Pommel Strike","Metallicize"],"picked":"Rage","floor":14},{"not_picked":["Hemokinesis","Havoc"],"picked":"Bloodletting","floor":18},{"not_picked":["Sword Boomerang","Hemokinesis"],"picked":"Warcry","floor":19},{"not_picked":["Clothesline","True Grit"],"picked":"Armaments","floor":20}],"player_experience":446864,"potions_floor_usage":[16,16,16,20],"damage_taken":[{"damage":12,"enemies":"Jaw Worm","floor":1,"turns":3},{"damage":6,"enemies":"2 Louse","floor":5,"turns":3},{"damage":40,"enemies":"Lagavulin","floor":11,"turns":5},{"damage":7,"enemies":"Small Slimes","floor":13,"turns":3},{"damage":7,"enemies":"3 Louse","floor":14,"turns":4},{"damage":34,"enemies":"Hexaghost","floor":16,"turns":8},{"damage":7,"enemies":"Shell Parasite","floor":18,"turns":4},{"damage":20,"enemies":"2 Thieves","floor":19,"turns":4},{"damage":19,"enemies":"Centurion and Healer","floor":20,"turns":5},{"damage":38,"enemies":"Book of Stabbing","floor":23,"turns":4}],"event_choices":[{"event_name":"Big Fish","player_choice":"Donut","floor":2,"damage_taken":0},{"event_name":"Golden Wing","player_choice":"Card Removal","floor":3,"damage_taken":0},{"event_name":"Back to Basics","player_choice":"Simplicity","floor":21,"damage_taken":0},{"event_name":"The Library","player_choice":"Read","floor":22,"damage_taken":0}],"boss_relics":[{"not_picked":["Calling Bell","Velvet Choker"],"picked":"Cursed Key"}],"potions_floor_spawned":[11,13,14,16,19,20],"seed_played":"5339566023185948863","killed_by":"Book of Stabbing","ascension_level":14,"is_trial":false}