{"path_per_floor":["M","?","M","M","M","E","M","?","T","E","R","?","M","M","R","B",null,"M","?","$","?","?","R","M","E","T","E","?","E","R","?","R"],"character_chosen":"IRONCLAD","items_purchased":["Girya","Inflame","Fire Potion"],"gold_per_floor":[119,79,92,109,120,150,163,163,163,206,206,231,244,265,265,391,391,406,406,1,1,1,1,14,44,44,72,72,102,102,27,27,27],"floor_reached":33,"campfire_rested":0,"playtime":1399,"item_purchase_floors":[20,20,20],"current_hp_per_floor":[43,43,49,55,60,52,49,29,29,26,26,32,38,44,44,30,80,75,69,69,69,69,69,66,39,39,37,37,18,18,18,18,0],"items_purged":[],"gold":27,"score":313,"play_id":"f96b8ed6-58d5-49d6-8a8d-6020a176104d","local_time":"20180616141927","is_prod":false,"is_daily":false,"chose_seed":false,"is_ascension_mode":false,"campfire_upgraded":2,"win_rate":0,"timestamp":1529173167,"campfire_choices":[{"data":"True Grit","floor":11,"key":"SMITH"},{"data":"Inflame","floor":15,"key":"SMITH"},{"data":"1","floor":23,"key":"LIFT"},{"data":"2","floor":30,"key":"LIFT"},{"data":"3","floor":32,"key":"LIFT"}],"path_taken":["M","?","M","M","M","E","M","?","T","E","R","?","?","M","R","BOSS","M","?","?","?","?","R","?","E","T","E","?","E","R","?","R","BOSS"],"build_version":"2018-06-14v2","seed_source_timestamp":301859037874039,"purchased_purges":0,"victory":false,"master_deck":["Strike_R","Strike_R","Strike_R","Strike_R","Defend_R","Defend_R","Defend_R","Defend_R+1","Bash","Bludgeon","True Grit+1","Cleave","Heavy Blade","Heavy Blade","Inflame+1","Flame Barrier+1","Anger","Fire Breathing","Feel No Pain","Offering","RitualDagger","Inflame","Twin Strike","Armaments+1"],"max_hp_per_floor":[80,80,80,80,80,80,80,80,80,80,80,80,80,80,80,80,80,80,80,80,80,80,80,80,80,80,94,94,94,94,94,94,94],"relics":["Burning Blood","Ancient Tea Set","Bloody Idol","Mercury Hourglass","Torii","Odd Mushroom","Philosopher\u0027s Stone","Girya","Gremlin Horn","War Paint","Mango","Bottled Lightning"],"card_choices":[{"not_picked":["Exhume","Double Tap"],"picked":"Bludgeon","floor":0},{"not_picked":["Body Slam","Clash"],"picked":"True Grit","floor":1},{"not_picked":["Body Slam","Dual Wield"],"picked":"Cleave","floor":3},{"not_picked":["Wild Strike","Power Through","Seeing Red"],"picked":"SKIP","floor":4},{"not_picked":["Iron Wave","Pommel Strike"],"picked":"Heavy Blade","floor":5},{"not_picked":["Combust","Havoc"],"picked":"Heavy Blade","floor":6},{"not_picked":["Clothesline","Havoc"],"picked":"Inflame","floor":7},{"not_picked":["Rage","Bludgeon"],"picked":"Flame Barrier","floor":10},{"not_picked":["Entrench","Searing Blow"],"picked":"Anger","floor":12},{"not_picked":["Sword Boomerang","Heavy Blade"],"picked":"Fire Breathing","floor":13},{"not_picked":["True Grit","Corruption"],"picked":"Feel No Pain","floor":14},{"not_picked":["Impervious","Juggernaut"],"picked":"Offering","floor":16},{"not_picked":["Armaments","Hemokinesis","Entrench+1"],"picked":"SKIP","floor":18},{"not_picked":["Uppercut","Power Through","Flame Barrier"],"picked":"SKIP","floor":24},{"not_picked":["Clash","Headbutt","Bloodletting"],"picked":"SKIP","floor":25},{"not_picked":["Combust","Clash"],"picked":"Twin Strike","floor":27},{"not_picked":["Reckless Charge","Thunderclap"],"picked":"Armaments+1","floor":29}],"player_experience":947364,"potions_floor_usage":[4,6,16,16,16,25,29,29,29,33],"damage_taken":[{"damage":3,"enemies":"Small Slimes","floor":1,"turns":2},{"damage":0,"enemies":"Cultist","floor":3,"turns":2},{"damage":0,"enemies":"Jaw Worm","floor":4,"turns":2},{"damage":1,"enemies":"2 Fungi Beasts","floor":5,"turns":3},{"damage":14,"enemies":"Gremlin Nob","floor":6,"turns":3},{"damage":9,"enemies":"Red Slaver","floor":7,"turns":6},{"damage":9,"enemies":"3 Sentries","floor":10,"turns":4},{"damage":0,"floor":12,"turns":2},{"damage":0,"enemies":"Looter","floor":13,"turns":2},{"damage":0,"enemies":"2 Fungi Beasts","floor":14,"turns":3},{"damage":35,"enemies":"Hexaghost","floor":16,"turns":9},{"damage":11,"enemies":"Shell Parasite","floor":18,"turns":4},{"damage":19,"enemies":"2 Thieves","floor":24,"turns":3},{"damage":38,"enemies":"Slavers","floor":25,"turns":4},{"damage":27,"enemies":"Gremlin Leader","floor":27,"turns":5},{"damage":39,"enemies":"Slavers","floor":29,"turns":4},{"damage":35,"enemies":"Champ","floor":33,"turns":5}],"relics_obtained":[{"floor":6,"key":"Ancient Tea Set"},{"floor":9,"key":"Mercury Hourglass"},{"floor":10,"key":"Torii"},{"floor":12,"key":"Odd Mushroom"},{"floor":25,"key":"Gremlin Horn"},{"floor":26,"key":"War Paint"},{"floor":27,"key":"Mango"},{"floor":29,"key":"Bottled Lightning"}],"event_choices":[{"event_name":"The Woman in Blue","player_choice":"Bought 3 Potions","floor":2,"damage_taken":0},{"event_name":"Golden Idol","player_choice":"Take Damage","floor":8,"damage_taken":0},{"event_name":"Mushrooms","player_choice":"Fought Mushrooms","floor":12,"damage_taken":0},{"event_name":"Nest","player_choice":"Joined the Cult","floor":19,"damage_taken":0},{"event_name":"Forgotten Altar","player_choice":"Gave Idol","floor":21,"damage_taken":0},{"event_name":"Ghosts","player_choice":"Ignored","floor":22,"damage_taken":0},{"event_name":"The Lab","player_choice":"Got Potions","floor":28,"damage_taken":0},{"event_name":"Beggar","player_choice":"Gave Gold","floor":31,"damage_taken":0}],"boss_relics":[{"not_picked":["Busted Crown","Mark of Pain"],"picked":"Philosopher\u0027s Stone"}],"items_purged_floors":[],"is_endless":false,"potions_floor_spawned":[3,6,10,12,13,27,29],"seed_played":"-7013867738965761765","killed_by":"Champ","ascension_level":0,"potions_obtained":[{"floor":2,"key":"Block Potion"},{"floor":2,"key":"Swift Potion"},{"floor":2,"key":"SteroidPotion"},{"floor":3,"key":"Dexterity Potion"},{"floor":6,"key":"FairyPotion"},{"floor":10,"key":"Regen Potion"},{"floor":12,"key":"Weak Potion"},{"floor":27,"key":"PowerPotion"},{"floor":28,"key":"PowerPotion"},{"floor":28,"key":"BloodPotion"},{"floor":29,"key":"LiquidBronze"}],"is_trial":false}