{"path_per_floor":["M","M","?","$","?","R","E","M","T","?","T","R","E","M","R","B",null,"M","$","M","?","M","R","M","R","T","R","M","M","R","M","R","B",null,"M","M","$","?","?","R","M","R","T","M","M","$","R","M","R","B"],"character_chosen":"THE_SILENT","items_purchased":["Noxious Fumes","Bandage Up","Reflex","Panache","Terror","Concentrate"],"gold_per_floor":[119,138,88,14,14,14,42,54,126,87,87,87,122,139,139,235,235,223,126,146,71,84,84,94,94,94,94,109,129,129,141,141,237,267,277,287,48,48,48,48,66,66,66,83,102,9,9,27,27,27],"floor_reached":51,"campfire_rested":1,"playtime":3181,"current_hp_per_floor":[63,54,54,54,42,42,22,25,25,25,25,46,29,35,35,41,63,62,62,70,70,70,70,57,57,57,57,70,69,69,70,70,11,60,39,55,55,55,46,46,42,42,42,56,65,65,65,69,69,26],"items_purged":[],"gold":27,"score":1006,"play_id":"f9046d90-1415-4dfa-b992-48994c8b9a38","local_time":"20180313211830","is_prod":false,"is_daily":false,"is_ascension_mode":true,"campfire_upgraded":11,"timestamp":1520990310,"path_taken":["M","?","?","$","?","R","E","?","T","?","?","R","E","M","R","BOSS","M","?","?","?","M","R","M","R","T","R","M","M","R","?","R","BOSS","M","M","$","?","?","R","M","R","T","M","M","$","R","?","R","BOSS"],"build_version":"2018-03-09","purchased_purges":1,"victory":true,"master_deck":["Defend_G+1","Defend_G","Defend_G","Defend_G","Defend_G+1","Strike_G","Strike_G","Survivor+1","Neutralize+1","Doppelganger+1","Malaise+1","Noxious Fumes+1","After Image+1","Venomology+1","Deadly Poison+1","Adrenaline+1","Footwork+1","Bandage Up+1","Dodge and Roll+1","Dagger Throw+1","Wraith Form+1","Backflip+1","Setup+1","Concentrate+1","Burst+1","Blur+1","Outmaneuver+1","Deadly Poison+1","Reflex+1","Panache+1","Die Die Die+1","Madness+1","Madness+1","Malaise+1","Tactician+1","Dodge and Roll+1","Terror+1","Concentrate+1","Backflip+1"],"max_hp_per_floor":[70,70,70,70,70,70,70,70,70,70,70,70,70,70,70,70,70,70,70,70,70,70,70,70,70,70,70,70,70,70,70,70,70,75,75,75,75,75,75,75,75,75,75,75,75,75,75,75,75,75],"relics":["Ring of the Snake","Smiling Mask","Bird Faced Urn","Bottled Flame","Blood Vial","Toxic Egg 2","The Specimen","Du-Vu Doll","Tiny House","The Courier"],"card_choices":[{"not_picked":["PiercingWail","Cloak And Dagger"],"picked":"Malaise"},{"not_picked":["Dagger Throw","Choke"],"picked":"After Image"},{"not_picked":["Deflect","Calculated Gamble"],"picked":"Venomology"},{"not_picked":["Slice","Outmaneuver"],"picked":"Deadly Poison"},{"not_picked":["After Image","Venomology"],"picked":"Adrenaline"},{"not_picked":["Slice","Deflect"],"picked":"Footwork"},{"not_picked":["Backflip","Prepared"],"picked":"Dodge and Roll"},{"not_picked":["Deadly Poison","Underhanded Strike"],"picked":"Dagger Throw"},{"not_picked":["Underhanded Strike","Sucker Punch"],"picked":"Wraith Form"},{"not_picked":["Deflect","Sucker Punch"],"picked":"Backflip"},{"not_picked":["Quick Slash","Riddle With Holes"],"picked":"Setup"},{"not_picked":["Backflip","Sucker Punch"],"picked":"Concentrate"},{"not_picked":["Glass Knife","Venomology"],"picked":"Burst"},{"not_picked":["Poisoned Stab","Skewer"],"picked":"Blur"},{"not_picked":["Bane","Quick Slash"],"picked":"Outmaneuver"},{"not_picked":["Cloak And Dagger","Deflect"],"picked":"Deadly Poison"},{"not_picked":["Leg Sweep","Dodge and Roll"],"picked":"Malaise"},{"not_picked":["Choke","Bouncing Flask"],"picked":"Tactician"},{"not_picked":["Underhanded Strike","Slice"],"picked":"Dodge and Roll"},{"not_picked":["Distraction","Bane"],"picked":"Backflip"}],"player_experience":494024,"potions_floor_usage":[7,16,18,20,22,24,24,28,28,28,29,31,33,33,36,36,41,45,48,50,50,50,50],"damage_taken":[{"damage":0,"enemies":"Cultist","floor":1,"turns":3},{"damage":9,"enemies":"Jaw Worm","floor":2,"turns":5},{"damage":20,"enemies":"Gremlin Nob","floor":7,"turns":5},{"damage":1,"enemies":"Small Slimes","floor":8,"turns":4},{"damage":23,"enemies":"3 Sentries","floor":13,"turns":9},{"damage":0,"enemies":"Blue Slaver","floor":14,"turns":5},{"damage":0,"enemies":"The Guardian","floor":16,"turns":11},{"damage":7,"enemies":"2 Thieves","floor":18,"turns":4},{"damage":0,"enemies":"Shell Parasite","floor":20,"turns":8},{"damage":0,"enemies":"Centurion and Healer","floor":22,"turns":8},{"damage":19,"enemies":"Chosen and Byrds","floor":24,"turns":7},{"damage":0,"enemies":"Sentry and Sphere","floor":28,"turns":5},{"damage":5,"enemies":"Snake Plant","floor":29,"turns":4},{"damage":5,"enemies":"Centurion and Healer","floor":31,"turns":10},{"damage":61,"enemies":"Champ","floor":33,"turns":13},{"damage":35,"enemies":"3 Darklings","floor":35,"turns":8},{"damage":0,"enemies":"Orb Walker","floor":36,"turns":6},{"damage":34,"enemies":"3 Darklings","floor":41,"turns":4},{"damage":0,"enemies":"4 Shapes","floor":44,"turns":3},{"damage":9,"enemies":"Sphere and 2 Shapes","floor":45,"turns":6},{"damage":6,"enemies":"Maw","floor":48,"turns":8},{"damage":61,"enemies":"Time Eater","floor":50,"turns":15}],"event_choices":[{"event_name":"The Cleric","player_choice":"Card Removal","floor":3,"damage_taken":0},{"event_name":"Scrap Ooze","player_choice":"success","floor":5,"damage_taken":12},{"event_name":"World of Goop","player_choice":"Left","floor":10,"damage_taken":0},{"event_name":"Beggar","player_choice":"Gave Gold","floor":21,"damage_taken":0},{"event_name":"Transmorgrifier","player_choice":"Transform","floor":38,"damage_taken":0},{"event_name":"Winding Halls","player_choice":"Embrace Madness","floor":39,"damage_taken":0}],"boss_relics":[{"not_picked":["Pandora\u0027s Box","Runic Dome"],"picked":"The Specimen"},{"not_picked":["Question Card","Runic Pyramid"],"picked":"Tiny House"}],"potions_floor_spawned":[2,13,18,24,31,44,45],"seed_played":"-3418643668742947118","ascension_level":9,"is_trial":false}