{"path_per_floor":["M","?","M","$","M","R","E","R","T","M","E","M","R","M","R","B",null,"M","M","?","?","?","R","M"],"character_chosen":"THE_SILENT","items_purchased":["Footwork","Prepared"],"gold_per_floor":[117,117,127,13,31,31,60,60,132,150,185,198,198,216,216,312,312,330,349,399,399,399,399,419],"floor_reached":25,"campfire_rested":0,"playtime":2638,"current_hp_per_floor":[69,69,69,69,64,64,64,64,64,53,35,23,23,20,20,3,70,55,45,45,29,29,29,9],"items_purged":[],"gold":419,"play_id":"892740d0-fc9d-4598-8979-7d17dc956582","is_prod":false,"is_daily":false,"is_ascension_mode":false,"campfire_upgraded":5,"path_taken":["M","?","M","$","?","R","E","R","T","?","E","M","R","M","R","BOSS","M","M","?","?","?","R","M","?"],"build_version":"2018-02-01-PROD3","purchased_purges":0,"victory":false,"master_deck":["Defend_G","Defend_G","Defend_G","Defend_G","Defend_G","Strike_G","Strike_G","Strike_G","Strike_G","Strike_G","Survivor","Neutralize","Prepared+1","Reflex+1","Footwork+1","Prepared+1","Dagger Throw","Blade Dance","Terror","Deadly Poison","Underhanded Strike+1","Tools of the Trade+1","Underhanded Strike+1","Prepared+1","Infinite Blades+1"],"max_hp_per_floor":[70,70,70,70,70,70,70,70,70,70,70,70,70,70,70,70,70,70,70,70,70,70,70,70],"relics":["Runic Dome","Gremlin Horn","Bottled Lightning","Prayer Wheel","Question Card","Nilry\u0027s Codex","Happy Flower"],"card_choices":[{"not_picked":["Deflect","Endless Agony"],"picked":"Prepared"},{"not_picked":["Leg Sweep","Calculated Gamble"],"picked":"Reflex"},{"not_picked":["Tools of the Trade","Terror"],"picked":"Dagger Throw"},{"not_picked":["Bouncing Flask","PiercingWail"],"picked":"Blade Dance"},{"not_picked":["Dodge and Roll","Endless Agony"],"picked":"Terror"},{"not_picked":["Outmaneuver","Poisoned Stab"],"picked":"Deadly Poison"},{"not_picked":["Deflect","Noxious Fumes"],"picked":"Underhanded Strike"},{"not_picked":["A Thousand Cuts","Envenom"],"picked":"Tools of the Trade"},{"not_picked":["Dagger Throw","Skewer","Deflect"],"picked":"Underhanded Strike"},{"not_picked":["Quick Slash","Outmaneuver","Acrobatics"],"picked":"Prepared"},{"not_picked":["Quick Slash","Slice","Underhanded Strike"],"picked":"Infinite Blades"}],"player_experience":51240,"potions_floor_usage":[7,7,11,16,16,25],"damage_taken":[{"damage":1,"enemies":"Jaw Worm","floor":1,"turns":4},{"damage":0,"enemies":"Small Slimes","floor":3,"turns":4},{"damage":5,"enemies":"Blue Slaver","floor":5,"turns":5},{"damage":0,"enemies":"3 Sentries","floor":7,"turns":9},{"damage":11,"enemies":"Gremlin Gang","floor":10,"turns":6},{"damage":18,"enemies":"Gremlin Nob","floor":11,"turns":4},{"damage":12,"enemies":"Lots of Slimes","floor":12,"turns":4},{"damage":3,"enemies":"Exordium Wildlife","floor":14,"turns":4},{"damage":17,"enemies":"The Guardian","floor":16,"turns":9},{"damage":15,"enemies":"2 Thieves","floor":18,"turns":4},{"damage":10,"enemies":"Chosen","floor":19,"turns":7},{"damage":20,"enemies":"Centurion and Healer","floor":24,"turns":6},{"damage":9,"enemies":"Snake Plant","floor":25,"turns":2}],"event_choices":[{"event_name":"Living Wall","player_choice":"Grow","floor":2,"damage_taken":0},{"event_name":"The Joust","player_choice":"Bet on Murderer","floor":20,"damage_taken":0},{"event_name":"Cursed Tome","player_choice":"Obtained Book","floor":21,"damage_taken":0},{"event_name":"Wheel of Change","player_choice":"Relic","floor":22,"damage_taken":0}],"boss_relics":[{"not_picked":["White Beast Statue","Cursed Key"],"picked":"Question Card"}],"potions_floor_spawned":[3,5,7,11,14,19,24],"seed_played":"-6234716628982531537","killed_by":"Snake Plant","ascension_level":0,"is_trial":false}