{"gold_per_floor":[111,66,66,15,15,46,46,64,64,114,142,153,167,198,198,198],"floor_reached":16,"playtime":513,"items_purged":[],"score":286,"play_id":"8b00be21-8fc9-42b5-b6a3-4e342de697fe","local_time":"20190406043122","is_ascension_mode":true,"campfire_choices":[{"data":"Corpse Explosion","floor":7,"key":"SMITH"},{"data":"Dagger Spray","floor":15,"key":"SMITH"}],"neow_cost":"NONE","seed_source_timestamp":411471058473624,"circlet_count":0,"master_deck":["AscendersBane","Defend_G","Defend_G","Defend_G","Defend_G","Defend_G","Strike_G","Strike_G","Strike_G","Strike_G","Strike_G","Survivor","Neutralize","Cloak And Dagger","Finisher","PiercingWail","Corpse Explosion+1","Quick Slash","Backflip+1","Dagger Spray+1","Bullet Time+1"],"relics":["Ring of the Snake","NeowsBlessing","Blood Vial","Pantograph","Toxic Egg 2","Potion Belt","Blue Candle"],"potions_floor_usage":[11,14,16],"damage_taken":[{"damage":0,"enemies":"Small Slimes","floor":1,"turns":1},{"damage":0,"enemies":"Lagavulin","floor":6,"turns":1},{"damage":0,"enemies":"Cultist","floor":8,"turns":1},{"damage":29,"enemies":"Gremlin Nob","floor":11,"turns":4},{"damage":8,"enemies":"Jaw Worm","floor":12,"turns":4},{"damage":11,"enemies":"Red Slaver","floor":13,"turns":5},{"damage":3,"enemies":"3 Sentries","floor":14,"turns":3},{"damage":47,"enemies":"Slime Boss","floor":16,"turns":7}],"seed_played":"-2396722098368486133","potions_obtained":[{"floor":1,"key":"PowerPotion"},{"floor":6,"key":"Swift Potion"},{"floor":13,"key":"Dexterity Potion"},{"floor":14,"key":"AttackPotion"}],"is_trial":false,"path_per_floor":["M","$","?","$","?","E","R","M","T","?","E","M","M","E","R","B"],"character_chosen":"THE_SILENT","items_purchased":["Finisher","PiercingWail"],"campfire_rested":0,"item_purchase_floors":[2,4],"current_hp_per_floor":[59,59,50,50,50,52,52,54,54,54,27,21,12,11,11,0],"gold":198,"neow_bonus":"THREE_ENEMY_KILL","is_prod":false,"is_daily":false,"chose_seed":false,"campfire_upgraded":2,"win_rate":0,"timestamp":1554539482,"path_taken":["M","$","?","?","?","E","R","?","T","?","E","M","M","E","R","BOSS"],"build_version":"2019-01-23","purchased_purges":0,"victory":false,"max_hp_per_floor":[66,66,66,66,66,66,66,66,66,66,66,66,66,66,66,66],"card_choices":[{"not_picked":["Dagger Spray","PiercingWail"],"picked":"Cloak And Dagger","floor":1},{"not_picked":["Outmaneuver","Accuracy"],"picked":"Corpse Explosion","floor":6},{"not_picked":["Acrobatics","Flying Knee"],"picked":"Quick Slash","floor":8},{"not_picked":["Outmaneuver+1","Sucker Punch"],"picked":"Backflip+1","floor":11},{"not_picked":["Underhanded Strike","Flying Knee","Quick Slash"],"picked":"SKIP","floor":12},{"not_picked":["Quick Slash","Blade Dance+1"],"picked":"Dagger Spray","floor":13},{"not_picked":["Choke","Flying Knee"],"picked":"Bullet Time+1","floor":14}],"player_experience":1658183,"relics_obtained":[{"floor":6,"key":"Pantograph"},{"floor":9,"key":"Toxic Egg 2"},{"floor":11,"key":"Potion Belt"},{"floor":14,"key":"Blue Candle"}],"event_choices":[{"damage_healed":0,"gold_gain":0,"player_choice":"Damaged","damage_taken":9,"max_hp_gain":0,"max_hp_loss":0,"event_name":"Wheel of Change","floor":3,"gold_loss":0},{"damage_healed":0,"gold_gain":0,"player_choice":"Gave Potion","damage_taken":0,"relics_obtained":["Blood Vial"],"max_hp_gain":0,"max_hp_loss":0,"event_name":"WeMeetAgain","floor":5,"gold_loss":0},{"damage_healed":0,"gold_gain":50,"player_choice":"Pray","damage_taken":0,"max_hp_gain":0,"max_hp_loss":0,"event_name":"Golden Shrine","floor":10,"gold_loss":0}],"is_beta":false,"boss_relics":[],"items_purged_floors":[],"is_endless":false,"potions_floor_spawned":[1,6,13,14],"killed_by":"Slime Boss","ascension_level":20}