{"gold_per_floor":[114,264,282,41,54,87,106,138,220,248,259,291,26,51,51,128,128,142,170,170,186,201,234,268,297,378,47,47,79,107,119,131,217,229,255,267,199,218,440,467,6,37,37,63,63,77,105,125,125,125,125,125,125,16,43,43],"floor_reached":56,"playtime":4345,"items_purged":["Doubt","Writhe"],"score":2448,"play_id":"2e881b3d-092a-4faf-8e64-05c6412fa3df","local_time":"20190430113553","is_ascension_mode":true,"campfire_choices":[{"data":"Fiend Fire","floor":15.0,"key":"SMITH"},{"data":"Battle Trance","floor":28.0,"key":"SMITH"},{"data":"Limit Break","floor":32.0,"key":"SMITH"},{"floor":45.0,"key":"RECALL"},{"data":"Demon Form","floor":49.0,"key":"SMITH"},{"data":"Feel No Pain","floor":53.0,"key":"SMITH"}],"neow_cost":"NONE","seed_source_timestamp":0,"circlet_count":0,"master_deck":["AscendersBane","Strike_R","Strike_R","Strike_R","Strike_R","Strike_R","Defend_R","Defend_R","Defend_R","Defend_R","Bash","Disarm","Fiend Fire+1","Battle Trance+1","Disarm","Shockwave","Limit Break+1","Whirlwind+1","Writhe","Demon Form+1","Shrug It Off","Feel No Pain+1","Decay","Shrug It Off","Exhume"],"special_seed":0,"relics":["Burning Blood","Red Skull","Meat on the Bone","WingedGreaves","Bottled Lightning","Regal Pillow","Blood Vial","Singing Bowl","Art of War","Cursed Key","Red Mask","Enchiridion","Thread and Needle","Potion Belt","Bag of Preparation","The Courier","Vajra","Self Forming Clay","Kunai","MawBank","Mark of Pain","Pantograph","MealTicket","Bottled Tornado","Dodecahedron","Bag of Marbles","Mummified Hand","Ice Cream"],"potions_floor_usage":[56,56,56,56],"damage_taken":[{"damage":6.0,"enemies":"Small Slimes","floor":1.0,"turns":4.0},{"damage":5.0,"enemies":"Jaw Worm","floor":3.0,"turns":5.0},{"damage":3.0,"enemies":"2 Louse","floor":5.0,"turns":3.0},{"damage":40.0,"enemies":"3 Sentries","floor":6.0,"turns":11.0},{"damage":20.0,"enemies":"Exordium Wildlife","floor":7.0,"turns":5.0},{"damage":0.0,"enemies":"Gremlin Nob","floor":8.0,"turns":1.0},{"damage":36.0,"enemies":"3 Sentries","floor":10.0,"turns":10.0},{"damage":23.0,"enemies":"Exordium Thugs","floor":11.0,"turns":7.0},{"damage":0.0,"enemies":"Gremlin Nob","floor":12.0,"turns":1.0},{"damage":19.0,"enemies":"Lagavulin","floor":14.0,"turns":7.0},{"damage":45.0,"enemies":"Slime Boss","floor":16.0,"turns":10.0},{"damage":25.0,"enemies":"2 Thieves","floor":18.0,"turns":4.0},{"damage":43.0,"enemies":"Masked Bandits","floor":19.0,"turns":5.0},{"damage":0.0,"enemies":"Chosen","floor":21.0,"turns":2.0},{"damage":10.0,"enemies":"Shelled Parasite and Fungi","floor":22.0,"turns":4.0},{"damage":23.0,"enemies":"Book of Stabbing","floor":23.0,"turns":6.0},{"damage":20.0,"enemies":"Slavers","floor":24.0,"turns":4.0},{"damage":21.0,"enemies":"Gremlin Leader","floor":25.0,"turns":5.0},{"damage":22.0,"enemies":"Slavers","floor":29.0,"turns":3.0},{"damage":5.0,"enemies":"Gremlin Leader","floor":30.0,"turns":4.0},{"damage":57.0,"enemies":"Automaton","floor":33.0,"turns":8.0},{"damage":15.0,"enemies":"3 Shapes","floor":35.0,"turns":12.0},{"damage":0.0,"enemies":"Orb Walker","floor":38.0,"turns":1.0},{"damage":96.0,"enemies":"Reptomancer","floor":40.0,"turns":6.0},{"damage":0.0,"enemies":"Nemesis","floor":42.0,"turns":5.0},{"damage":40.0,"enemies":"Giant Head","floor":44.0,"turns":6.0},{"damage":0.0,"enemies":"Spire Growth","floor":46.0,"turns":2.0},{"damage":40.0,"enemies":"Nemesis","floor":47.0,"turns":7.0},{"damage":1.0,"enemies":"4 Shapes","floor":48.0,"turns":6.0},{"damage":35.0,"enemies":"Time Eater","floor":50.0,"turns":8.0},{"damage":19.0,"enemies":"Donu and Deca","floor":51.0,"turns":6.0},{"damage":80.0,"enemies":"Shield and Spear","floor":55.0,"turns":7.0},{"damage":71,"enemies":"The Heart","floor":56,"turns":6}],"seed_played":"4069499945257089957","potions_obtained":[{"floor":0.0,"key":"Swift Potion"},{"floor":0.0,"key":"AttackPotion"},{"floor":3.0,"key":"SteroidPotion"},{"floor":8.0,"key":"SteroidPotion"},{"floor":12.0,"key":"Energy Potion"},{"floor":21.0,"key":"AttackPotion"},{"floor":23.0,"key":"BloodPotion"},{"floor":24.0,"key":"AttackPotion"},{"floor":25.0,"key":"FearPotion"},{"floor":38.0,"key":"Regen Potion"},{"floor":40.0,"key":"Energy Potion"},{"floor":44.0,"key":"EssenceOfSteel"},{"floor":47.0,"key":"Weak Potion"},{"floor":55.0,"key":"SkillPotion"}],"is_trial":false,"path_per_floor":["M","?","M","$","M","E","M","E","T","E","M","E","$","E","R","B",null,"M","?","?","M","M","E","E","E","T","$","R","E","E","$","R","B",null,"M","?","$","M","?","E","$","E","T","E","R","M","E","M","R","B","B",null,"R","$","E","B"],"character_chosen":"IRONCLAD","items_purchased":["Red Skull","Singing Bowl","Vajra","Self Forming Clay","MealTicket","Feel No Pain","Bottled Tornado","Ancient Potion","Strength Potion"],"campfire_rested":0,"item_purchase_floors":[4,13,27,27,41,41,41,54,54],"current_hp_per_floor":[68,68,69,69,72,38,36,54,54,36,31,49,49,52,52,27,65,50,27,6,28,40,39,41,42,42,42,42,42,59,59,59,22,75,68,87,87,95,95,28,28,50,50,39,39,61,43,62,62,60,74,96,96,103,43,0],"gold":43,"neow_bonus":"THREE_SMALL_POTIONS","is_prod":false,"is_daily":false,"chose_seed":false,"campfire_upgraded":5,"win_rate":0,"timestamp":1556638553,"path_taken":["M","?","M","$","M","E","M","E","T","E","M","E","$","E","R","BOSS","M","?","?","?","M","E","E","E","T","$","R","E","E","$","R","BOSS","M","?","?","M","?","E","$","E","T","E","R","M","E","M","R","BOSS","BOSS","R","$","E","BOSS"],"build_version":"2019-01-23","purchased_purges":2,"victory":false,"max_hp_per_floor":[75,75,75,75,75,75,75,75,75,75,75,75,75,77,77,77,77,79,79,79,81,83,85,87,89,89,89,89,91,93,93,93,93,93,93,93,93,95,95,97,97,99,99,99,99,101,103,103,103,103,103,103,103,103,105,105],"card_choices":[{"not_picked":["Warcry","Armaments"],"picked":"Disarm","floor":1.0},{"not_picked":["Clash","Uppercut"],"picked":"Fiend Fire","floor":3.0},{"not_picked":["Clothesline","Sword Boomerang"],"picked":"Battle Trance","floor":5.0},{"not_picked":["Armaments","True Grit","Ghostly Armor"],"picked":"SKIP","floor":6.0},{"not_picked":["Havoc","Second Wind","Intimidate"],"picked":"SKIP","floor":7.0},{"not_picked":["Clash","Pommel Strike"],"picked":"Disarm","floor":8.0},{"not_picked":["Sword Boomerang","True Grit","Warcry"],"picked":"SKIP","floor":10.0},{"not_picked":["Battle Trance","Clothesline","Seeing Red"],"picked":"SKIP","floor":11.0},{"not_picked":["Impervious","Intimidate"],"picked":"Shockwave","floor":12.0},{"not_picked":["Sever Soul","Heavy Blade","Pommel Strike"],"picked":"Singing Bowl","floor":14.0},{"not_picked":["Dark Embrace","Barricade"],"picked":"Limit Break","floor":16.0},{"not_picked":["Rampage+1","Sword Boomerang","Warcry"],"picked":"Singing Bowl","floor":18.0},{"not_picked":["Ghostly Armor+1","Thunderclap"],"picked":"Whirlwind+1","floor":19.0},{"not_picked":["Headbutt+1","Flame Barrier","Entrench"],"picked":"Singing Bowl","floor":21.0},{"not_picked":["Sever Soul","Iron Wave","Anger"],"picked":"Singing Bowl","floor":22.0},{"not_picked":["Entrench","Combust+1","Searing Blow"],"picked":"Singing Bowl","floor":23.0},{"not_picked":["Clothesline","Disarm","Wild Strike"],"picked":"Singing Bowl","floor":24.0},{"not_picked":["Iron Wave","Power Through","Bludgeon"],"picked":"Singing Bowl","floor":25.0},{"not_picked":["Hemokinesis","Iron Wave","Twin Strike"],"picked":"Singing Bowl","floor":29.0},{"not_picked":["Battle Trance","True Grit","Warcry"],"picked":"Singing Bowl","floor":30.0},{"not_picked":["Brutality","Impervious"],"picked":"Demon Form","floor":33.0},{"not_picked":["Cleave","Body Slam"],"picked":"Shrug It Off","floor":35.0},{"not_picked":["Bloodletting","Clash+1","Intimidate"],"picked":"Singing Bowl","floor":38.0},{"not_picked":["Clothesline+1","Thunderclap","Seeing Red"],"picked":"Singing Bowl","floor":40.0},{"not_picked":["Anger+1","Reckless Charge","Pommel Strike"],"picked":"Singing Bowl","floor":42.0},{"not_picked":["Wild Strike","Heavy Blade"],"picked":"Shrug It Off","floor":44.0},{"not_picked":["Body Slam","Uppercut","Reckless Charge"],"picked":"Singing Bowl","floor":46.0},{"not_picked":["Bloodletting","Carnage+1","Feel No Pain"],"picked":"Singing Bowl","floor":47.0},{"not_picked":["Shrug It Off+1","Evolve"],"picked":"Exhume","floor":48.0},{"not_picked":["Fire Breathing+1","Burning Pact","Anger"],"picked":"Singing Bowl","floor":55.0}],"player_experience":2155846,"relics_obtained":[{"floor":6.0,"key":"Meat on the Bone"},{"floor":8.0,"key":"WingedGreaves"},{"floor":9.0,"key":"Bottled Lightning"},{"floor":10.0,"key":"Regal Pillow"},{"floor":12.0,"key":"Blood Vial"},{"floor":14.0,"key":"Art of War"},{"floor":19.0,"key":"Red Mask"},{"floor":20.0,"key":"Enchiridion"},{"floor":23.0,"key":"Thread and Needle"},{"floor":24.0,"key":"Potion Belt"},{"floor":25.0,"key":"Bag of Preparation"},{"floor":26.0,"key":"The Courier"},{"floor":29.0,"key":"Kunai"},{"floor":30.0,"key":"MawBank"},{"floor":40.0,"key":"Pantograph"},{"floor":42.0,"key":"Dodecahedron"},{"floor":44.0,"key":"Bag of Marbles"},{"floor":47.0,"key":"Mummified Hand"},{"floor":55.0,"key":"Ice Cream"}],"event_choices":[{"damage_healed":0.0,"max_hp_gain":0.0,"max_hp_loss":0.0,"gold_gain":150.0,"event_name":"Liars Game","player_choice":"AGREE","floor":2.0,"gold_loss":0.0,"damage_taken":0.0,"cards_obtained":["Doubt"]},{"damage_healed":0.0,"max_hp_gain":0.0,"max_hp_loss":0.0,"gold_gain":0.0,"event_name":"Masked Bandits","player_choice":"Fought Bandits","floor":19.0,"gold_loss":0.0,"damage_taken":0.0},{"damage_healed":0.0,"max_hp_gain":0.0,"max_hp_loss":0.0,"gold_gain":0.0,"event_name":"Cursed Tome","player_choice":"Obtained Book","floor":20.0,"gold_loss":0.0,"damage_taken":21.0},{"damage_healed":19.0,"max_hp_gain":0.0,"max_hp_loss":0.0,"gold_gain":0.0,"event_name":"Winding Halls","player_choice":"Writhe","floor":36.0,"gold_loss":0.0,"damage_taken":0.0,"cards_obtained":["Writhe"]},{"damage_healed":0.0,"max_hp_gain":0.0,"max_hp_loss":0.0,"gold_gain":222.0,"event_name":"Tomb of Lord Red Mask","player_choice":"Wore Mask","floor":39.0,"gold_loss":0.0,"damage_taken":0.0}],"is_beta":false,"boss_relics":[{"not_picked":["Runic Cube","Lizard Tail"],"picked":"Cursed Key"},{"not_picked":["Tiny House","Empty Cage"],"picked":"Mark of Pain"}],"items_purged_floors":[4,37],"is_endless":false,"potions_floor_spawned":[1,3,8,12,21,23,24,25,38,40,44,47,55],"killed_by":"The Heart","ascension_level":20}