{"gold_per_floor":[113,124,124,124,50,50,80,80,80,80,80,95,95,125,125,200,200,213,46,46,46,46,46,58,90,90,90,90,1,1,30,30,105,105,118,218,116,128,78,78,78,78,128,146,146],"floor_reached":45,"playtime":1217,"items_purged":["Strike_G","Strike_G"],"score":902,"play_id":"3828043a-400b-41a9-9fad-c1b44fee3562","local_time":"20190406231900","is_ascension_mode":true,"campfire_choices":[{"data":"Neutralize","floor":6.0,"key":"SMITH"},{"data":"Noxious Fumes","floor":8,"key":"SMITH"},{"data":"Leg Sweep","floor":11,"key":"SMITH"},{"floor":13,"key":"REST"},{"data":"Defend_G","floor":15,"key":"SMITH"},{"floor":23,"key":"REST"},{"floor":28,"key":"REST"},{"floor":32,"key":"REST"},{"floor":40,"key":"REST"}],"neow_cost":"NONE","seed_source_timestamp":128830241450138,"circlet_count":0,"master_deck":["AscendersBane","Defend_G","Defend_G","Defend_G","Defend_G","Defend_G+1","Strike_G","Survivor","Neutralize+1","Leg Sweep+1","Noxious Fumes+1","Die Die Die+1","All Out Attack+1","Corpse Explosion","Glass Knife","Cloak And Dagger+1","Dash","Malaise","Wraith Form v2","Cloak And Dagger+1","Backflip"],"special_seed":0,"relics":["Runic Pyramid","Ornamental Fan","Whetstone","Singing Bowl","Question Card","Fusion Hammer","Bag of Preparation","Ancient Tea Set","Potion Belt","Smiling Mask","HoveringKite","FossilizedHelix","Oddly Smooth Stone"],"potions_floor_usage":[7,45],"damage_taken":[{"damage":8.0,"enemies":"Cultist","floor":1.0,"turns":5.0},{"damage":0.0,"enemies":"Jaw Worm","floor":2.0,"turns":6.0},{"damage":22,"enemies":"Lagavulin","floor":7,"turns":7},{"damage":0,"enemies":"2 Louse","floor":12,"turns":1},{"damage":26,"enemies":"Gremlin Nob","floor":14,"turns":4},{"damage":5,"enemies":"The Guardian","floor":16,"turns":11},{"damage":12,"enemies":"2 Thieves","floor":18,"turns":5},{"damage":0,"enemies":"Shell Parasite","floor":24,"turns":7},{"damage":10,"enemies":"Gremlin Leader","floor":25,"turns":6},{"damage":15,"enemies":"Book of Stabbing","floor":31,"turns":7},{"damage":27,"enemies":"Automaton","floor":33,"turns":12},{"damage":20,"enemies":"Orb Walker","floor":35,"turns":5},{"damage":0,"enemies":"Mind Bloom Boss Battle","floor":36,"turns":10},{"damage":0,"enemies":"3 Shapes","floor":38,"turns":2},{"damage":0,"enemies":"Jaw Worm Horde","floor":44,"turns":3},{"damage":94,"enemies":"Giant Head","floor":45,"turns":13}],"seed_played":"-1486896626731832462","potions_obtained":[{"floor":1.0,"key":"GamblersBrew"},{"floor":2.0,"key":"FearPotion"},{"floor":25,"key":"Ancient Potion"},{"floor":33,"key":"LiquidBronze"},{"floor":35,"key":"SkillPotion"}],"is_trial":false,"path_per_floor":["M","M","?","?","$","R","E","R","T","T","R","M","R","E","R","B",null,"M","$","?","$","$","R","M","E","T","?","R","$","?","E","R","B",null,"M","?","$","M","$","R","?","?","T","M","E"],"character_chosen":"THE_SILENT","items_purchased":["Die Die Die","Bag of Preparation","Dash","Backflip"],"campfire_rested":5,"item_purchase_floors":[5,19,29,37],"current_hp_per_floor":[51,51,56,49,49,49,27,27,27,27,27,29,50,24,24,19,60,50,50,50,50,50,72,72,64,64,42,66,66,66,51,75,48,74,54,56,56,58,58,83,82,82,82,84,0],"gold":146,"neow_bonus":"BOSS_RELIC","is_prod":false,"is_daily":false,"chose_seed":false,"campfire_upgraded":4,"win_rate":0,"timestamp":1554617940,"path_taken":["M","?","?","?","$","R","E","R","T","?","R","?","R","E","R","BOSS","M","$","?","?","$","R","M","E","T","?","R","$","?","E","R","BOSS","M","?","$","M","$","R","?","?","T","?","E"],"build_version":"2019-04-04","purchased_purges":2,"victory":false,"max_hp_per_floor":[66,66,71,71,71,71,71,71,71,71,71,73,73,73,73,73,73,75,75,75,75,75,75,75,77,77,82,82,82,82,82,82,82,82,82,84,84,86,86,86,82,82,82,84,84],"card_choices":[{"not_picked":["Underhanded Strike","PiercingWail"],"picked":"Leg Sweep","floor":1.0},{"not_picked":["Cloak And Dagger","Dodge and Roll"],"picked":"Noxious Fumes","floor":2.0},{"not_picked":["Escape Plan","Expertise"],"picked":"All Out Attack","floor":7},{"not_picked":["Reflex","Setup","Quick Slash"],"picked":"Singing Bowl","floor":12},{"not_picked":["Flying Knee","Poisoned Stab"],"picked":"Corpse Explosion","floor":14},{"not_picked":["Envenom","Storm of Steel","Night Terror"],"picked":"Glass Knife","floor":16},{"not_picked":["Eviscerate","Sucker Punch","Deadly Poison","Flying Knee"],"picked":"Singing Bowl","floor":18},{"not_picked":["Caltrops","Dagger Spray","Slice"],"picked":"Cloak And Dagger+1","floor":24},{"not_picked":["Calculated Gamble","Slice","Dagger Throw+1","Underhanded Strike"],"picked":"Singing Bowl","floor":25},{"not_picked":["Underhanded Strike","Tactician","Noxious Fumes"],"picked":"Malaise","floor":31},{"not_picked":["Night Terror","Envenom","Unload"],"picked":"Wraith Form v2","floor":33},{"not_picked":["Distraction","Outmaneuver+1","Prepared"],"picked":"Cloak And Dagger+1","floor":35},{"not_picked":["Backstab+1","Deflect","Deadly Poison","Reflex"],"picked":"Singing Bowl","floor":36},{"not_picked":["Bouncing Flask","Distraction","Dagger Spray+1","Burst"],"picked":"Singing Bowl","floor":38},{"not_picked":["Underhanded Strike","Outmaneuver","Skewer+1","Heel Hook+1"],"picked":"Singing Bowl","floor":44}],"player_experience":1178598,"relics_obtained":[{"floor":7,"key":"Ornamental Fan"},{"floor":9,"key":"Whetstone"},{"floor":10,"key":"Singing Bowl"},{"floor":14,"key":"Question Card"},{"floor":25,"key":"Ancient Tea Set"},{"floor":26,"key":"Potion Belt"},{"floor":31,"key":"Smiling Mask"},{"floor":36,"key":"FossilizedHelix"},{"floor":43,"key":"Oddly Smooth Stone"}],"event_choices":[{"damage_healed":0.0,"max_hp_gain":5.0,"max_hp_loss":0.0,"gold_gain":0.0,"event_name":"Big Fish","player_choice":"Donut","floor":3.0,"gold_loss":0.0,"damage_taken":0.0},{"cards_removed":["Strike_G"],"damage_healed":0.0,"max_hp_gain":0.0,"max_hp_loss":0.0,"gold_gain":0.0,"event_name":"Golden Wing","player_choice":"Card Removal","floor":4.0,"gold_loss":0.0,"damage_taken":7.0},{"damage_healed":0,"gold_gain":0,"player_choice":"Ignored","damage_taken":0,"max_hp_gain":0,"max_hp_loss":0,"event_name":"N\u0027loth","floor":20,"gold_loss":0},{"damage_healed":0,"gold_gain":0,"player_choice":"Shed Blood","damage_taken":27,"max_hp_gain":5,"max_hp_loss":0,"event_name":"Forgotten Altar","floor":27,"gold_loss":0},{"damage_healed":0,"gold_gain":0,"player_choice":"Ignored","damage_taken":0,"max_hp_gain":0,"max_hp_loss":0,"event_name":"Ghosts","floor":30,"gold_loss":0},{"damage_healed":0,"gold_gain":0,"player_choice":"Fight","damage_taken":0,"max_hp_gain":0,"max_hp_loss":0,"event_name":"MindBloom","floor":36,"gold_loss":0},{"damage_healed":0,"gold_gain":0,"player_choice":"Max HP","damage_taken":0,"max_hp_gain":0,"max_hp_loss":4,"event_name":"Winding Halls","floor":41,"gold_loss":0},{"cards_removed":["Strike_G"],"damage_healed":0,"gold_gain":0,"player_choice":"Purged","damage_taken":0,"max_hp_gain":0,"max_hp_loss":0,"event_name":"Purifier","floor":42,"gold_loss":0}],"is_beta":true,"boss_relics":[{"not_picked":["Empty Cage","Tiny House"],"picked":"Fusion Hammer"},{"not_picked":["Velvet Choker","WristBlade"],"picked":"HoveringKite"}],"items_purged_floors":[37,39],"is_endless":false,"potions_floor_spawned":[1,2,25,33,35,38],"killed_by":"Giant Head","ascension_level":20}