{"gold_per_floor":[114,129,129,145,70,70,104,29,54,64,90,102,102,121,121,197,197,208,155,168,188,4,4,30,43,43,62,62,62],"floor_reached":29,"playtime":807,"items_purged":[],"score":514,"play_id":"24e24487-9ead-4e5c-9d8a-4be086cbbad3","local_time":"20190505154841","is_ascension_mode":true,"campfire_choices":[{"data":"Bash","floor":6,"key":"SMITH"},{"data":"Limit Break","floor":13,"key":"SMITH"},{"floor":15,"key":"REST"},{"floor":23,"key":"REST"},{"floor":28,"key":"REST"}],"neow_cost":"NONE","seed_source_timestamp":373133865929693,"circlet_count":0,"master_deck":["AscendersBane","Strike_R","Strike_R","Strike_R","Strike_R","Defend_R","Defend_R","Defend_R+1","Defend_R","Bash+1","Twin Strike+1","Disarm","Pommel Strike","Feel No Pain","Inflame","Sword Boomerang","Limit Break+1","Battle Trance","Juggernaut","Clothesline","Flame Barrier","Shockwave","Apotheosis","Warcry","Havoc","Reaper"],"relics":["Burning Blood","Blood Vial","Potion Belt","Boot","Bronze Scales","Fusion Hammer","Dream Catcher","Omamori"],"potions_floor_usage":[10,14,16,25,29,29],"damage_taken":[{"damage":7,"enemies":"Jaw Worm","floor":1,"turns":6},{"damage":7,"enemies":"Small Slimes","floor":2,"turns":3},{"damage":4,"enemies":"Cultist","floor":4,"turns":4},{"damage":27,"enemies":"Gremlin Nob","floor":7,"turns":4},{"damage":10,"enemies":"Exordium Wildlife","floor":10,"turns":6},{"damage":20,"enemies":"Lagavulin","floor":11,"turns":7},{"damage":12,"enemies":"Looter","floor":12,"turns":3},{"damage":12,"enemies":"Red Slaver","floor":14,"turns":3},{"damage":12,"enemies":"Hexaghost","floor":16,"turns":7},{"damage":22,"enemies":"Spheric Guardian","floor":18,"turns":4},{"damage":3,"enemies":"3 Byrds","floor":20,"turns":2},{"damage":35,"enemies":"Centurion and Healer","floor":21,"turns":8},{"damage":30,"enemies":"Book of Stabbing","floor":24,"turns":5},{"damage":19,"enemies":"Sentry and Sphere","floor":25,"turns":5},{"damage":16,"enemies":"Chosen and Byrds","floor":27,"turns":6},{"damage":36,"enemies":"Slavers","floor":29,"turns":2}],"seed_played":"387169691270190127","potions_obtained":[{"floor":4,"key":"Fire Potion"},{"floor":7,"key":"Block Potion"},{"floor":11,"key":"AttackPotion"},{"floor":12,"key":"Dexterity Potion"},{"floor":21,"key":"Ancient Potion"},{"floor":25,"key":"SteroidPotion"}],"is_trial":false,"path_per_floor":["M","M","?","M","?","R","E","$","T","M","E","M","R","M","R","B",null,"M","?","M","M","$","R","E","M","T","M","R","E"],"character_chosen":"IRONCLAD","items_purchased":["Inflame","Apotheosis"],"campfire_rested":3,"item_purchase_floors":[8,22],"current_hp_per_floor":[69,70,47,51,51,51,32,32,32,30,18,14,14,10,32,28,63,49,49,54,27,27,49,27,16,16,8,30,0],"gold":62,"neow_bonus":"RANDOM_COMMON_RELIC","is_prod":false,"is_daily":false,"chose_seed":false,"campfire_upgraded":2,"win_rate":0,"timestamp":1557096521,"path_taken":["M","M","?","M","?","R","E","?","T","M","E","M","R","M","R","BOSS","M","?","?","M","$","R","E","M","T","M","R","E"],"build_version":"2019-04-23","purchased_purges":0,"victory":false,"max_hp_per_floor":[75,75,75,75,75,75,75,75,75,75,75,75,75,75,75,75,75,75,75,75,75,75,75,75,75,75,75,75,75],"card_choices":[{"not_picked":["Combust","Corruption"],"picked":"Twin Strike","floor":1},{"not_picked":["Heavy Blade","Cleave"],"picked":"Disarm","floor":2},{"not_picked":["Heavy Blade","Thunderclap"],"picked":"Pommel Strike","floor":4},{"not_picked":["Metallicize","Evolve"],"picked":"Feel No Pain","floor":7},{"not_picked":["Headbutt","Heavy Blade","Evolve"],"picked":"SKIP","floor":10},{"not_picked":["Inflame","Warcry"],"picked":"Sword Boomerang","floor":11},{"not_picked":["Anger","Body Slam"],"picked":"Limit Break","floor":12},{"not_picked":["Pommel Strike","Havoc"],"picked":"Battle Trance","floor":14},{"not_picked":["Exhume","Double Tap"],"picked":"Juggernaut","floor":16},{"not_picked":["Rupture","True Grit"],"picked":"Clothesline","floor":18},{"not_picked":["Disarm","Flex"],"picked":"Flame Barrier","floor":20},{"not_picked":["Wild Strike","Feel No Pain"],"picked":"Shockwave","floor":21},{"not_picked":["Iron Wave","Thunderclap"],"picked":"Warcry","floor":23},{"not_picked":["Shockwave","Clothesline","Anger"],"picked":"SKIP","floor":24},{"not_picked":["Anger","Iron Wave"],"picked":"Havoc","floor":25},{"not_picked":["Thunderclap+1","Carnage+1","Intimidate"],"picked":"SKIP","floor":27},{"not_picked":["Sentinel","Spot Weakness"],"picked":"Reaper","floor":28}],"player_experience":1218325,"relics_obtained":[{"floor":7,"key":"Potion Belt"},{"floor":9,"key":"Boot"},{"floor":11,"key":"Bronze Scales"},{"floor":24,"key":"Omamori"}],"event_choices":[{"damage_healed":0,"gold_gain":0,"player_choice":"Entered Light","damage_taken":23,"max_hp_gain":0,"max_hp_loss":0,"event_name":"Shining Light","floor":3,"gold_loss":0,"cards_upgraded":["Defend_R","Twin Strike"]},{"cards_removed":["Strike_R"],"damage_healed":0,"gold_gain":0,"player_choice":"Card Removal","damage_taken":0,"max_hp_gain":0,"max_hp_loss":0,"event_name":"The Cleric","floor":5,"gold_loss":75},{"damage_healed":0,"gold_gain":0,"player_choice":"Paid Gold","damage_taken":0,"relics_obtained":["Dream Catcher"],"max_hp_gain":0,"max_hp_loss":0,"event_name":"WeMeetAgain","floor":19,"gold_loss":53}],"is_beta":true,"boss_relics":[{"not_picked":["Black Blood","Runic Dome"],"picked":"Fusion Hammer"}],"items_purged_floors":[],"is_endless":false,"potions_floor_spawned":[4,7,11,12,21,25],"killed_by":"Slavers","ascension_level":20}