{"path_per_floor":["M","$","?","M","?","R","E","R","T","E","M","M","?"],"character_chosen":"DEFECT","items_purchased":["Go for the Eyes"],"gold_per_floor":[109,84,84,97,272,272,312,312,312,343,356,380,380,380],"floor_reached":14,"campfire_rested":1,"playtime":273,"current_hp_per_floor":[65,65,65,65,65,65,21,41,41,15,15,3,3,0],"items_purged":[],"gold":380,"score":137,"play_id":"e96f4ecd-c533-4838-8fc6-7026ccdfcb45","local_time":"20180501214832","is_prod":false,"is_daily":false,"chose_seed":false,"is_ascension_mode":true,"campfire_upgraded":1,"timestamp":1525236512,"path_taken":["M","$","?","?","?","R","E","R","T","E","M","M","?","E"],"build_version":"2018-05-01","seed_source_timestamp":106299763122030,"purchased_purges":0,"victory":false,"master_deck":["Strike_B","Strike_B","Strike_B","Defend_B","Defend_B","Defend_B","Defend_B","Zap+1","Dualcast","Go for the Eyes","Hologram","Go for the Eyes","White Noise","Doubt","Sunder","Undo","Defragment","Sweeping Beam"],"max_hp_per_floor":[75,75,69,69,69,69,69,69,69,69,69,69,69,69],"relics":["Cracked Core","Golden Idol","Emotion Chip","Bird Faced Urn","Kunai"],"card_choices":[{"not_picked":["Capacitor","Static Discharge"],"picked":"Go for the Eyes","floor":0},{"not_picked":["Rebound","Barrage"],"picked":"Hologram","floor":1},{"not_picked":["Self Repair","Beam Cell"],"picked":"White Noise","floor":4},{"not_picked":["Impulse","Stack"],"picked":"Sunder","floor":7},{"not_picked":["Go for the Eyes","Rebound"],"picked":"Undo","floor":10},{"not_picked":["Hologram","Beam Cell"],"picked":"Defragment","floor":11},{"not_picked":["Axe Kick","Doom and Gloom"],"picked":"Sweeping Beam","floor":12}],"player_experience":567548,"potions_floor_usage":[],"damage_taken":[{"damage":3,"enemies":"Small Slimes","floor":1,"turns":5},{"damage":0,"enemies":"2 Louse","floor":4,"turns":2},{"damage":44,"enemies":"Lagavulin","floor":7,"turns":8},{"damage":28,"enemies":"Gremlin Nob","floor":10,"turns":4},{"damage":0,"enemies":"Cultist","floor":11,"turns":2},{"damage":18,"enemies":"Large Slime","floor":12,"turns":6},{"damage":6,"enemies":"3 Sentries","floor":14,"turns":1}],"event_choices":[{"event_name":"Golden Idol","player_choice":"Lose Max HP","floor":3,"damage_taken":0},{"event_name":"Liars Game","player_choice":"agreed","floor":5,"damage_taken":0},{"event_name":"Purifier","player_choice":"One Purge","floor":13,"damage_taken":0}],"boss_relics":[],"potions_floor_spawned":[1,12],"seed_played":"-12158818845300895","killed_by":"3 Sentries","ascension_level":8,"is_trial":false}