{"gold_per_floor":[110,35,185,69,144,169,169,199,223,248,248,260,260,270,270,270],"floor_reached":16,"playtime":566,"items_purged":["Doubt"],"score":332,"play_id":"adfb59bc-f07d-4a6b-9cd6-14c515c30bc4","local_time":"20190405152813","is_ascension_mode":true,"campfire_choices":[{"data":"Uppercut","floor":7,"key":"SMITH"},{"data":"Feed","floor":13,"key":"SMITH"},{"data":"True Grit","floor":15,"key":"SMITH"}],"neow_cost":"NONE","seed_source_timestamp":364430269217954,"circlet_count":0,"master_deck":["AscendersBane","Strike_R","Strike_R","Strike_R","Strike_R","Defend_R","Defend_R","Defend_R","Defend_R","Bash","Feel No Pain","Uppercut+1","Shrug It Off","Feed+1","Feel No Pain","Battle Trance","True Grit+1"],"relics":["Burning Blood","NeowsBlessing","Happy Flower","Red Skull","Omamori","Centennial Puzzle"],"potions_floor_usage":[10],"damage_taken":[{"damage":0,"enemies":"Small Slimes","floor":1,"turns":2},{"damage":0,"enemies":"3 Sentries","floor":6,"turns":2},{"damage":0,"enemies":"Gremlin Nob","floor":8,"turns":1},{"damage":33,"enemies":"Lagavulin","floor":10,"turns":8},{"damage":7,"enemies":"2 Louse","floor":12,"turns":2},{"damage":14,"enemies":"Jaw Worm","floor":14,"turns":6},{"damage":49,"enemies":"Hexaghost","floor":16,"turns":11}],"seed_played":"-5687134038075859565","potions_obtained":[{"floor":6,"key":"Explosive Potion"},{"floor":8,"key":"Strength Potion"},{"floor":14,"key":"Explosive Potion"}],"is_trial":false,"path_per_floor":["M","?","?","$","?","E","R","E","T","E","T","M","R","M","R","B"],"character_chosen":"IRONCLAD","items_purchased":["Uppercut"],"campfire_rested":0,"item_purchase_floors":[4],"current_hp_per_floor":[74,74,74,74,63,69,69,75,75,51,51,53,53,49,49,0],"gold":270,"neow_bonus":"THREE_ENEMY_KILL","is_prod":false,"is_daily":false,"chose_seed":false,"campfire_upgraded":3,"win_rate":0,"timestamp":1554492493,"path_taken":["M","?","?","$","?","E","R","E","T","E","?","M","R","M","R","BOSS"],"build_version":"2019-01-23","purchased_purges":1,"victory":false,"max_hp_per_floor":[75,75,75,75,75,75,75,75,75,78,78,81,81,85,85,85],"card_choices":[{"not_picked":["Perfected Strike","Infernal Blade"],"picked":"Feel No Pain","floor":1},{"not_picked":["Infernal Blade","Warcry"],"picked":"Shrug It Off","floor":6},{"not_picked":["Carnage","Wild Strike"],"picked":"Feed","floor":8},{"not_picked":["Havoc","Intimidate"],"picked":"Feel No Pain","floor":10},{"not_picked":["Dropkick","True Grit"],"picked":"Battle Trance","floor":12},{"not_picked":["Twin Strike","Flex"],"picked":"True Grit","floor":14}],"player_experience":1623516,"relics_obtained":[{"floor":6,"key":"Happy Flower"},{"floor":8,"key":"Red Skull"},{"floor":10,"key":"Omamori"},{"floor":11,"key":"Centennial Puzzle"}],"event_choices":[{"cards_removed":["Strike_R"],"damage_healed":0,"gold_gain":0,"player_choice":"Card Removal","damage_taken":0,"max_hp_gain":0,"max_hp_loss":0,"event_name":"The Cleric","floor":2,"gold_loss":75},{"damage_healed":0,"gold_gain":150,"player_choice":"AGREE","damage_taken":0,"max_hp_gain":0,"max_hp_loss":0,"event_name":"Liars Game","floor":3,"gold_loss":0,"cards_obtained":["Doubt"]},{"damage_healed":0,"gold_gain":75,"player_choice":"Gather Gold","damage_taken":11,"max_hp_gain":0,"max_hp_loss":0,"event_name":"World of Goop","floor":5,"gold_loss":0}],"is_beta":false,"boss_relics":[],"items_purged_floors":[4],"is_endless":false,"potions_floor_spawned":[6,8,14],"killed_by":"Hexaghost","ascension_level":20}