{"path_per_floor":["M","M","M","M","M","R","M","?","T","M","$","R","M","?","R","B",null,"M","M","?","?","?","R","E","?","T"],"character_chosen":"IRONCLAD","items_purchased":["Bottled Tornado"],"gold_per_floor":[109,128,145,165,185,185,201,231,307,317,55,55,74,74,74,195,195,195,195,95,95,20,20,20,20,20],"floor_reached":27,"campfire_rested":0,"playtime":967,"current_hp_per_floor":[72,68,72,64,67,67,64,64,64,70,70,70,75,75,75,37,67,71,65,65,65,65,65,19,19,19],"items_purged":[],"gold":20,"score":338,"play_id":"ef2b4544-f7ab-4be4-8aa7-dabc40931d12","local_time":"20180315012654","is_prod":false,"is_daily":false,"is_ascension_mode":true,"campfire_upgraded":4,"timestamp":1521091614,"path_taken":["M","M","M","?","M","R","M","?","T","?","$","R","M","?","R","BOSS","M","M","?","?","?","R","E","?","T","M"],"build_version":"2018-03-09","purchased_purges":0,"victory":false,"master_deck":["Strike_R","Strike_R","Strike_R","Strike_R","Defend_R","Defend_R","Defend_R","Defend_R","Bash+1","Iron Wave","Heavy Blade","Metallicize+1","Iron Wave","Cleave+1","Shrug It Off","Heavy Blade","Juggernaut+1","Body Slam+1","J.A.X.","Armaments+1","Impervious+1"],"max_hp_per_floor":[77,77,77,77,77,77,77,77,77,77,77,77,77,77,77,77,77,77,77,77,77,77,77,77,77,77],"relics":["Burning Blood","Kunai","Bottled Tornado","Golden Idol","Ectoplasm","Toxic Egg 2","Bottled Flame"],"card_choices":[{"not_picked":["Havoc","Seeing Red"],"picked":"Iron Wave"},{"not_picked":["Sever Soul","Perfected Strike"],"picked":"Heavy Blade"},{"not_picked":["Clash","Carnage"],"picked":"Metallicize"},{"not_picked":["True Grit","Heavy Blade"],"picked":"Iron Wave"},{"not_picked":["Clash","Twin Strike"],"picked":"Cleave"},{"not_picked":["Perfected Strike","Entrench"],"picked":"Shrug It Off"},{"not_picked":["Clash","Ghostly Armor"],"picked":"Heavy Blade"},{"not_picked":["Dark Embrace","Berserk"],"picked":"Juggernaut"},{"not_picked":["Armaments","Flex"],"picked":"Body Slam"},{"not_picked":["Carnage","Flex"],"picked":"Armaments"}],"player_experience":515727,"potions_floor_usage":[4,7,10,18,27],"damage_taken":[{"damage":6,"enemies":"Cultist","floor":1,"turns":3},{"damage":10,"enemies":"Small Slimes","floor":2,"turns":4},{"damage":2,"enemies":"2 Louse","floor":3,"turns":3},{"damage":14,"enemies":"Gremlin Gang","floor":4,"turns":4},{"damage":3,"enemies":"Red Slaver","floor":5,"turns":5},{"damage":9,"enemies":"2 Fungi Beasts","floor":7,"turns":3},{"damage":0,"enemies":"Large Slime","floor":10,"turns":6},{"damage":1,"enemies":"Blue Slaver","floor":13,"turns":3},{"damage":44,"enemies":"Slime Boss","floor":16,"turns":12},{"damage":2,"enemies":"3 Byrds","floor":18,"turns":5},{"damage":12,"enemies":"Spheric Guardian","floor":19,"turns":4},{"damage":52,"enemies":"Book of Stabbing","floor":24,"turns":6},{"damage":27,"enemies":"3 Cultists","floor":27,"turns":4}],"event_choices":[{"event_name":"Dead Adventurer","player_choice":"Searched \u00272\u0027 times","floor":8,"damage_taken":0},{"event_name":"Golden Idol","player_choice":"Take Wound","floor":14,"damage_taken":0},{"event_name":"Drug Dealer","player_choice":"Got JAXXED","floor":20,"damage_taken":0},{"event_name":"Upgrade Shrine","player_choice":"Upgraded","floor":21,"damage_taken":0},{"event_name":"Beggar","player_choice":"Gave Gold","floor":22,"damage_taken":0},{"event_name":"Transmorgrifier","player_choice":"Transform","floor":25,"damage_taken":0}],"boss_relics":[{"not_picked":["Lizard Tail","White Beast Statue"],"picked":"Ectoplasm"}],"potions_floor_spawned":[2,4,5,16,18,24],"seed_played":"-9017225454561680720","killed_by":"3 Cultists","ascension_level":10,"is_trial":false}