{"gold_per_floor":[115,134,134,148,159,159,187,187,213,231,231,196,11,46,46,46],"floor_reached":16,"playtime":984,"items_purged":[],"score":215,"play_id":"4dedf42d-5db9-4ec8-b5ba-9b7ca36aea49","local_time":"20190322141619","is_ascension_mode":true,"campfire_choices":[{"data":"Neutralize","floor":6,"key":"SMITH"},{"data":"Crippling Poison","floor":8,"key":"SMITH"},{"data":"Cloak And Dagger","floor":11,"key":"SMITH"},{"data":"Finisher","floor":15,"key":"SMITH"}],"neow_cost":"NONE","seed_source_timestamp":477286864321733,"circlet_count":0,"master_deck":["AscendersBane","Defend_G","Defend_G","Defend_G","Defend_G","Defend_G","Strike_G","Strike_G","Strike_G","Strike_G","Strike_G","Survivor","Neutralize+1","Backstab+1","Cloak And Dagger+1","Crippling Poison+1","Expertise","Cloak And Dagger","Finisher+1"],"relics":["Ring of the Snake","Juzu Bracelet","Happy Flower","Tiny Chest","Bag of Preparation"],"potions_floor_usage":[7,7,14,14],"damage_taken":[{"damage":2,"enemies":"Jaw Worm","floor":1,"turns":7},{"damage":1,"enemies":"Cultist","floor":2,"turns":3},{"damage":0,"enemies":"Small Slimes","floor":4,"turns":3},{"damage":0,"enemies":"Exordium Wildlife","floor":5,"turns":4},{"damage":44,"enemies":"Lagavulin","floor":7,"turns":10},{"damage":1,"enemies":"3 Louse","floor":10,"turns":4},{"damage":10,"enemies":"3 Sentries","floor":14,"turns":5},{"damage":27,"enemies":"The Guardian","floor":16,"turns":11}],"seed_played":"-2853611939766668137","potions_obtained":[{"floor":2,"key":"Poison Potion"},{"floor":4,"key":"Swift Potion"},{"floor":7,"key":"AttackPotion"}],"is_trial":false,"path_per_floor":["M","M","?","M","M","R","E","R","T","M","R","?","$","E","R","B"],"character_chosen":"THE_SILENT","items_purchased":["Tiny Chest","SteroidPotion"],"campfire_rested":0,"item_purchase_floors":[13,13],"current_hp_per_floor":[63,62,62,62,62,62,18,18,18,17,17,35,35,25,25,0],"gold":46,"neow_bonus":"TEN_PERCENT_HP_BONUS","is_prod":false,"is_daily":false,"chose_seed":false,"campfire_upgraded":4,"win_rate":0,"timestamp":1553278579,"path_taken":["M","M","?","M","M","R","E","R","T","M","R","?","$","E","R","BOSS"],"build_version":"2019-01-23","purchased_purges":0,"victory":false,"max_hp_per_floor":[72,72,72,72,72,72,72,72,72,72,72,72,72,72,72,72],"card_choices":[{"not_picked":["Cloak And Dagger","Underhanded Strike"],"picked":"Backstab","floor":1},{"not_picked":["Backflip","Dodge and Roll"],"picked":"Cloak And Dagger","floor":2},{"not_picked":["Cloak And Dagger","Backflip"],"picked":"Crippling Poison","floor":4},{"not_picked":["Underhanded Strike","Bane","Deflect"],"picked":"SKIP","floor":5},{"not_picked":["Accuracy","All Out Attack"],"picked":"Expertise","floor":7},{"not_picked":["Bane","Sucker Punch"],"picked":"Cloak And Dagger","floor":10},{"not_picked":["Dodge and Roll","PiercingWail"],"picked":"Finisher","floor":14}],"player_experience":1343362,"relics_obtained":[{"floor":7,"key":"Juzu Bracelet"},{"floor":9,"key":"Happy Flower"},{"floor":14,"key":"Bag of Preparation"}],"event_choices":[{"damage_healed":0,"gold_gain":0,"player_choice":"Upgraded","damage_taken":0,"max_hp_gain":0,"max_hp_loss":0,"event_name":"Upgrade Shrine","floor":3,"gold_loss":0,"cards_upgraded":["Backstab"]},{"damage_healed":18,"gold_gain":0,"player_choice":"Healed","damage_taken":0,"max_hp_gain":0,"max_hp_loss":0,"event_name":"The Cleric","floor":12,"gold_loss":35}],"is_beta":false,"boss_relics":[],"items_purged_floors":[],"is_endless":false,"potions_floor_spawned":[2,4,7],"killed_by":"The Guardian","ascension_level":19}