{"path_per_floor":["M","?","?","M","?","R","E","M","T","?","R","M","R","?","R"],"character_chosen":"THE_SILENT","items_purchased":[],"gold_per_floor":[119,119,294,307,307,307,345,358,408,438,438,456,456,456,456,456],"floor_reached":16,"campfire_rested":0,"playtime":462,"current_hp_per_floor":[54,38,38,29,29,29,15,15,15,15,15,15,15,15,15,0],"items_purged":[],"gold":456,"score":167,"play_id":"870eaa24-8685-475c-b121-bd7367510cda","local_time":"20180407145242","is_prod":false,"is_daily":false,"is_ascension_mode":true,"campfire_upgraded":4,"timestamp":1523127162,"path_taken":["M","?","?","M","?","R","E","M","T","?","R","?","R","?","R","BOSS"],"build_version":"2018-04-05v2","purchased_purges":0,"victory":false,"master_deck":["Defend_G","Defend_G","Defend_G","Defend_G","Defend_G","Strike_G","Strike_G","Strike_G","Strike_G","Strike_G","Survivor","Neutralize+1","AscendersBane","Poisoned Stab+1","Doubt","Terror+1","Bouncing Flask+1","Grand Finale","Backflip","Calculated Gamble+1"],"max_hp_per_floor":[66,66,66,66,66,66,66,66,66,66,66,66,66,66,66,66],"relics":["Ring of the Snake","Golden Idol","Prayer Wheel","Singing Bowl"],"card_choices":[{"not_picked":["Cloak And Dagger","Quick Slash"],"picked":"Poisoned Stab","floor":1},{"not_picked":["PiercingWail","Setup"],"picked":"Terror","floor":4},{"not_picked":["Backflip","All Out Attack"],"picked":"Bouncing Flask","floor":7},{"not_picked":["Setup","PiercingWail"],"picked":"Grand Finale","floor":8},{"not_picked":["Dagger Spray","Sucker Punch"],"picked":"Backflip","floor":9},{"not_picked":["Dash","Skewer"],"picked":"Calculated Gamble","floor":12}],"player_experience":717456,"potions_floor_usage":[7,16,16],"damage_taken":[{"damage":5,"enemies":"2 Louse","floor":1,"turns":3},{"damage":9,"enemies":"Jaw Worm","floor":4,"turns":4},{"damage":14,"enemies":"Lagavulin","floor":7,"turns":7},{"damage":0,"enemies":"Small Slimes","floor":8,"turns":4},{"damage":0,"enemies":"Looter","floor":12,"turns":3},{"damage":28,"enemies":"Slime Boss","floor":16,"turns":7}],"event_choices":[{"event_name":"Golden Idol","player_choice":"Take Damage","floor":2,"damage_taken":0},{"event_name":"Liars Game","player_choice":"agreed","floor":3,"damage_taken":0},{"event_name":"Upgrade Shrine","player_choice":"Upgraded","floor":5,"damage_taken":0},{"event_name":"Dead Adventurer","player_choice":"Searched \u00271\u0027 times","floor":10,"damage_taken":0},{"event_name":"Scrap Ooze","player_choice":"unsuccessful","floor":14,"damage_taken":0}],"boss_relics":[],"potions_floor_spawned":[4,8,12],"seed_played":"-4222224293968191522","killed_by":"Slime Boss","ascension_level":14,"is_trial":false}