{"gold_per_floor":[118,118,133,147,147,147,177,191,191,191,216,216],"floor_reached":12,"playtime":418,"items_purged":[],"score":176,"play_id":"de5455e9-fd01-4678-a4cb-3bbc9e538da8","local_time":"20190403032527","is_ascension_mode":true,"campfire_choices":[{"data":"Hologram","floor":6,"key":"SMITH"},{"data":"Zap","floor":10,"key":"SMITH"}],"neow_cost":"NONE","seed_source_timestamp":148390671900983,"circlet_count":0,"master_deck":["AscendersBane","Strike_B","Strike_B","Strike_B","Strike_B","Defend_B","Defend_B","Defend_B","Defend_B","Zap+1","Dualcast","Gash","Hologram+1","Hologram+1","Chill","Gash","Ball Lightning"],"relics":["Cracked Core","NeowsBlessing","Bag of Preparation","Sundial","Bottled Lightning"],"potions_floor_usage":[],"damage_taken":[{"damage":0,"enemies":"2 Louse","floor":1,"turns":1},{"damage":0,"enemies":"Cultist","floor":3,"turns":1},{"damage":0,"enemies":"Jaw Worm","floor":4,"turns":1},{"damage":15,"enemies":"Lagavulin","floor":7,"turns":6},{"damage":21,"enemies":"Exordium Wildlife","floor":8,"turns":4},{"damage":10,"enemies":"3 Sentries","floor":11,"turns":10},{"damage":11,"enemies":"3 Louse","floor":12,"turns":1}],"seed_played":"-5063917026838191677","potions_obtained":[{"floor":8,"key":"SteroidPotion"}],"is_trial":false,"path_per_floor":["M","?","M","M","?","R","E","M","T","R","E","M"],"character_chosen":"DEFECT","items_purchased":[],"campfire_rested":0,"item_purchase_floors":[],"current_hp_per_floor":[64,54,54,54,54,54,39,18,18,18,8,0],"gold":216,"neow_bonus":"THREE_ENEMY_KILL","is_prod":false,"is_daily":false,"chose_seed":false,"campfire_upgraded":2,"win_rate":0,"timestamp":1554276327,"path_taken":["M","?","?","?","?","R","E","M","T","R","E","M"],"build_version":"2019-01-23","purchased_purges":0,"victory":false,"max_hp_per_floor":[71,71,71,71,71,71,71,71,71,71,71,71],"card_choices":[{"not_picked":["Turbo","Leap"],"picked":"Gash","floor":1},{"not_picked":["Streamline","Stack"],"picked":"Hologram","floor":3},{"not_picked":["Sweeping Beam","Scrape"],"picked":"Hologram","floor":4},{"not_picked":["Leap","Conserve Battery"],"picked":"Chill","floor":7},{"not_picked":["Scrape","Chill"],"picked":"Gash","floor":8},{"not_picked":["Leap","Stack"],"picked":"Ball Lightning","floor":11}],"player_experience":1554595,"relics_obtained":[{"floor":7,"key":"Bag of Preparation"},{"floor":9,"key":"Sundial"},{"floor":11,"key":"Bottled Lightning"}],"event_choices":[{"damage_healed":0,"gold_gain":0,"player_choice":"Damaged","damage_taken":10,"max_hp_gain":0,"max_hp_loss":0,"event_name":"Wheel of Change","floor":2,"gold_loss":0},{"damage_healed":0,"gold_gain":0,"player_choice":"Grow","damage_taken":0,"max_hp_gain":0,"max_hp_loss":0,"event_name":"Living Wall","floor":5,"gold_loss":0,"cards_upgraded":["Hologram"]}],"is_beta":false,"boss_relics":[],"items_purged_floors":[],"is_endless":false,"potions_floor_spawned":[8],"killed_by":"3 Louse","ascension_level":20}