{"gold_per_floor":[112,187,198,212,29,29,29,29,99,118,148,166,182,194,194,268,268,283,297,297,68,87,87,98,98,174,30,30,65,65,81,81,153,153,168,213,47,47,47,47,97,128,175,175,205,31,51,51,51,51,51,51,20,50,50],"floor_reached":55,"playtime":1501,"items_purged":["Brutality","Regret"],"score":1238,"play_id":"6b481a00-d560-4f41-a9dd-28522300b35e","local_time":"20190419220644","is_ascension_mode":true,"campfire_choices":[{"data":"Apotheosis","floor":6.0,"key":"SMITH"},{"data":"Whirlwind","floor":15.0,"key":"SMITH"},{"data":"Inflame","floor":23.0,"key":"SMITH"},{"floor":25.0,"key":"REST"},{"data":"Whirlwind","floor":28.0,"key":"SMITH"},{"floor":32.0,"key":"REST"},{"data":"Uppercut","floor":40.0,"key":"SMITH"},{"floor":44.0,"key":"REST"},{"floor":49.0,"key":"RECALL"},{"data":"Juggernaut","floor":52.0,"key":"SMITH"}],"neow_cost":"PERCENT_DAMAGE","seed_source_timestamp":0,"circlet_count":0,"master_deck":["AscendersBane","Strike_R","Strike_R","Strike_R","Strike_R","Defend_R","Defend_R","Defend_R","Defend_R","Bash","Ghostly Armor","Battle Trance","Apotheosis+1","Inflame+1","Whirlwind+1","Burning Pact+1","Offering+1","Whirlwind+1","Limit Break+1","Shrug It Off+1","Shockwave+1","Uppercut+1","Disarm+1","Juggernaut+1","Impervious+1","Shrug It Off+1","Discovery+1","Disarm+1","Dual Wield+1"],"special_seed":0,"relics":["Burning Blood","Centennial Puzzle","The Courier","Toxic Egg 2","Snecko Eye","Letter Opener","Happy Flower","Smiling Mask","Cursed Key","Bird Faced Urn","Chemical X","Darkstone Periapt","Ornamental Fan","Oddly Smooth Stone","Dodecahedron"],"potions_floor_usage":[],"damage_taken":[{"damage":3.0,"enemies":"2 Louse","floor":1.0,"turns":4.0},{"damage":8.0,"enemies":"Jaw Worm","floor":3.0,"turns":4.0},{"damage":0.0,"enemies":"Small Slimes","floor":4.0,"turns":2.0},{"damage":5.0,"enemies":"3 Louse","floor":10.0,"turns":2.0},{"damage":4.0,"enemies":"Lagavulin","floor":11.0,"turns":7.0},{"damage":9.0,"enemies":"Red Slaver","floor":12.0,"turns":3.0},{"damage":1.0,"enemies":"Looter","floor":13.0,"turns":4.0},{"damage":7.0,"enemies":"Exordium Wildlife","floor":14.0,"turns":3.0},{"damage":8.0,"enemies":"The Guardian","floor":16.0,"turns":12.0},{"damage":4.0,"enemies":"Chosen","floor":18.0,"turns":4.0},{"damage":24.0,"enemies":"2 Thieves","floor":19.0,"turns":3.0},{"damage":25.0,"enemies":"Snake Plant","floor":22.0,"turns":4.0},{"damage":13.0,"enemies":"Chosen and Byrds","floor":24.0,"turns":3.0},{"damage":36.0,"enemies":"Slavers","floor":29.0,"turns":4.0},{"damage":6.0,"enemies":"Centurion and Healer","floor":31.0,"turns":2.0},{"damage":30.0,"enemies":"Collector","floor":33.0,"turns":8.0},{"damage":0.0,"enemies":"3 Shapes","floor":35.0,"turns":1.0},{"damage":28.0,"enemies":"2 Orb Walkers","floor":36.0,"turns":3.0},{"damage":36.0,"enemies":"Nemesis","floor":42.0,"turns":7.0},{"damage":14.0,"enemies":"Reptomancer","floor":45.0,"turns":4.0},{"damage":16.0,"enemies":"3 Darklings","floor":47.0,"turns":3.0},{"damage":21.0,"enemies":"Time Eater","floor":50.0,"turns":9.0},{"damage":50,"enemies":"Shield and Spear","floor":54,"turns":4},{"damage":57,"enemies":"The Heart","floor":55,"turns":2}],"seed_played":"-5291445117457865120","potions_obtained":[{"floor":3.0,"key":"Fire Potion"},{"floor":10.0,"key":"Regen Potion"},{"floor":19.0,"key":"Dexterity Potion"},{"floor":30.0,"key":"EssenceOfSteel"},{"floor":33.0,"key":"Poison Potion"},{"floor":45.0,"key":"Regen Potion"},{"floor":47.0,"key":"Energy Potion"}],"is_trial":false,"path_per_floor":["M","?","M","M","$","R","$","?","T","M","E","M","M","M","R","B",null,"M","M","?","$","M","R","M","R","T","$","R","E","?","M","R","B",null,"M","?","$","?","$","R","?","E","T","R","E","$","M","?","R","B",null,"R","$","E","B"],"character_chosen":"IRONCLAD","items_purchased":["Apotheosis","Limit Break+1","Shrug It Off+1","Uppercut","Happy Flower","Chemical X","Oddly Smooth Stone","Disarm+1"],"campfire_rested":3,"item_purchase_floors":[5,21,21,27,27,37,46,53],"current_hp_per_floor":[67,56,54,60,60,60,60,60,60,61,63,60,65,64,64,62,82,84,66,66,66,47,47,45,71,71,71,71,41,41,41,67,43,78,84,62,62,62,62,62,62,36,42,70,64,64,58,53,53,57,86,86,86,44,0],"gold":50,"neow_bonus":"TWENTY_PERCENT_HP_BONUS","is_prod":false,"is_daily":false,"chose_seed":false,"campfire_upgraded":6,"win_rate":0,"timestamp":1555726004,"path_taken":["M","?","M","M","$","R","?","?","T","M","E","M","M","M","R","BOSS","M","M","?","$","M","R","M","R","T","$","R","E","?","M","R","BOSS","M","?","$","?","?","R","?","E","T","R","E","$","?","?","R","BOSS","R","$","E","BOSS"],"build_version":"2019-04-04","purchased_purges":2,"victory":false,"max_hp_per_floor":[89,89,89,89,89,89,89,89,89,89,89,89,89,89,89,89,89,89,89,89,89,89,89,89,89,89,89,89,89,89,89,89,89,89,89,89,89,89,89,89,89,89,95,95,95,95,95,95,95,95,95,95,95,95,95],"card_choices":[{"not_picked":["Warcry","Fire Breathing"],"picked":"Ghostly Armor","floor":1.0},{"not_picked":["Havoc","Corruption"],"picked":"Cleave","floor":3.0},{"not_picked":["Searing Blow","Body Slam"],"picked":"Battle Trance","floor":4.0},{"not_picked":["Rampage","Thunderclap"],"picked":"Inflame","floor":10.0},{"not_picked":["Wild Strike","Second Wind","Rage"],"picked":"SKIP","floor":11.0},{"not_picked":["Wild Strike","Second Wind","Rage"],"picked":"SKIP","floor":11.0},{"not_picked":["Feel No Pain","Burning Pact+1"],"picked":"Anger","floor":12.0},{"not_picked":["Pommel Strike","Twin Strike"],"picked":"Whirlwind","floor":13.0},{"not_picked":["Seeing Red+1","Perfected Strike"],"picked":"Burning Pact+1","floor":14.0},{"not_picked":["Exhume+1","Immolate"],"picked":"Offering+1","floor":16.0},{"not_picked":["Flex+1","Intimidate+1","Bloodletting+1"],"picked":"SKIP","floor":18.0},{"not_picked":["Flex+1","Reckless Charge+1","Body Slam+1"],"picked":"SKIP","floor":19.0},{"not_picked":["Wild Strike","Clash","Twin Strike"],"picked":"SKIP","floor":22.0},{"not_picked":["Rampage+1","Havoc+1"],"picked":"Shockwave+1","floor":24.0},{"not_picked":["True Grit+1","Seeing Red+1"],"picked":"Disarm+1","floor":29.0},{"not_picked":["Warcry+1","Power Through+1"],"picked":"Juggernaut","floor":31.0},{"not_picked":["Bludgeon","Barricade"],"picked":"Impervious+1","floor":33.0},{"not_picked":["Twin Strike","Havoc+1"],"picked":"Shrug It Off+1","floor":35.0},{"not_picked":["Havoc+1","Flex+1","Perfected Strike"],"picked":"SKIP","floor":42.0},{"not_picked":["Pummel","Clash","Infernal Blade+1"],"picked":"SKIP","floor":45.0},{"not_picked":["Perfected Strike","Iron Wave","Armaments+1"],"picked":"SKIP","floor":47.0},{"not_picked":["Jack Of All Trades+1","Trip+1"],"picked":"Discovery+1","floor":48.0},{"not_picked":["Entrench+1","Wild Strike"],"picked":"Dual Wield+1","floor":54}],"player_experience":2426305,"relics_obtained":[{"floor":9.0,"key":"The Courier"},{"floor":11.0,"key":"Toxic Egg 2"},{"floor":26.0,"key":"Letter Opener"},{"floor":29.0,"key":"Smiling Mask"},{"floor":36.0,"key":"Bird Faced Urn"},{"floor":42.0,"key":"Darkstone Periapt"},{"floor":45.0,"key":"Ornamental Fan"},{"floor":54,"key":"Dodecahedron"}],"event_choices":[{"damage_healed":0.0,"max_hp_gain":0.0,"max_hp_loss":0.0,"gold_gain":75.0,"event_name":"World of Goop","player_choice":"Gather Gold","floor":2.0,"gold_loss":0.0,"damage_taken":11.0},{"damage_healed":0.0,"max_hp_gain":0.0,"max_hp_loss":0.0,"gold_gain":0.0,"event_name":"Dead Adventurer","player_choice":"Searched \u00271\u0027 times","floor":8.0,"gold_loss":0.0,"damage_taken":0.0,"relics_obtained":["Centennial Puzzle"]},{"damage_healed":0.0,"max_hp_gain":0.0,"max_hp_loss":0.0,"gold_gain":0.0,"cards_transformed":["Strike_R","Anger"],"event_name":"Drug Dealer","player_choice":"Became Test Subject","floor":20.0,"gold_loss":0.0,"damage_taken":0.0,"cards_obtained":["Whirlwind","Brutality"]},{"damage_healed":0.0,"max_hp_gain":0.0,"max_hp_loss":0.0,"gold_gain":0.0,"event_name":"Lab","player_choice":"Got Potions","floor":30.0,"gold_loss":0.0,"damage_taken":0.0},{"damage_healed":0.0,"max_hp_gain":0.0,"max_hp_loss":0.0,"gold_gain":0.0,"event_name":"Mysterious Sphere","player_choice":"Fight","floor":36.0,"gold_loss":0.0,"damage_taken":0.0},{"cards_removed":["Cleave"],"damage_healed":0.0,"max_hp_gain":0.0,"max_hp_loss":0.0,"gold_gain":0.0,"event_name":"Falling","player_choice":"Removed Attack","floor":38.0,"gold_loss":0.0,"damage_taken":0.0},{"damage_healed":0.0,"max_hp_gain":0.0,"max_hp_loss":0.0,"gold_gain":50.0,"event_name":"Golden Shrine","player_choice":"Pray","floor":41.0,"gold_loss":0.0,"damage_taken":0.0},{"damage_healed":0.0,"max_hp_gain":0.0,"max_hp_loss":0.0,"gold_gain":0.0,"event_name":"SensoryStone","player_choice":"Memory 2","floor":48.0,"gold_loss":0.0,"damage_taken":5.0}],"is_beta":true,"boss_relics":[{"not_picked":["Runic Dome","Runic Pyramid"],"picked":"Snecko Eye"},{"not_picked":["Tiny House","Black Star"],"picked":"Cursed Key"}],"items_purged_floors":[21,46],"is_endless":false,"potions_floor_spawned":[3,10,12,14,19,33,45,47],"killed_by":"The Heart","ascension_level":15}