{"gold_per_floor":[117,117,132,146,146,146,162,181,181,10,41,41,69,85,85,158,158,178,190,200,210,229,229,248,279,304,304,304,304,332,349,349,349],"floor_reached":33,"playtime":1186,"items_purged":[],"score":652,"play_id":"8611122b-75c2-45c4-ac64-f9258b01bb3e","local_time":"20190507205655","is_ascension_mode":true,"campfire_choices":[{"data":"Zap","floor":6,"key":"SMITH"},{"floor":12,"key":"REST"},{"data":"White Noise","floor":15,"key":"SMITH"},{"floor":23,"key":"REST"},{"floor":27,"key":"REST"},{"floor":29,"key":"REST"},{"floor":32,"key":"REST"}],"neow_cost":"NONE","seed_source_timestamp":564057090063913,"circlet_count":0,"master_deck":["AscendersBane","Strike_B","Strike_B","Strike_B","Strike_B","Defend_B+1","Defend_B","Defend_B+1","Defend_B","Zap+1","Dualcast","Streamline","Streamline","Glacier","Reinforced Body","Compile Driver","Biased Cognition","Glacier","Genetic Algorithm","White Noise+1","Electrodynamics","Ball Lightning","Undo","Coolheaded","Blizzard+1","Tempest+1","Necronomicurse"],"relics":["Cracked Core","Happy Flower","Pocketwatch","Bottled Lightning","Mango","Fusion Hammer","Bottled Tornado","Lantern","Necronomicon","Mercury Hourglass"],"potions_floor_usage":[11,13,18,30,33],"damage_taken":[{"damage":5,"enemies":"2 Louse","floor":1,"turns":3},{"damage":4,"enemies":"Jaw Worm","floor":3,"turns":3},{"damage":0,"enemies":"Small Slimes","floor":4,"turns":3},{"damage":0,"enemies":"2 Fungi Beasts","floor":7,"turns":3},{"damage":13,"enemies":"Exordium Thugs","floor":8,"turns":7},{"damage":0,"enemies":"Gremlin Nob","floor":11,"turns":4},{"damage":11,"enemies":"3 Sentries","floor":13,"turns":8},{"damage":0,"enemies":"Exordium Wildlife","floor":14,"turns":4},{"damage":2,"enemies":"The Guardian","floor":16,"turns":12},{"damage":0,"enemies":"3 Byrds","floor":18,"turns":2},{"damage":11,"enemies":"Spheric Guardian","floor":19,"turns":4},{"damage":26,"enemies":"Shelled Parasite and Fungi","floor":20,"turns":6},{"damage":0,"enemies":"Snake Plant","floor":21,"turns":4},{"damage":0,"enemies":"Sentry and Sphere","floor":22,"turns":6},{"damage":5,"enemies":"Chosen and Byrds","floor":24,"turns":4},{"damage":19,"enemies":"Gremlin Leader","floor":25,"turns":6},{"damage":23,"enemies":"Slavers","floor":30,"turns":2},{"damage":17,"enemies":"Shelled Parasite and Fungi","floor":31,"turns":5},{"damage":82,"enemies":"Automaton","floor":33,"turns":12}],"seed_played":"7045968012946210639","potions_obtained":[{"floor":7,"key":"Ancient Potion"},{"floor":8,"key":"SkillPotion"},{"floor":11,"key":"LiquidBronze"},{"floor":13,"key":"Strength Potion"},{"floor":18,"key":"Explosive Potion"},{"floor":31,"key":"Weak Potion"}],"is_trial":false,"path_per_floor":["M","?","M","M","?","R","M","M","T","$","E","R","E","M","R","B",null,"M","M","M","M","M","R","M","E","T","R","?","R","E","M","R","B"],"character_chosen":"DEFECT","items_purchased":["Biased Cognition"],"campfire_rested":5,"item_purchase_floors":[10],"current_hp_per_floor":[59,38,34,34,34,34,34,21,21,21,21,42,45,45,45,43,75,75,64,38,38,38,63,58,39,39,64,43,68,45,28,53,0],"gold":349,"neow_bonus":"RANDOM_COMMON_RELIC","is_prod":false,"is_daily":false,"chose_seed":false,"campfire_upgraded":2,"win_rate":0,"timestamp":1557287815,"path_taken":["M","?","M","M","?","R","M","M","T","$","E","R","E","M","R","BOSS","M","M","M","M","M","R","M","E","T","R","?","R","E","M","R","BOSS"],"build_version":"2019-04-23","purchased_purges":0,"victory":false,"max_hp_per_floor":[71,71,71,71,71,71,71,71,71,71,71,71,85,85,85,85,85,85,85,85,85,85,85,85,85,85,85,85,85,85,85,85,85],"card_choices":[{"not_picked":["Barrage","Coolheaded"],"picked":"Streamline","floor":1},{"not_picked":["Heatsinks","Beam Cell"],"picked":"Streamline","floor":3},{"not_picked":["Double Energy","Leap"],"picked":"Glacier","floor":4},{"not_picked":["Cold Snap","Fission"],"picked":"Reinforced Body","floor":7},{"not_picked":["Force Field","Scrape"],"picked":"Compile Driver","floor":8},{"not_picked":["Compile Driver","Steam"],"picked":"Glacier","floor":11},{"not_picked":["Melter","BootSequence"],"picked":"Genetic Algorithm","floor":13},{"not_picked":["Leap","Cold Snap"],"picked":"White Noise","floor":14},{"not_picked":["Buffer","All For One"],"picked":"Electrodynamics","floor":16},{"not_picked":["Streamline","Blizzard"],"picked":"Ball Lightning","floor":18},{"not_picked":["Chaos","Consume"],"picked":"Undo","floor":19},{"not_picked":["Aggregate","Recycle"],"picked":"Coolheaded","floor":20},{"not_picked":["Compile Driver","Steam","Beam Cell"],"picked":"SKIP","floor":21},{"not_picked":["Streamline","Coolheaded","Tempest"],"picked":"SKIP","floor":22},{"not_picked":["Hologram","Sweeping Beam"],"picked":"Blizzard+1","floor":24},{"not_picked":["Rip and Tear","Hyperbeam"],"picked":"Tempest+1","floor":25},{"not_picked":["Cold Snap","Double Energy","Sweeping Beam"],"picked":"SKIP","floor":30},{"not_picked":["Sweeping Beam","Barrage","Leap"],"picked":"SKIP","floor":31}],"player_experience":1234134,"relics_obtained":[{"floor":9,"key":"Pocketwatch"},{"floor":11,"key":"Bottled Lightning"},{"floor":13,"key":"Mango"},{"floor":25,"key":"Bottled Tornado"},{"floor":26,"key":"Lantern"},{"floor":28,"key":"Necronomicon"},{"floor":30,"key":"Mercury Hourglass"}],"event_choices":[{"damage_healed":0,"gold_gain":0,"player_choice":"Entered Light","damage_taken":21,"max_hp_gain":0,"max_hp_loss":0,"event_name":"Shining Light","floor":2,"gold_loss":0,"cards_upgraded":["Defend_B","Defend_B"]},{"damage_healed":0,"gold_gain":0,"player_choice":"Ignored","damage_taken":0,"max_hp_gain":0,"max_hp_loss":0,"event_name":"Liars Game","floor":5,"gold_loss":0},{"damage_healed":0,"gold_gain":0,"player_choice":"Obtained Book","damage_taken":21,"max_hp_gain":0,"max_hp_loss":0,"event_name":"Cursed Tome","floor":28,"gold_loss":0}],"is_beta":true,"boss_relics":[{"not_picked":["Ectoplasm","Orrery"],"picked":"Fusion Hammer"}],"items_purged_floors":[],"is_endless":false,"potions_floor_spawned":[7,8,11,13,14,16,18,19,24,31],"killed_by":"Automaton","ascension_level":20}