{"gold_per_floor":[112,112,92,108,22,22,41,41,41,52,80,80,80,110,110,182,182,194,212,212,81,99,99,113,113,138,138,166,1,18,18,18,18],"floor_reached":33,"playtime":1684,"items_purged":[],"score":596,"play_id":"d7e8d90e-0393-4af9-9615-563b8b467aa4","local_time":"20190406024810","is_ascension_mode":true,"campfire_choices":[{"data":"Bouncing Flask","floor":6,"key":"SMITH"},{"data":"Neutralize","floor":8,"key":"SMITH"},{"data":"Glass Knife","floor":13,"key":"SMITH"},{"data":"Footwork","floor":15,"key":"SMITH"},{"floor":23,"key":"REST"},{"data":"Well Laid Plans","floor":25,"key":"SMITH"},{"data":"Dagger Spray","floor":27,"key":"SMITH"},{"floor":32,"key":"REST"}],"neow_cost":"NONE","seed_source_timestamp":404106878200631,"circlet_count":0,"master_deck":["AscendersBane","Defend_G","Defend_G","Defend_G","Defend_G","Defend_G","Strike_G","Strike_G","Strike_G","Strike_G","Strike_G","Survivor","Neutralize+1","Dagger Throw","Calculated Gamble","Bouncing Flask+1","Footwork+1","Dagger Spray+1","Glass Knife+1","Envenom","Die Die Die","Acrobatics","Neutralize","Well Laid Plans+1","Deflect+1","Night Terror"],"relics":["Ring of the Snake","Bag of Preparation","Thread and Needle","Shovel","Ginger","Busted Crown","Potion Belt","Juzu Bracelet","Art of War"],"potions_floor_usage":[10,11,18,19,22,22,30],"damage_taken":[{"damage":0,"enemies":"Cultist","floor":1,"turns":4},{"damage":0,"enemies":"2 Louse","floor":4,"turns":4},{"damage":0,"enemies":"Jaw Worm","floor":7,"turns":4},{"damage":2,"enemies":"3 Louse","floor":10,"turns":4},{"damage":13,"enemies":"3 Sentries","floor":11,"turns":6},{"damage":0,"enemies":"Gremlin Nob","floor":14,"turns":3},{"damage":24,"enemies":"The Guardian","floor":16,"turns":8},{"damage":14,"enemies":"Chosen","floor":18,"turns":4},{"damage":7,"enemies":"3 Byrds","floor":19,"turns":4},{"damage":16,"enemies":"Shelled Parasite and Fungi","floor":22,"turns":5},{"damage":1,"enemies":"Snecko","floor":24,"turns":4},{"damage":15,"enemies":"Slavers","floor":28,"turns":6},{"damage":9,"enemies":"Cultist and Chosen","floor":30,"turns":5},{"damage":68,"enemies":"Collector","floor":33,"turns":5}],"seed_played":"-8569917124311607377","potions_obtained":[{"floor":1,"key":"PowerPotion"},{"floor":3,"key":"Block Potion"},{"floor":11,"key":"Weak Potion"},{"floor":16,"key":"FearPotion"},{"floor":18,"key":"PowerPotion"},{"floor":24,"key":"FairyPotion"},{"floor":28,"key":"Swift Potion"}],"is_trial":false,"path_per_floor":["M","T","?","M","$","R","M","R","T","M","E","?","R","E","R","B",null,"M","M","?","$","M","R","M","R","T","R","E","$","M","$","R","B"],"character_chosen":"THE_SILENT","items_purchased":["Footwork","Well Laid Plans","Swift Potion","Art of War"],"campfire_rested":2,"item_purchase_floors":[5,21,21,29],"current_hp_per_floor":[59,59,59,59,59,59,59,59,59,57,44,44,44,44,44,20,55,41,34,34,34,18,37,36,36,36,36,21,21,12,12,31,0],"gold":18,"neow_bonus":"THREE_CARDS","is_prod":false,"is_daily":false,"chose_seed":false,"campfire_upgraded":6,"win_rate":0,"timestamp":1554533290,"path_taken":["M","?","?","M","$","R","?","R","T","?","E","?","R","E","R","BOSS","M","M","?","?","?","R","M","R","T","R","E","$","M","?","R","BOSS"],"build_version":"2019-01-23","purchased_purges":0,"victory":false,"max_hp_per_floor":[66,66,66,66,66,66,66,66,66,66,66,66,66,66,66,66,66,66,66,66,66,66,66,66,66,66,66,66,66,66,66,66,66],"card_choices":[{"not_picked":["Tactician","Outmaneuver"],"picked":"Dagger Throw","floor":0},{"not_picked":["Dagger Throw","Sucker Punch"],"picked":"Calculated Gamble","floor":1},{"not_picked":["Catalyst","Dagger Throw"],"picked":"Bouncing Flask","floor":4},{"not_picked":["Acrobatics","Outmaneuver","Quick Slash"],"picked":"SKIP","floor":7},{"not_picked":["Cloak And Dagger","Quick Slash"],"picked":"Dagger Spray","floor":10},{"not_picked":["Choke","Slice"],"picked":"Glass Knife","floor":11},{"not_picked":["Dagger Spray","Sucker Punch"],"picked":"Envenom","floor":14},{"not_picked":["Doppelganger","Phantasmal Killer"],"picked":"Die Die Die","floor":16},{"not_picked":["Sucker Punch"],"picked":"SKIP","floor":18},{"not_picked":[],"picked":"Acrobatics","floor":19},{"not_picked":[],"picked":"Deflect+1","floor":22},{"not_picked":["Masterful Stab"],"picked":"SKIP","floor":24},{"not_picked":[],"picked":"Night Terror","floor":28},{"not_picked":["Outmaneuver"],"picked":"SKIP","floor":30}],"player_experience":1655236,"relics_obtained":[{"floor":2,"key":"Bag of Preparation"},{"floor":9,"key":"Thread and Needle"},{"floor":11,"key":"Shovel"},{"floor":14,"key":"Ginger"},{"floor":26,"key":"Potion Belt"},{"floor":28,"key":"Juzu Bracelet"}],"event_choices":[{"damage_healed":0,"gold_gain":0,"player_choice":"Bought 1 Potion","damage_taken":0,"max_hp_gain":0,"max_hp_loss":0,"event_name":"The Woman in Blue","floor":3,"gold_loss":0},{"damage_healed":0,"gold_gain":0,"player_choice":"Ignored","damage_taken":0,"max_hp_gain":0,"max_hp_loss":0,"event_name":"Liars Game","floor":12,"gold_loss":0},{"damage_healed":0,"gold_gain":0,"player_choice":"1 cards matched","damage_taken":0,"max_hp_gain":0,"max_hp_loss":0,"event_name":"Match and Keep!","floor":20,"gold_loss":0,"cards_obtained":["Neutralize"]}],"is_beta":false,"boss_relics":[{"not_picked":["Tiny House","Ring of the Serpent"],"picked":"Busted Crown"}],"items_purged_floors":[],"is_endless":false,"potions_floor_spawned":[1,7,11,16,18,24,28],"killed_by":"Collector","ascension_level":20}