{"path_per_floor":["M","?","M","M","?","M","R","M","T","M","?","?","?","M","R","B",null,"M","$","?","$","?","$","R","M","T","M","M","M","M","M","R"],"character_chosen":"THE_SILENT","items_purchased":["Apotheosis","Footwork"],"gold_per_floor":[118,118,128,139,139,157,157,172,172,182,182,153,153,172,172,274,274,287,21,21,21,21,21,21,35,58,76,95,110,128,143,143,143],"floor_reached":33,"campfire_rested":1,"playtime":1475,"current_hp_per_floor":[70,70,70,70,63,61,61,56,56,54,54,54,59,59,59,36,75,73,73,59,59,59,59,59,51,51,51,42,20,15,9,33,0],"items_purged":[],"gold":143,"score":243,"play_id":"3d7d0e2c-eaa2-4b8f-a21f-d2f9376e4b79","local_time":"20180408010145","is_prod":false,"is_daily":false,"is_ascension_mode":false,"campfire_upgraded":3,"timestamp":1523163705,"path_taken":["M","?","M","?","?","M","R","M","T","M","?","?","?","M","R","BOSS","M","$","?","$","?","$","R","M","T","M","?","M","?","?","R","BOSS"],"build_version":"2018-04-05v2","purchased_purges":1,"victory":false,"master_deck":["Defend_G","Defend_G","Defend_G","Defend_G","Defend_G","Strike_G","Strike_G","Strike_G","Strike_G","Survivor","Neutralize+1","Terror+1","Acrobatics","All Out Attack","Choke","Prepared+1","Acrobatics","Predator","Tactician","Outmaneuver+1","Apotheosis+1","Footwork+1","Masterful Stab","Prepared+1","Predator+1","Escape Plan+1"],"max_hp_per_floor":[70,70,70,70,70,70,70,70,70,70,70,70,75,75,75,75,75,75,75,80,80,80,80,80,80,80,80,80,80,80,80,80,80],"relics":["Sozu"],"card_choices":[{"not_picked":["Poisoned Stab","Caltrops"],"picked":"Terror","floor":1},{"not_picked":["PiercingWail","Outmaneuver"],"picked":"Acrobatics","floor":3},{"not_picked":["Finisher","Cloak And Dagger"],"picked":"All Out Attack","floor":4},{"not_picked":["Setup","Reflex"],"picked":"Choke","floor":6},{"not_picked":["Bane","Deflect"],"picked":"Prepared","floor":8},{"not_picked":["Dagger Spray","Heel Hook"],"picked":"Acrobatics","floor":10},{"not_picked":["Deadly Poison","Backstab"],"picked":"Predator","floor":14},{"not_picked":["Wraith Form","Tools of the Trade"],"picked":"Tactician","floor":16},{"not_picked":["Bane","Slice"],"picked":"Outmaneuver","floor":18},{"not_picked":["Underhanded Strike","Distraction"],"picked":"Masterful Stab","floor":25},{"not_picked":["Endless Agony","Flechettes"],"picked":"Prepared","floor":27},{"not_picked":["Deadly Poison","Dagger Spray"],"picked":"Predator","floor":28},{"not_picked":["Dagger Spray","Expertise"],"picked":"Escape Plan","floor":30}],"player_experience":743022,"potions_floor_usage":[],"damage_taken":[{"damage":0,"enemies":"Small Slimes","floor":1,"turns":4},{"damage":0,"enemies":"2 Louse","floor":3,"turns":2},{"damage":0,"enemies":"Cultist","floor":4,"turns":3},{"damage":2,"enemies":"Blue Slaver","floor":6,"turns":3},{"damage":5,"enemies":"2 Fungi Beasts","floor":8,"turns":3},{"damage":2,"enemies":"Looter","floor":10,"turns":2},{"damage":0,"enemies":"Blue Slaver","floor":14,"turns":3},{"damage":23,"enemies":"Hexaghost","floor":16,"turns":7},{"damage":2,"enemies":"Chosen","floor":18,"turns":5},{"damage":8,"enemies":"3 Byrds","floor":25,"turns":6},{"damage":0,"enemies":"Centurion and Healer","floor":27,"turns":4},{"damage":9,"enemies":"Snake Plant","floor":28,"turns":3},{"damage":22,"enemies":"Slaver and Parasite","floor":29,"turns":6},{"damage":5,"enemies":"Cultist and Chosen","floor":30,"turns":5},{"damage":6,"enemies":"Snake Plant","floor":31,"turns":3},{"damage":34,"enemies":"Collector","floor":33,"turns":8}],"event_choices":[{"event_name":"Scrap Ooze","player_choice":"unsuccessful","floor":2,"damage_taken":0},{"event_name":"Golden Wing","player_choice":"Card Removal","floor":5,"damage_taken":0},{"event_name":"Living Wall","player_choice":"Grow","floor":11,"damage_taken":0},{"event_name":"World of Goop","player_choice":"Left","floor":12,"damage_taken":0},{"event_name":"Big Fish","player_choice":"Donut","floor":13,"damage_taken":0},{"event_name":"Forgotten Altar","player_choice":"Shed Blood","floor":20,"damage_taken":0},{"event_name":"Upgrade Shrine","player_choice":"Upgraded","floor":22,"damage_taken":0}],"boss_relics":[{"not_picked":["Philosopher\u0027s Stone","Calling Bell","Tiny House"]}],"potions_floor_spawned":[4,6,14,16,25,28,29,30,31],"seed_played":"7024439868436241374","killed_by":"Collector","ascension_level":0,"is_trial":false}