{"gold_per_floor":[117,117,17,28,28,28,47,97,146,158,180,210,222,246,258,345,357,383,395],"floor_reached":19,"playtime":436,"items_purged":["Envenom"],"score":318,"play_id":"057a6b47-7000-45d8-ad61-e86fe73675a1","local_time":"20181110122736","is_ascension_mode":true,"campfire_choices":[{"data":"Neutralize","floor":6,"key":"SMITH"},{"data":"Noxious Fumes","floor":10,"key":"SMITH"},{"floor":13,"key":"REST"},{"data":"Noxious Fumes","floor":15,"key":"SMITH"}],"neow_cost":"NONE","seed_source_timestamp":572606509577278,"circlet_count":0,"master_deck":["AscendersBane","Defend_G","Defend_G","Defend_G","Defend_G","Defend_G","Strike_G","Strike_G","Strike_G","Strike_G","Survivor","Neutralize+1","Backstab","Poisoned Stab","Infinite Blades","Noxious Fumes+1","Dash","Noxious Fumes+1","Well Laid Plans+1"],"relics":["Ring of the Snake","MawBank","Philosopher\u0027s Stone"],"potions_floor_usage":[16],"damage_taken":[{"damage":9,"enemies":"Jaw Worm","floor":1,"turns":7},{"damage":4,"enemies":"Small Slimes","floor":4,"turns":3},{"damage":0,"enemies":"Cultist","floor":7,"turns":3},{"damage":19,"enemies":"Gremlin Gang","floor":11,"turns":5},{"damage":11,"enemies":"3 Louse","floor":12,"turns":3},{"damage":0,"enemies":"Blue Slaver","floor":14,"turns":3},{"damage":6,"enemies":"Hexaghost","floor":16,"turns":8},{"damage":30,"enemies":"2 Thieves","floor":18,"turns":5},{"damage":23,"enemies":"3 Byrds","floor":19,"turns":2}],"seed_played":"6931367911960807385","potions_obtained":[{"floor":11,"key":"SkillPotion"},{"floor":12,"key":"FairyPotion"}],"is_trial":false,"path_per_floor":["M","?","$","M","$","R","M","?","T","R","M","M","R","M","R","B",null,"M","M"],"character_chosen":"THE_SILENT","items_purchased":["Poisoned Stab"],"campfire_rested":1,"item_purchase_floors":[3],"current_hp_per_floor":[50,43,43,39,39,39,39,39,39,39,20,9,28,28,28,22,55,25,2],"gold":395,"neow_bonus":"ONE_RANDOM_RARE_CARD","is_prod":false,"is_daily":false,"chose_seed":false,"campfire_upgraded":3,"win_rate":0,"timestamp":1541878056,"path_taken":["M","?","$","M","$","R","M","?","T","R","?","?","R","M","R","BOSS","M","M"],"build_version":"2018-11-08","purchased_purges":1,"victory":false,"max_hp_per_floor":[66,66,66,66,66,66,66,66,66,66,66,66,66,66,66,66,66,66,66],"card_choices":[{"not_picked":["Backflip","Bouncing Flask"],"picked":"Backstab","floor":1},{"not_picked":["Poisoned Stab","Predator"],"picked":"Infinite Blades","floor":4},{"not_picked":["Deflect","Setup"],"picked":"Noxious Fumes","floor":7},{"not_picked":["Slice","Blade Dance"],"picked":"Dash","floor":11},{"not_picked":["Prepared","Choke","Deadly Poison"],"picked":"SKIP","floor":12},{"not_picked":["Prepared","Dagger Throw"],"picked":"Noxious Fumes","floor":14},{"not_picked":["Flying Knee","Acrobatics"],"picked":"Well Laid Plans+1","floor":18}],"player_experience":963910,"relics_obtained":[{"floor":9,"key":"MawBank"}],"event_choices":[{"cards_removed":["Strike_G"],"damage_healed":0,"gold_gain":0,"player_choice":"Card Removal","damage_taken":7,"max_hp_gain":0,"max_hp_loss":0,"event_name":"Golden Wing","floor":2,"gold_loss":0},{"damage_healed":0,"gold_gain":50,"player_choice":"Pray","damage_taken":0,"max_hp_gain":0,"max_hp_loss":0,"event_name":"Golden Shrine","floor":8,"gold_loss":0}],"is_beta":true,"boss_relics":[{"not_picked":["Orrery","Eternal Feather"],"picked":"Philosopher\u0027s Stone"}],"items_purged_floors":[3],"is_endless":false,"potions_floor_spawned":[11,12],"killed_by":"3 Byrds","ascension_level":20}