{"gold_per_floor":[113,113,125,143,157,189,189,221,221,221],"floor_reached":10,"playtime":457,"items_purged":[],"score":156,"play_id":"37438bb0-c078-4255-81b7-7de3c1f82fe4","local_time":"20190409043823","is_ascension_mode":true,"campfire_choices":[{"data":"Sunder","floor":7,"key":"SMITH"}],"neow_cost":"NONE","seed_source_timestamp":671209221181861,"circlet_count":0,"master_deck":["AscendersBane","Strike_B","Strike_B","Strike_B","Strike_B","Defend_B","Defend_B","Defend_B","Zap","Dualcast","Conserve Battery","Leap","Static Discharge","Sunder+1","Coolheaded"],"relics":["Cracked Core","Blood Vial","Ornamental Fan","Pear","Letter Opener"],"potions_floor_usage":[6,10,10],"damage_taken":[{"damage":1,"enemies":"Cultist","floor":1,"turns":3},{"damage":7,"enemies":"Jaw Worm","floor":3,"turns":3},{"damage":0,"enemies":"2 Louse","floor":4,"turns":4},{"damage":19,"enemies":"Large Slime","floor":5,"turns":7},{"damage":8,"enemies":"Gremlin Nob","floor":6,"turns":3},{"damage":22,"enemies":"Lagavulin","floor":8,"turns":8},{"damage":56,"enemies":"Gremlin Nob","floor":10,"turns":4}],"seed_played":"-467338079512027344","potions_obtained":[{"floor":5,"key":"FearPotion"},{"floor":6,"key":"SpeedPotion"},{"floor":8,"key":"Explosive Potion"}],"is_trial":false,"path_per_floor":["M","?","M","M","M","E","R","E","T","E"],"character_chosen":"DEFECT","items_purchased":[],"campfire_rested":0,"item_purchase_floors":[],"current_hp_per_floor":[65,58,53,55,38,32,32,22,22,0],"gold":221,"neow_bonus":"RANDOM_COMMON_RELIC","is_prod":false,"is_daily":false,"chose_seed":false,"campfire_upgraded":1,"win_rate":0,"timestamp":1554799103,"path_taken":["M","?","M","M","M","E","R","E","T","E"],"build_version":"2019-01-23","purchased_purges":0,"victory":false,"max_hp_per_floor":[71,71,71,71,71,71,71,81,81,81],"card_choices":[{"not_picked":["Beam Cell","Steam Power"],"picked":"Conserve Battery","floor":1},{"not_picked":["Steam Power","Double Energy"],"picked":"Leap","floor":3},{"not_picked":["White Noise","Turbo"],"picked":"Static Discharge","floor":4},{"not_picked":["Stack","Aggregate"],"picked":"Sunder","floor":5},{"not_picked":["Beam Cell","Rip and Tear"],"picked":"Coolheaded","floor":6},{"not_picked":["Compile Driver","Blizzard","FTL"],"picked":"SKIP","floor":8}],"player_experience":1767335,"relics_obtained":[{"floor":6,"key":"Ornamental Fan"},{"floor":8,"key":"Pear"},{"floor":9,"key":"Letter Opener"}],"event_choices":[{"cards_removed":["Defend_B"],"damage_healed":0,"gold_gain":0,"player_choice":"Card Removal","damage_taken":7,"max_hp_gain":0,"max_hp_loss":0,"event_name":"Golden Wing","floor":2,"gold_loss":0}],"is_beta":false,"boss_relics":[],"items_purged_floors":[],"is_endless":false,"potions_floor_spawned":[5,6,8],"killed_by":"Gremlin Nob","ascension_level":20}