{"gold_per_floor":[112,37,49,49,59,59,94,94,94,94,113,113,146,162,162,234,234,249,249,259,178,51,51,79,79,103,121,121,151,182,201,201,279,279,295,295,315,327,327,327,353,353,353,428,442,442,468,69,69,69,69,69,69,69,102,102],"floor_reached":56,"playtime":4927,"items_purged":["Injury","Strike_B"],"score":2227,"play_id":"0b8af163-8d66-419f-a0c7-7a7fd9a0b3e3","local_time":"20190509171758","is_ascension_mode":true,"campfire_choices":[{"data":"Zap","floor":6,"key":"SMITH"},{"data":"Glacier","floor":8,"key":"SMITH"},{"data":"Dualcast","floor":15,"key":"SMITH"},{"data":"Consume","floor":23,"key":"SMITH"},{"data":"Loop","floor":25,"key":"SMITH"},{"data":"Capacitor","floor":32,"key":"SMITH"},{"data":"Panacea","floor":40,"key":"SMITH"},{"floor":42,"key":"RECALL"},{"data":"Skim","floor":46,"key":"SMITH"},{"data":"Capacitor","floor":49,"key":"SMITH"},{"data":"Glacier","floor":53,"key":"SMITH"}],"neow_cost":"CURSE","seed_source_timestamp":19710835697150,"circlet_count":0,"master_deck":["AscendersBane","Strike_B","Defend_B","Defend_B","Defend_B","Defend_B","Zap+1","Dualcast+1","Ball Lightning","Ball Lightning","Glacier+1","BootSequence","Skim+1","Electrodynamics","Compile Driver","Doom and Gloom+1","Capacitor+1","Consume+1","Loop+1","Conserve Battery+1","Reinforced Body+1","Core Surge","Fusion+1","Steam+1","Hologram+1","Panacea+1","Capacitor+1","Glacier+1","Barrage"],"relics":["Cracked Core","FossilizedHelix","Singing Bowl","Letter Opener","Kunai","Coffee Dripper","Omamori","Blood Vial","Red Mask","Boot","Runic Pyramid","Bag of Preparation","Darkstone Periapt","Emotion Chip","DataDisk","Happy Flower"],"potions_floor_usage":[20,24,41,55,56],"damage_taken":[{"damage":0,"enemies":"Jaw Worm","floor":1,"turns":3},{"damage":0,"enemies":"Small Slimes","floor":3,"turns":2},{"damage":0,"enemies":"2 Louse","floor":5,"turns":3},{"damage":0,"enemies":"Gremlin Nob","floor":7,"turns":3},{"damage":0,"enemies":"Exordium Thugs","floor":11,"turns":3},{"damage":0,"enemies":"3 Sentries","floor":13,"turns":8},{"damage":0,"enemies":"Large Slime","floor":14,"turns":5},{"damage":50,"enemies":"Hexaghost","floor":16,"turns":10},{"damage":2,"enemies":"Shell Parasite","floor":18,"turns":4},{"damage":0,"enemies":"3 Byrds","floor":20,"turns":2},{"damage":14,"enemies":"Slavers","floor":24,"turns":2},{"damage":0,"enemies":"Centurion and Healer","floor":27,"turns":4},{"damage":0,"enemies":"Masked Bandits","floor":29,"turns":2},{"damage":15,"enemies":"Book of Stabbing","floor":30,"turns":5},{"damage":9,"enemies":"Sentry and Sphere","floor":31,"turns":5},{"damage":39,"enemies":"Collector","floor":33,"turns":7},{"damage":0,"enemies":"3 Darklings","floor":35,"turns":4},{"damage":0,"enemies":"3 Shapes","floor":37,"turns":4},{"damage":0,"enemies":"Writhing Mass","floor":38,"turns":7},{"damage":0,"enemies":"Reptomancer","floor":41,"turns":6},{"damage":0,"enemies":"Spire Growth","floor":45,"turns":5},{"damage":0,"enemies":"Nemesis","floor":47,"turns":7},{"damage":27,"enemies":"Awakened One","floor":50,"turns":37},{"damage":0,"enemies":"Time Eater","floor":51,"turns":23},{"damage":62,"enemies":"Shield and Spear","floor":55,"turns":9},{"damage":60,"enemies":"The Heart","floor":56,"turns":5}],"seed_played":"3497555964293146046","potions_obtained":[{"floor":5,"key":"Fire Potion"},{"floor":11,"key":"FocusPotion"},{"floor":20,"key":"AttackPotion"},{"floor":24,"key":"FearPotion"},{"floor":30,"key":"Energy Potion"},{"floor":41,"key":"Swift Potion"}],"is_trial":false,"path_per_floor":["M","$","M","?","M","R","E","R","T","?","M","$","E","M","R","B",null,"M","?","M","$","$","R","E","R","T","M","?","?","E","M","R","B",null,"M","?","M","M","?","R","E","R","T","T","M","R","E","$","R","B","B",null,"R","$","E","B"],"character_chosen":"DEFECT","items_purchased":["Capacitor","Consume","Loop","DataDisk","Capacitor","Glacier"],"campfire_rested":0,"item_purchase_floors":[21,22,22,48,48,48],"current_hp_per_floor":[64,64,64,57,57,57,57,57,57,57,57,57,57,59,59,9,57,55,83,83,83,83,83,69,69,69,73,73,75,64,59,59,22,72,74,74,76,78,78,78,82,82,82,82,86,86,90,90,90,65,67,88,88,88,28,0],"gold":102,"neow_bonus":"ONE_RARE_RELIC","is_prod":false,"is_daily":false,"chose_seed":false,"campfire_upgraded":10,"win_rate":0,"timestamp":1557415078,"path_taken":["M","$","M","?","M","R","E","R","T","?","M","?","E","M","R","BOSS","M","?","M","?","$","R","E","R","T","M","?","?","E","M","R","BOSS","M","?","M","?","?","R","E","R","T","?","M","R","E","$","R","BOSS","BOSS","R","$","E","BOSS"],"build_version":"2019-01-23","purchased_purges":2,"victory":false,"max_hp_per_floor":[71,71,71,71,71,71,71,71,71,71,71,71,71,73,73,73,73,73,83,83,83,83,83,83,83,83,85,85,85,87,89,89,89,89,89,89,89,89,89,89,91,91,91,91,93,93,95,95,95,95,95,95,95,95,95,95],"card_choices":[{"not_picked":["Recycle","Go for the Eyes","Stack"],"picked":"SKIP","floor":1},{"not_picked":["Go for the Eyes","Lockon"],"picked":"Ball Lightning","floor":3},{"not_picked":["Sunder","Darkness"],"picked":"Ball Lightning","floor":5},{"not_picked":["Go for the Eyes","Capacitor"],"picked":"Glacier","floor":7},{"not_picked":["Double Energy","Streamline"],"picked":"Skim","floor":11},{"not_picked":["Self Repair","Steam"],"picked":"Rainbow","floor":13},{"not_picked":["Hello World","Stack","Blizzard"],"picked":"Singing Bowl","floor":14},{"not_picked":["Buffer","Creative AI"],"picked":"Electrodynamics","floor":16},{"not_picked":["Stack","Steam"],"picked":"Compile Driver","floor":18},{"not_picked":["Leap","Sweeping Beam"],"picked":"Doom and Gloom+1","floor":20},{"not_picked":["Loop","Rip and Tear"],"picked":"Conserve Battery+1","floor":24},{"not_picked":["Leap","Go for the Eyes","Fusion"],"picked":"Singing Bowl","floor":27},{"not_picked":["Reboot","Cold Snap"],"picked":"Reinforced Body","floor":29},{"not_picked":["Go for the Eyes","Doom and Gloom+1","Darkness"],"picked":"Singing Bowl","floor":30},{"not_picked":["Conserve Battery","Compile Driver","Cold Snap"],"picked":"Singing Bowl","floor":31},{"not_picked":["Hyperbeam","Rainbow"],"picked":"Core Surge","floor":33},{"not_picked":["Gash","Redo"],"picked":"Fusion+1","floor":35},{"not_picked":["Compile Driver","Fusion"],"picked":"Steam+1","floor":37},{"not_picked":["Consume+1","Stack+1"],"picked":"Hologram+1","floor":38},{"not_picked":["Chrysalis","Madness"],"picked":"Panacea","floor":39},{"not_picked":["Double Energy","Leap+1","Machine Learning"],"picked":"Singing Bowl","floor":41},{"not_picked":["Steam Power+1","Force Field+1","Conserve Battery"],"picked":"Singing Bowl","floor":45},{"not_picked":["Rainbow","Steam Power","Darkness"],"picked":"Singing Bowl","floor":47},{"not_picked":["Leap","Lockon"],"picked":"Barrage","floor":55}],"player_experience":346116,"relics_obtained":[{"floor":7,"key":"Singing Bowl"},{"floor":9,"key":"Letter Opener"},{"floor":13,"key":"Kunai"},{"floor":24,"key":"Omamori"},{"floor":26,"key":"Blood Vial"},{"floor":29,"key":"Red Mask"},{"floor":30,"key":"Boot"},{"floor":41,"key":"Bag of Preparation"},{"floor":44,"key":"Darkstone Periapt"},{"floor":47,"key":"Emotion Chip"},{"floor":55,"key":"Happy Flower"}],"event_choices":[{"cards_removed":["Strike_B"],"damage_healed":0,"gold_gain":0,"player_choice":"Card Removal","damage_taken":7,"max_hp_gain":0,"max_hp_loss":0,"event_name":"Golden Wing","floor":4,"gold_loss":0},{"damage_healed":0,"gold_gain":0,"cards_transformed":["Strike_B"],"player_choice":"Change","damage_taken":0,"max_hp_gain":0,"max_hp_loss":0,"event_name":"Living Wall","floor":10,"gold_loss":0,"cards_obtained":["BootSequence"]},{"cards_removed":["Rainbow"],"damage_healed":18,"gold_gain":0,"player_choice":"Offered Rare","damage_taken":0,"max_hp_gain":10,"max_hp_loss":0,"event_name":"Bonfire Elementals","floor":19,"gold_loss":0},{"damage_healed":0,"gold_gain":0,"player_choice":"Ignored","damage_taken":0,"max_hp_gain":0,"max_hp_loss":0,"event_name":"Vampires","floor":28,"gold_loss":0},{"damage_healed":0,"gold_gain":0,"player_choice":"Fought Bandits","damage_taken":0,"max_hp_gain":0,"max_hp_loss":0,"event_name":"Masked Bandits","floor":29,"gold_loss":0},{"damage_healed":0,"gold_gain":0,"player_choice":"Upgraded","damage_taken":0,"max_hp_gain":0,"max_hp_loss":0,"event_name":"Upgrade Shrine","floor":36,"gold_loss":0,"cards_upgraded":["Reinforced Body"]},{"damage_healed":0,"gold_gain":0,"player_choice":"Memory 1","damage_taken":0,"max_hp_gain":0,"max_hp_loss":0,"event_name":"SensoryStone","floor":39,"gold_loss":0}],"is_beta":false,"boss_relics":[{"not_picked":["Velvet Choker","Lizard Tail"],"picked":"Coffee Dripper"},{"not_picked":["Sozu","Orrery"],"picked":"Runic Pyramid"}],"items_purged_floors":[2,48],"is_endless":false,"potions_floor_spawned":[5,11,14,20,24,30,37,38,41,47],"killed_by":"The Heart","ascension_level":20}