{"gold_per_floor":[109,109,124,143,143,172,172,192,262,272,302,302,316,343,343,421,421,437,450,450,460,43,43,43,55,55,55,74,74,154,166,166,239,239,258,558,558,18,31,31,58,58,82,82,82,82,93,119,119,119],"floor_reached":51,"playtime":2243,"items_purged":["Strike_G"],"score":1413,"play_id":"bccfa47e-9470-429a-82a9-8cc5344a9897","local_time":"20180806214803","is_ascension_mode":true,"campfire_choices":[{"data":"Neutralize","floor":7.0,"key":"SMITH"},{"data":"Cloak And Dagger","floor":12.0,"key":"SMITH"},{"data":"Bouncing Flask","floor":15.0,"key":"SMITH"},{"data":"Malaise","floor":23.0,"key":"SMITH"},{"data":"Noxious Fumes","floor":27.0,"key":"SMITH"},{"data":"Cloak And Dagger","floor":29.0,"key":"SMITH"},{"floor":32.0,"key":"REST"},{"floor":40.0,"key":"REST"},{"data":"Footwork","floor":42.0,"key":"SMITH"},{"data":"Mayhem","floor":46.0,"key":"SMITH"},{"data":"Panache","floor":49,"key":"SMITH"}],"neow_cost":"NONE","seed_source_timestamp":106609439377367,"circlet_count":0,"master_deck":["Defend_G","Defend_G","Defend_G","Defend_G","Defend_G","Strike_G","Survivor","Neutralize+1","AscendersBane","Dodge and Roll","Dash","Cloak And Dagger+1","Bouncing Flask+1","Dodge and Roll","Backflip","PiercingWail","Malaise+1","Cloak And Dagger+1","Noxious Fumes+1","Panache+1","Cloak And Dagger+1","Die Die Die+1","Backflip+1","Mayhem+1","Deep Breath+1","Footwork+1","Backflip+1","Acrobatics+1","Backflip+1","Infinite Blades+1","After Image"],"special_seed":0,"relics":["Ring of the Snake","NeowsBlessing","Tough Bandages","Molten Egg 2","Orichalcum","Potion Belt","HoveringKite","Shuriken","CultistMask","Smiling Mask","Toxic Egg 2","Empty Cage","Kunai","Darkstone Periapt","Blood Vial","Dream Catcher"],"potions_floor_usage":[47,50],"damage_taken":[{"damage":0.0,"enemies":"Jaw Worm","floor":1.0,"turns":1.0},{"damage":0.0,"enemies":"Cultist","floor":3.0,"turns":1.0},{"damage":0.0,"enemies":"2 Louse","floor":4.0,"turns":1.0},{"damage":24.0,"enemies":"3 Sentries","floor":6.0,"turns":13.0},{"damage":0.0,"enemies":"Exordium Thugs","floor":8.0,"turns":7.0},{"damage":0.0,"enemies":"Blue Slaver","floor":10.0,"turns":4.0},{"damage":13.0,"enemies":"Gremlin Nob","floor":11.0,"turns":5.0},{"damage":0.0,"enemies":"Looter","floor":13.0,"turns":5.0},{"damage":0.0,"enemies":"3 Sentries","floor":14.0,"turns":13.0},{"damage":11.0,"enemies":"Hexaghost","floor":16.0,"turns":10.0},{"damage":15.0,"enemies":"3 Byrds","floor":18.0,"turns":7.0},{"damage":5.0,"enemies":"Spheric Guardian","floor":19.0,"turns":5.0},{"damage":2.0,"enemies":"Centurion and Healer","floor":21.0,"turns":12.0},{"damage":0.0,"enemies":"Snake Plant","floor":25.0,"turns":6.0},{"damage":4.0,"enemies":"Snecko","floor":28.0,"turns":6.0},{"damage":4.0,"enemies":"Cultist and Chosen","floor":31.0,"turns":8.0},{"damage":43.0,"enemies":"Automaton","floor":33.0,"turns":12.0},{"damage":26.0,"enemies":"3 Darklings","floor":35.0,"turns":6.0},{"damage":0.0,"enemies":"3 Shapes","floor":39.0,"turns":6.0},{"damage":0.0,"enemies":"Nemesis","floor":41.0,"turns":11.0},{"damage":0,"enemies":"Flame Bruiser 2 Orb","floor":47,"turns":5},{"damage":0,"enemies":"Giant Head","floor":48,"turns":10},{"damage":8,"enemies":"Awakened One","floor":50,"turns":14}],"seed_played":"3660096173462484538","potions_obtained":[{"floor":3.0,"key":"Block Potion"},{"floor":4.0,"key":"Regen Potion"},{"floor":8.0,"key":"SpeedPotion"},{"floor":21.0,"key":"Fire Potion"},{"floor":31.0,"key":"AttackPotion"},{"floor":41.0,"key":"Swift Potion"}],"is_trial":false,"path_per_floor":["M","?","M","M","?","E","R","M","T","M","E","R","M","E","R","B",null,"M","M","?","M","$","R","?","M","T","R","M","R","T","M","R","B",null,"M","?","?","$","M","R","E","R","T","?","$","R","M","E","R","B"],"character_chosen":"THE_SILENT","items_purchased":["Noxious Fumes","Panache","Cloak And Dagger","Die Die Die+1","Footwork","Backflip+1","Kunai","Regen Potion","Acrobatics+1"],"campfire_rested":2,"item_purchase_floors":[22,22,22,22,38,38,38,38,38],"current_hp_per_floor":[59,59,59,59,59,50,50,50,50,50,37,37,37,37,37,26,56,41,36,36,34,34,34,34,34,34,34,30,30,30,26,45,2,50,24,24,14,14,14,33,48,48,48,48,48,48,50,52,52,46],"gold":119,"neow_bonus":"THREE_ENEMY_KILL","is_prod":false,"is_daily":false,"chose_seed":false,"campfire_upgraded":9,"win_rate":0,"timestamp":1533617283,"path_taken":["M","?","?","M","?","E","R","?","T","M","E","R","M","E","R","BOSS","M","M","?","M","$","R","?","M","T","R","M","R","?","M","R","BOSS","M","?","?","$","M","R","E","R","T","?","?","R","?","E","R","BOSS"],"build_version":"2018-08-01","purchased_purges":1,"victory":true,"max_hp_per_floor":[66,66,66,66,66,66,66,66,66,66,66,66,66,66,66,66,66,66,66,66,66,66,66,66,66,66,66,66,66,66,66,66,66,66,66,66,66,66,66,66,66,66,66,66,66,66,66,66,66,66],"card_choices":[{"not_picked":["Deflect","Distraction"],"picked":"Dodge and Roll","floor":1.0},{"not_picked":["Bane","Accuracy"],"picked":"Dash","floor":3.0},{"not_picked":["Endless Agony","Reflex"],"picked":"Cloak And Dagger","floor":4.0},{"not_picked":["Calculated Gamble","Sucker Punch"],"picked":"Bouncing Flask","floor":6.0},{"not_picked":["Acrobatics","Catalyst","Blade Dance"],"picked":"SKIP","floor":8.0},{"not_picked":["Deadly Poison","Acrobatics"],"picked":"Dodge and Roll","floor":10.0},{"not_picked":["Grand Finale+1","Outmaneuver"],"picked":"Backflip","floor":11.0},{"not_picked":["Deadly Poison","Flechettes+1","Distraction"],"picked":"SKIP","floor":13.0},{"not_picked":["Distraction","Wraith Form v2"],"picked":"PiercingWail","floor":14.0},{"not_picked":["Burst","Unload+1"],"picked":"Malaise","floor":16.0},{"not_picked":["Blade Dance","Dodge and Roll","Prepared"],"picked":"SKIP","floor":18.0},{"not_picked":["Bane+1","Blur","Venomology"],"picked":"SKIP","floor":19.0},{"not_picked":["Prepared","Dodge and Roll"],"picked":"Cloak And Dagger+1","floor":21.0},{"not_picked":["Skewer+1","Caltrops+1"],"picked":"Acrobatics","floor":25.0},{"not_picked":["Slice+1","Deflect","Well Laid Plans"],"picked":"SKIP","floor":28.0},{"not_picked":["Underhanded Strike+1","Dagger Throw+1"],"picked":"Backflip+1","floor":31.0},{"not_picked":["Flying Knee+1","All Out Attack+1","Dagger Throw+1"],"picked":"SKIP","floor":35.0},{"not_picked":["Finesse+1","PanicButton+1"],"picked":"Mayhem","floor":37.0},{"not_picked":["Jack Of All Trades+1","Good Instincts+1"],"picked":"Deep Breath+1","floor":37.0},{"not_picked":["Distraction+1","Dodge and Roll+1"],"picked":"Backflip+1","floor":39.0},{"not_picked":["All Out Attack+1","Prepared+1"],"picked":"Infinite Blades+1","floor":41.0},{"not_picked":["Dodge and Roll+1","Sucker Punch+1","Setup+1"],"picked":"SKIP","floor":47},{"not_picked":["Setup+1","Bane+1","Flying Knee+1"],"picked":"SKIP","floor":48}],"player_experience":847397,"relics_obtained":[{"floor":6.0,"key":"Tough Bandages"},{"floor":9.0,"key":"Molten Egg 2"},{"floor":11.0,"key":"Orichalcum"},{"floor":14.0,"key":"Potion Belt"},{"floor":26.0,"key":"Smiling Mask"},{"floor":30.0,"key":"Toxic Egg 2"},{"floor":41.0,"key":"Darkstone Periapt"},{"floor":43.0,"key":"Blood Vial"},{"floor":48,"key":"Dream Catcher"}],"event_choices":[{"event_name":"Purifier","player_choice":"One Purge","floor":2.0,"damage_taken":0.0},{"event_name":"Shining Light","player_choice":"Ignored","floor":5.0,"damage_taken":0.0},{"event_name":"WeMeetAgain","player_choice":"Potion","floor":20.0,"damage_taken":0.0},{"event_name":"FaceTrader","player_choice":"Trade","floor":24.0,"damage_taken":0.0},{"event_name":"Wheel of Change","player_choice":"Gold","floor":36.0,"damage_taken":0.0},{"event_name":"SensoryStone","player_choice":"Memory 3","floor":37.0,"damage_taken":0.0},{"event_name":"Transmorgrifier","player_choice":"Transform","floor":44.0,"damage_taken":0.0}],"is_beta":true,"boss_relics":[{"not_picked":["Lizard Tail","Pandora\u0027s Box"],"picked":"HoveringKite"},{"not_picked":["Busted Crown","Philosopher\u0027s Stone"],"picked":"Empty Cage"}],"items_purged_floors":[38],"is_endless":false,"potions_floor_spawned":[3,4,8,10,21,31,41],"ascension_level":15}