{"gold_per_floor":[109,109,127,59,134,163,176,176,199,226,251,251,263,280,280,385,385,399,399,410,410],"floor_reached":21,"playtime":1023,"items_purged":[],"score":214,"play_id":"31b671d7-f039-4125-83ea-b770bbf8a68d","local_time":"20190309111058","is_ascension_mode":false,"campfire_choices":[{"data":"Accuracy","floor":8,"key":"SMITH"},{"data":"Accuracy","floor":15,"key":"SMITH"}],"neow_cost":"NONE","seed_source_timestamp":669270303904692,"circlet_count":0,"master_deck":["Defend_G","Defend_G","Defend_G","Defend_G","Strike_G","Strike_G","Strike_G","Survivor","Neutralize","Infinite Blades","Accuracy+1","Caltrops","Cloak And Dagger","Dagger Spray","A Thousand Cuts+1","Dagger Throw","Accuracy+1","Burst","Dagger Throw+1","Glass Knife+1","Setup+1","Cloak And Dagger"],"relics":["Ring of the Snake","NeowsBlessing","PreservedInsect","Regal Pillow","Smiling Mask","Oddly Smooth Stone","Astrolabe"],"potions_floor_usage":[10,14,14,16,21],"damage_taken":[{"damage":0,"enemies":"2 Louse","floor":1,"turns":1},{"damage":0,"enemies":"Small Slimes","floor":3,"turns":2},{"damage":0,"enemies":"Lagavulin","floor":6,"turns":1},{"damage":1,"enemies":"Jaw Worm","floor":7,"turns":5},{"damage":4,"enemies":"3 Sentries","floor":10,"turns":4},{"damage":0,"enemies":"2 Fungi Beasts","floor":13,"turns":4},{"damage":5,"enemies":"Lots of Slimes","floor":14,"turns":3},{"damage":3,"enemies":"Hexaghost","floor":16,"turns":9},{"damage":31,"enemies":"2 Thieves","floor":18,"turns":4},{"damage":20,"enemies":"Spheric Guardian","floor":20,"turns":4},{"damage":29,"enemies":"Snake Plant","floor":21,"turns":2}],"seed_played":"436646462417091043","potions_obtained":[{"floor":3,"key":"GhostInAJar"},{"floor":7,"key":"AttackPotion"},{"floor":12,"key":"GhostInAJar"},{"floor":12,"key":"Fruit Juice"},{"floor":14,"key":"Ancient Potion"},{"floor":18,"key":"Strength Potion"}],"is_trial":false,"path_per_floor":["M","?","M","$","?","E","M","R","T","E","T","?","M","M","R","B",null,"M","?","M","M"],"character_chosen":"THE_SILENT","items_purchased":["Caltrops"],"campfire_rested":0,"item_purchase_floors":[4],"current_hp_per_floor":[70,67,67,67,56,56,55,55,55,51,51,51,51,51,51,48,75,44,44,24,0],"gold":410,"neow_bonus":"THREE_ENEMY_KILL","is_prod":false,"is_daily":false,"chose_seed":false,"campfire_upgraded":2,"win_rate":0,"timestamp":1552147858,"path_taken":["M","?","M","$","?","E","M","R","T","E","?","?","?","M","R","BOSS","M","?","?","M"],"build_version":"2019-01-23","purchased_purges":0,"victory":false,"max_hp_per_floor":[70,70,70,70,70,70,70,70,70,70,70,70,70,75,75,75,75,75,75,75,75],"card_choices":[{"not_picked":["Poisoned Stab","Prepared"],"picked":"Infinite Blades","floor":1},{"not_picked":["Dagger Spray","Backstab"],"picked":"Accuracy","floor":3},{"not_picked":["Concentrate","Burst"],"picked":"Cloak And Dagger","floor":6},{"not_picked":["Noxious Fumes","Sucker Punch"],"picked":"Dagger Spray","floor":7},{"not_picked":["Poisoned Stab","Quick Slash"],"picked":"A Thousand Cuts","floor":10},{"not_picked":["Deadly Poison","Endless Agony"],"picked":"Dagger Throw","floor":13},{"not_picked":["Setup","Dash"],"picked":"Accuracy","floor":14},{"not_picked":["Glass Knife","Doppelganger"],"picked":"Burst","floor":16},{"not_picked":["Backflip","Bane","Quick Slash"],"picked":"SKIP","floor":18},{"not_picked":["Flying Knee","Deadly Poison"],"picked":"Cloak And Dagger","floor":20}],"player_experience":644947,"relics_obtained":[{"floor":6,"key":"Regal Pillow"},{"floor":10,"key":"Smiling Mask"},{"floor":11,"key":"Oddly Smooth Stone"}],"event_choices":[{"damage_healed":0,"gold_gain":0,"player_choice":"Success","damage_taken":3,"relics_obtained":["PreservedInsect"],"max_hp_gain":0,"max_hp_loss":0,"event_name":"Scrap Ooze","floor":2,"gold_loss":0},{"damage_healed":0,"gold_gain":75,"player_choice":"Gather Gold","damage_taken":11,"max_hp_gain":0,"max_hp_loss":0,"event_name":"World of Goop","floor":5,"gold_loss":0},{"damage_healed":0,"gold_gain":0,"player_choice":"Got Potions","damage_taken":0,"max_hp_gain":0,"max_hp_loss":0,"event_name":"Lab","floor":12,"gold_loss":0},{"damage_healed":0,"gold_gain":0,"player_choice":"Forge","damage_taken":0,"max_hp_gain":0,"max_hp_loss":0,"event_name":"Accursed Blacksmith","floor":19,"gold_loss":0,"cards_upgraded":["A Thousand Cuts"]}],"is_beta":false,"boss_relics":[{"not_picked":["Runic Pyramid","Runic Dome"],"picked":"Astrolabe"}],"items_purged_floors":[],"is_endless":false,"potions_floor_spawned":[3,7,14,18],"killed_by":"Snake Plant","ascension_level":0}