{"gold_per_floor":[359,374,549,178,178,206,167,167,167,167,185,185,185,200,200,299,299,319,319,319,336,336,336,351,276,301,301,315,315,329,340,340,340],"floor_reached":33,"playtime":1201,"items_purged":["Doubt"],"score":282,"play_id":"8c6bad5c-bda5-4317-80fa-e14336b8af87","local_time":"20180903204607","is_ascension_mode":true,"campfire_choices":[{"data":"Dualcast","floor":8,"key":"SMITH"},{"data":"Zap","floor":13,"key":"SMITH"},{"data":"Go for the Eyes","floor":15,"key":"SMITH"},{"data":"Deep Breath","floor":23,"key":"SMITH"},{"data":"Sweeping Beam","floor":27,"key":"SMITH"},{"data":"Static Discharge","floor":29,"key":"SMITH"},{"data":"Reboot","floor":32,"key":"SMITH"}],"neow_cost":"PERCENT_DAMAGE","seed_source_timestamp":94184138286973,"circlet_count":0,"master_deck":["Strike_B","Strike_B","Strike_B","Strike_B","Defend_B","Zap+1","Dualcast+1","Gash","Go for the Eyes+1","Gash","Gash","Static Discharge+1","Reboot+1","Deep Breath+1","Sweeping Beam+1","Melter+1","Core Surge+1","Scrape+1","Beam Cell+1","Sweeping Beam+1","Sweeping Beam+1"],"relics":["Cracked Core","Kunai","Mercury Hourglass","Darkstone Periapt","Molten Egg 2","Coffee Dripper","Enchiridion","Centennial Puzzle"],"potions_floor_usage":[6,16,18,24,33],"damage_taken":[{"damage":0,"enemies":"Small Slimes","floor":1,"turns":3},{"damage":0,"enemies":"2 Louse","floor":2,"turns":1},{"damage":20,"enemies":"3 Sentries","floor":6,"turns":7},{"damage":9,"enemies":"Jaw Worm","floor":11,"turns":2},{"damage":6,"enemies":"Looter","floor":14,"turns":2},{"damage":6,"enemies":"Slime Boss","floor":16,"turns":8},{"damage":0,"enemies":"3 Byrds","floor":18,"turns":3},{"damage":5,"enemies":"Shell Parasite","floor":21,"turns":2},{"damage":13,"enemies":"Centurion and Healer","floor":24,"turns":3},{"damage":12,"enemies":"Chosen and Byrds","floor":28,"turns":3},{"damage":7,"enemies":"Snecko","floor":30,"turns":3},{"damage":12,"enemies":"Snake Plant","floor":31,"turns":2},{"damage":25,"enemies":"Champ","floor":33,"turns":3}],"seed_played":"527173370536152777","potions_obtained":[{"floor":2,"key":"Explosive Potion"},{"floor":6,"key":"Block Potion"},{"floor":16,"key":"Explosive Potion"},{"floor":21,"key":"Explosive Potion"},{"floor":24,"key":"EssenceOfSteel"}],"is_trial":false,"path_per_floor":["M","M","?","$","?","E","$","R","T","?","M","?","R","M","R","B",null,"M","?","?","M","?","R","M","?","T","R","M","R","M","M","R"],"character_chosen":"DEFECT","items_purchased":["Gash","Kunai","Static Discharge"],"campfire_rested":0,"item_purchase_floors":[4,4,7],"current_hp_per_floor":[54,54,54,54,59,39,39,39,39,39,30,30,30,24,24,18,80,80,80,64,59,59,59,53,53,53,53,41,41,34,22,22,0],"gold":340,"neow_bonus":"TWO_FIFTY_GOLD","is_prod":false,"is_daily":false,"chose_seed":false,"campfire_upgraded":7,"win_rate":0,"timestamp":1536021967,"path_taken":["M","M","?","$","?","E","?","R","T","?","M","?","R","M","R","BOSS","M","?","?","M","?","R","M","?","T","R","M","R","?","?","R","BOSS"],"build_version":"2018-08-30","purchased_purges":1,"victory":false,"max_hp_per_floor":[75,75,75,75,80,80,80,80,80,80,80,80,80,80,80,80,80,80,80,80,80,80,80,80,80,80,80,80,80,80,80,80,80],"card_choices":[{"not_picked":["Streamline","Leap"],"picked":"Gash","floor":1},{"not_picked":["Ball Lightning","Skim"],"picked":"Go for the Eyes","floor":2},{"not_picked":["Rip and Tear","Streamline"],"picked":"Gash","floor":6},{"not_picked":["Auto Shields","Streamline"],"picked":"Sweeping Beam","floor":11},{"not_picked":["Stack","Streamline+1"],"picked":"Melter+1","floor":14},{"not_picked":["Meteor Strike+1","Rainbow"],"picked":"Core Surge+1","floor":16},{"not_picked":["Cold Snap+1","Streamline+1"],"picked":"Scrape+1","floor":18},{"not_picked":["Conserve Battery","Turbo+1","Rip and Tear+1"],"picked":"SKIP","floor":21},{"not_picked":["Sweeping Beam+1","Glacier+1"],"picked":"Beam Cell+1","floor":24},{"not_picked":["Lockon+1","Undo+1","Steam"],"picked":"SKIP","floor":28},{"not_picked":["Lockon+1","Undo+1","Steam"],"picked":"SKIP","floor":28},{"not_picked":["Compile Driver+1","Conserve Battery"],"picked":"Sweeping Beam+1","floor":30},{"not_picked":["Coolheaded","Beam Cell+1"],"picked":"Sweeping Beam+1","floor":31}],"player_experience":977271,"relics_obtained":[{"floor":6,"key":"Mercury Hourglass"},{"floor":9,"key":"Darkstone Periapt"},{"floor":20,"key":"Enchiridion"},{"floor":26,"key":"Centennial Puzzle"}],"event_choices":[{"event_name":"Liars Game","player_choice":"agreed","floor":3,"damage_taken":0},{"event_name":"Big Fish","player_choice":"Donut","floor":5,"damage_taken":0},{"event_name":"Match and Keep!","player_choice":"2 cards matched","floor":10,"damage_taken":0},{"event_name":"Dead Adventurer","player_choice":"Searched \u00271\u0027 times","floor":12,"damage_taken":0},{"event_name":"Back to Basics","player_choice":"Elegance","floor":19,"damage_taken":0},{"event_name":"Cursed Tome","player_choice":"Obtained Book","floor":20,"damage_taken":0},{"event_name":"Wheel of Change","player_choice":"Card Removal","floor":22,"damage_taken":0},{"event_name":"Beggar","player_choice":"Gave Gold","floor":25,"damage_taken":0}],"is_beta":false,"boss_relics":[{"not_picked":["Runic Dome","Fusion Hammer"],"picked":"Coffee Dripper"}],"items_purged_floors":[4],"is_endless":false,"potions_floor_spawned":[2,6,16,21,24],"killed_by":"Champ","ascension_level":3}