{"gold_per_floor":[111,23,23,37,50,76,1,27,27,27,61,61,91,91,91,168,168,186,204,254,304,94,94,127,127,127,146,180,192,192,192,192,192],"floor_reached":33,"playtime":1149,"items_purged":["Strike_B"],"score":661,"play_id":"b7bb1cfa-e2be-4b9a-aee9-0a27a1f77460","local_time":"20190328012324","is_ascension_mode":true,"campfire_choices":[{"floor":10,"key":"REST"},{"floor":12,"key":"REST"},{"data":"Zap","floor":15,"key":"SMITH"},{"data":"Sunder","floor":23,"key":"SMITH"},{"data":"Seek","floor":25,"key":"SMITH"},{"floor":30,"key":"REST"},{"data":"Defragment","floor":32,"key":"SMITH"}],"neow_cost":"NONE","seed_source_timestamp":949238578954028,"circlet_count":0,"master_deck":["AscendersBane","Strike_B","Defend_B","Defend_B","Defend_B","Defend_B","Zap+1","Dualcast","Streamline","Sunder+1","Cold Snap","Electrodynamics","Cold Snap","Seek+1","Ball Lightning","Buffer","Ball Lightning","Hologram","Hologram","Defragment+1","Amplify","Genetic Algorithm+1"],"relics":["Cracked Core","NeowsBlessing","Ornamental Fan","Sundial","Mercury Hourglass","Symbiotic Virus","PreservedInsect","Bottled Lightning","Velvet Choker","Tiny Chest","Potion Belt","Red Mask","Dream Catcher"],"potions_floor_usage":[6,16,24,24],"damage_taken":[{"damage":0,"enemies":"Small Slimes","floor":1,"turns":1},{"damage":0,"enemies":"Cultist","floor":4,"turns":1},{"damage":0,"enemies":"2 Louse","floor":5,"turns":1},{"damage":0,"enemies":"3 Sentries","floor":6,"turns":3},{"damage":35,"enemies":"Lagavulin","floor":8,"turns":5},{"damage":13,"enemies":"3 Sentries","floor":11,"turns":5},{"damage":21,"enemies":"Lagavulin","floor":13,"turns":5},{"damage":19,"enemies":"The Guardian","floor":16,"turns":9},{"damage":6,"enemies":"3 Byrds","floor":18,"turns":2},{"damage":0,"enemies":"Chosen","floor":19,"turns":3},{"damage":0,"enemies":"Slavers","floor":24,"turns":2},{"damage":0,"enemies":"3 Cultists","floor":27,"turns":2},{"damage":0,"enemies":"Masked Bandits","floor":28,"turns":2},{"damage":21,"enemies":"Cultist and Chosen","floor":29,"turns":4},{"damage":59,"enemies":"Champ","floor":33,"turns":6}],"seed_played":"2888675318282282144","potions_obtained":[{"floor":5,"key":"SkillPotion"},{"floor":13,"key":"FearPotion"},{"floor":16,"key":"Fire Potion"},{"floor":19,"key":"Fire Potion"},{"floor":28,"key":"Ancient Potion"},{"floor":29,"key":"SpeedPotion"}],"is_trial":false,"path_per_floor":["M","$","?","M","M","E","?","E","T","R","E","R","E","T","R","B",null,"M","M","?","?","$","R","E","R","T","M","?","M","R","T","R","B"],"character_chosen":"DEFECT","items_purchased":["Sunder","Tiny Chest"],"campfire_rested":3,"item_purchase_floors":[2,22],"current_hp_per_floor":[64,64,64,64,64,64,64,29,29,50,37,58,37,37,37,18,58,52,52,52,45,45,45,45,45,45,45,45,24,45,45,45,0],"gold":192,"neow_bonus":"THREE_ENEMY_KILL","is_prod":false,"is_daily":false,"chose_seed":false,"campfire_upgraded":4,"win_rate":0,"timestamp":1553750604,"path_taken":["M","$","?","?","M","E","?","E","T","R","E","R","E","?","R","BOSS","M","M","?","?","$","R","E","R","T","?","?","M","R","?","R","BOSS"],"build_version":"2019-01-23","purchased_purges":1,"victory":false,"max_hp_per_floor":[71,71,71,71,71,71,71,71,71,71,71,71,71,71,71,71,71,71,71,71,71,71,71,71,71,71,71,71,71,71,71,71,71],"card_choices":[{"not_picked":["Fusion","Coolheaded"],"picked":"Streamline","floor":1},{"not_picked":["Leap","Barrage"],"picked":"Cold Snap","floor":4},{"not_picked":["Conserve Battery","Compile Driver"],"picked":"Electrodynamics","floor":5},{"not_picked":["Blizzard","Barrage","Stack"],"picked":"SKIP","floor":6},{"not_picked":["Redo","Rebound"],"picked":"Cold Snap","floor":8},{"not_picked":["Ball Lightning","Static Discharge"],"picked":"Seek","floor":11},{"not_picked":["Streamline","Cold Snap"],"picked":"Ball Lightning","floor":13},{"not_picked":["Rainbow","Fission"],"picked":"Buffer","floor":16},{"not_picked":["Stack","Genetic Algorithm"],"picked":"Ball Lightning","floor":18},{"not_picked":["Stack","Beam Cell+1"],"picked":"Hologram","floor":19},{"not_picked":["Hello World","Streamline"],"picked":"Hologram","floor":24},{"not_picked":["Beam Cell","Rebound"],"picked":"Defragment","floor":27},{"not_picked":["Beam Cell","Leap"],"picked":"Amplify","floor":28},{"not_picked":["Leap","Sweeping Beam"],"picked":"Genetic Algorithm+1","floor":29}],"player_experience":1452136,"relics_obtained":[{"floor":6,"key":"Ornamental Fan"},{"floor":8,"key":"Sundial"},{"floor":9,"key":"Mercury Hourglass"},{"floor":11,"key":"Symbiotic Virus"},{"floor":13,"key":"PreservedInsect"},{"floor":14,"key":"Bottled Lightning"},{"floor":24,"key":"Potion Belt"},{"floor":28,"key":"Red Mask"},{"floor":31,"key":"Dream Catcher"}],"event_choices":[{"cards_removed":["Strike_B"],"damage_healed":0,"gold_gain":0,"player_choice":"Purged","damage_taken":0,"max_hp_gain":0,"max_hp_loss":0,"event_name":"Purifier","floor":3,"gold_loss":0},{"cards_removed":["Strike_B"],"damage_healed":0,"gold_gain":0,"player_choice":"Card Removal","damage_taken":0,"max_hp_gain":0,"max_hp_loss":0,"event_name":"The Cleric","floor":7,"gold_loss":75},{"damage_healed":0,"gold_gain":50,"player_choice":"Stole From Cult","damage_taken":0,"max_hp_gain":0,"max_hp_loss":0,"event_name":"Nest","floor":20,"gold_loss":0},{"damage_healed":0,"gold_gain":50,"player_choice":"Touch","damage_taken":7,"max_hp_gain":0,"max_hp_loss":0,"event_name":"FaceTrader","floor":21,"gold_loss":0},{"damage_healed":0,"gold_gain":0,"player_choice":"Fought Bandits","damage_taken":0,"max_hp_gain":0,"max_hp_loss":0,"event_name":"Masked Bandits","floor":28,"gold_loss":0}],"is_beta":false,"boss_relics":[{"not_picked":["Ectoplasm","Runic Pyramid"],"picked":"Velvet Choker"}],"items_purged_floors":[22],"is_endless":false,"potions_floor_spawned":[5,13,16,19,28,29],"killed_by":"Champ","ascension_level":19}