{"gold_per_floor":[110,129,140,140,50,85,115,142,166,166],"floor_reached":10,"playtime":468,"items_purged":[],"score":152,"play_id":"f036306b-22d9-4de2-bab6-e97bb4f01a7d","local_time":"20190423004912","is_ascension_mode":true,"campfire_choices":[],"neow_cost":"NONE","seed_source_timestamp":24627338951975,"circlet_count":0,"master_deck":["AscendersBane","Strike_R","Strike_R","Strike_R","Strike_R","Defend_R","Defend_R","Defend_R","Defend_R","Bash","Clash","True Grit","Inflame","Dual Wield","Inflame","Combust","Perfected Strike"],"relics":["Burning Blood","Anchor","Bronze Scales","Orichalcum","Red Skull"],"potions_floor_usage":[6,10],"damage_taken":[{"damage":0,"enemies":"2 Louse","floor":1,"turns":2},{"damage":6,"enemies":"Cultist","floor":2,"turns":3},{"damage":0,"enemies":"Small Slimes","floor":3,"turns":3},{"damage":22,"enemies":"Lagavulin","floor":6,"turns":8},{"damage":28,"enemies":"3 Sentries","floor":8,"turns":5},{"damage":42,"enemies":"Gremlin Nob","floor":10,"turns":5}],"seed_played":"-6897726673221056098","potions_obtained":[{"floor":8,"key":"Weak Potion"}],"is_trial":false,"path_per_floor":["M","M","M","?","$","E","?","E","T","E"],"character_chosen":"IRONCLAD","items_purchased":["Inflame","AttackPotion"],"campfire_rested":0,"item_purchase_floors":[5,5],"current_hp_per_floor":[74,74,75,75,75,59,59,37,37,0],"gold":166,"neow_bonus":"RANDOM_COMMON_RELIC","is_prod":false,"is_daily":false,"chose_seed":false,"campfire_upgraded":0,"win_rate":0,"timestamp":1555994952,"path_taken":["M","M","M","?","?","E","?","E","T","E"],"build_version":"2019-01-23","purchased_purges":0,"victory":false,"max_hp_per_floor":[75,75,75,75,75,75,75,75,75,75],"card_choices":[{"not_picked":["Wild Strike","Dropkick"],"picked":"Clash","floor":1},{"not_picked":["Bloodletting","Sword Boomerang"],"picked":"True Grit","floor":2},{"not_picked":["Pommel Strike","Headbutt"],"picked":"Inflame","floor":3},{"not_picked":["Havoc","Clash"],"picked":"Combust","floor":6},{"not_picked":["Iron Wave","Cleave"],"picked":"Perfected Strike","floor":8}],"player_experience":1879713,"relics_obtained":[{"floor":6,"key":"Bronze Scales"},{"floor":8,"key":"Orichalcum"},{"floor":9,"key":"Red Skull"}],"event_choices":[{"damage_healed":0,"gold_gain":0,"cards_transformed":["Strike_R"],"player_choice":"Transformed","damage_taken":0,"max_hp_gain":0,"max_hp_loss":0,"event_name":"Transmorgrifier","floor":4,"gold_loss":0,"cards_obtained":["Dual Wield"]},{"damage_healed":0,"gold_gain":30,"player_choice":"Searched \u00272\u0027 times","damage_taken":0,"max_hp_gain":0,"max_hp_loss":0,"event_name":"Dead Adventurer","floor":7,"gold_loss":0}],"is_beta":false,"boss_relics":[],"items_purged_floors":[],"is_endless":false,"potions_floor_spawned":[8],"killed_by":"Gremlin Nob","ascension_level":20}