{"gold_per_floor":[110,110,130,130,145,145,180,180,180,78,122,136,161,161,161,291,291,307,321,321],"floor_reached":20,"playtime":1403,"items_purged":["Injury"],"score":221,"play_id":"a8be0f73-0702-47af-9ae4-9b70167c54d6","local_time":"20190425130127","is_ascension_mode":true,"campfire_choices":[{"data":"Coolheaded","floor":6,"key":"SMITH"},{"floor":8,"key":"REST"},{"floor":15,"key":"REST"}],"neow_cost":"NONE","seed_source_timestamp":1191898909325935,"circlet_count":0,"master_deck":["Strike_B","Strike_B","Strike_B","Strike_B","Defend_B","Defend_B","Defend_B","Defend_B","Zap+1","Dualcast","Madness","Rip and Tear","Coolheaded+1","Chaos","Conserve Battery","Sweeping Beam","Genetic Algorithm","Loop","Go for the Eyes","Steam","Creative AI","Coolheaded","BootSequence"],"relics":["Cracked Core","Golden Idol","Pocketwatch","Bottled Lightning","Shuriken","Dream Catcher","Runic Pyramid"],"potions_floor_usage":[5,13,20],"damage_taken":[{"damage":7,"enemies":"Small Slimes","floor":1,"turns":3},{"damage":0,"enemies":"Cultist","floor":3,"turns":3},{"damage":13,"enemies":"2 Louse","floor":5,"turns":2},{"damage":26,"enemies":"Lagavulin","floor":7,"turns":5},{"damage":22,"enemies":"3 Sentries","floor":11,"turns":5},{"damage":5,"enemies":"Looter","floor":12,"turns":3},{"damage":9,"enemies":"Exordium Thugs","floor":13,"turns":4},{"damage":34,"enemies":"Slime Boss","floor":16,"turns":9},{"damage":7,"enemies":"Spheric Guardian","floor":18,"turns":4},{"damage":28,"enemies":"3 Byrds","floor":19,"turns":6},{"damage":55,"enemies":"Masked Bandits","floor":20,"turns":3}],"seed_played":"4325522737323067678","potions_obtained":[{"floor":3,"key":"AttackPotion"},{"floor":5,"key":"Ancient Potion"},{"floor":11,"key":"GamblersBrew"},{"floor":12,"key":"Block Potion"},{"floor":19,"key":"PowerPotion"}],"is_trial":false,"path_per_floor":["M","?","M","?","M","R","E","R","T","$","E","M","M","?","R","B",null,"M","M","?"],"character_chosen":"DEFECT","items_purchased":["Sweeping Beam"],"campfire_rested":2,"item_purchase_floors":[10],"current_hp_per_floor":[68,68,68,68,55,55,29,51,51,51,29,24,15,15,37,3,75,68,40,0],"gold":321,"neow_bonus":"RANDOM_COLORLESS","is_prod":false,"is_daily":false,"chose_seed":false,"campfire_upgraded":1,"win_rate":0,"timestamp":1556193687,"path_taken":["M","?","M","?","M","R","E","R","T","$","E","M","M","?","R","BOSS","M","?","?"],"build_version":"2019-01-23","purchased_purges":1,"victory":false,"max_hp_per_floor":[75,75,75,75,75,75,75,75,75,75,75,75,75,75,75,75,75,75,75,75],"card_choices":[{"not_picked":["BootSequence","Turbo"],"picked":"Rip and Tear","floor":1},{"not_picked":["Hello World","Streamline"],"picked":"Coolheaded","floor":3},{"not_picked":["Stack","Capacitor"],"picked":"Chaos","floor":5},{"not_picked":["Loop","Chaos"],"picked":"Conserve Battery","floor":7},{"not_picked":["Conserve Battery","Ball Lightning"],"picked":"Genetic Algorithm","floor":11},{"not_picked":["Hello World","Compile Driver"],"picked":"Loop","floor":12},{"not_picked":["Lockon","Double Energy"],"picked":"Go for the Eyes","floor":13},{"not_picked":["Conserve Battery","Leap"],"picked":"Steam","floor":15},{"not_picked":["Multi-Cast","Rainbow"],"picked":"Creative AI","floor":16},{"not_picked":["Cold Snap","Skim"],"picked":"Coolheaded","floor":18},{"not_picked":["Cold Snap","Go for the Eyes"],"picked":"BootSequence","floor":19}],"player_experience":199128,"relics_obtained":[{"floor":7,"key":"Pocketwatch"},{"floor":9,"key":"Bottled Lightning"},{"floor":11,"key":"Shuriken"}],"event_choices":[{"damage_healed":0,"gold_gain":0,"player_choice":"Grow","damage_taken":0,"max_hp_gain":0,"max_hp_loss":0,"event_name":"Living Wall","floor":2,"gold_loss":0,"cards_upgraded":["Zap"]},{"damage_healed":0,"gold_gain":0,"player_choice":"Take Wound","damage_taken":0,"relics_obtained":["Golden Idol"],"max_hp_gain":0,"max_hp_loss":0,"event_name":"Golden Idol","floor":4,"gold_loss":0,"cards_obtained":["Injury"]},{"damage_healed":0,"gold_gain":0,"player_choice":"Gave Potion","damage_taken":0,"relics_obtained":["Dream Catcher"],"max_hp_gain":0,"max_hp_loss":0,"event_name":"WeMeetAgain","floor":14,"gold_loss":0},{"damage_healed":0,"gold_gain":0,"player_choice":"Fought Bandits","damage_taken":0,"max_hp_gain":0,"max_hp_loss":0,"event_name":"Masked Bandits","floor":20,"gold_loss":0}],"is_beta":false,"boss_relics":[{"not_picked":["Astrolabe","Busted Crown"],"picked":"Runic Pyramid"}],"items_purged_floors":[10],"is_endless":false,"potions_floor_spawned":[3,5,11,12,19],"killed_by":"Masked Bandits","ascension_level":4}