{"path_per_floor":["M","M","M","M","?","E","?","M","T","R","E","R","$","M","R"],"character_chosen":"IRONCLAD","items_purchased":["Juzu Bracelet"],"gold_per_floor":[119,138,151,162,162,189,189,210,210,210,246,246,28,48,48,48],"floor_reached":16,"campfire_rested":0,"playtime":540,"current_hp_per_floor":[66,71,61,53,53,39,39,26,26,26,10,10,10,9,9,0],"items_purged":["Injury"],"gold":48,"score":196,"play_id":"15150873-28e6-470d-8fd0-4c51e50f9cf5","local_time":"20180417102556","is_prod":false,"is_daily":false,"chose_seed":false,"is_ascension_mode":true,"campfire_upgraded":3,"timestamp":1523975156,"path_taken":["M","M","M","M","?","E","?","M","T","R","E","R","$","M","R","BOSS"],"build_version":"2018-04-12","seed_source_timestamp":160948187173140,"purchased_purges":1,"victory":false,"master_deck":["Strike_R","Strike_R","Strike_R","Strike_R","Strike_R","Defend_R","Defend_R","Defend_R","Defend_R","Bash+1","AscendersBane","Rampage","Spot Weakness","Anger+1","Dual Wield+1","Hemokinesis+1"],"max_hp_per_floor":[75,75,75,77,77,77,77,77,77,77,79,79,79,81,81,81],"relics":["Burning Blood","Singing Bowl","Dodecahedron","Golden Idol","Pen Nib","Bronze Scales","Juzu Bracelet"],"card_choices":[{"not_picked":["Rupture","Shrug It Off"],"picked":"Rampage","floor":1.0},{"not_picked":["Reckless Charge","Anger"],"picked":"Spot Weakness","floor":2.0},{"not_picked":["Body Slam","Twin Strike"],"picked":"Anger","floor":3.0},{"not_picked":["Twin Strike","Shockwave"],"picked":"Dual Wield","floor":6.0},{"not_picked":["Fire Breathing","Perfected Strike"],"picked":"Hemokinesis","floor":8.0}],"player_experience":893041,"potions_floor_usage":[14],"damage_taken":[{"damage":8.0,"enemies":"2 Louse","floor":1.0,"turns":3.0},{"damage":1.0,"enemies":"Cultist","floor":2.0,"turns":3.0},{"damage":16.0,"enemies":"Small Slimes","floor":3.0,"turns":3.0},{"damage":16.0,"enemies":"Looter","floor":4.0,"turns":4.0},{"damage":20.0,"enemies":"Lagavulin","floor":6.0,"turns":7.0},{"damage":19.0,"enemies":"Exordium Thugs","floor":8.0,"turns":5.0},{"damage":24.0,"enemies":"Gremlin Nob","floor":11.0,"turns":4.0},{"damage":9,"enemies":"Blue Slaver","floor":14,"turns":4},{"damage":10,"enemies":"Hexaghost","floor":16,"turns":4}],"event_choices":[{"event_name":"Upgrade Shrine","player_choice":"Upgraded","floor":5.0,"damage_taken":0.0},{"event_name":"Golden Idol","player_choice":"Take Wound","floor":7.0,"damage_taken":0.0}],"boss_relics":[],"potions_floor_spawned":[1,4,6,11],"seed_played":"7843065400991992856","killed_by":"Hexaghost","ascension_level":15,"is_trial":false}