{"gold_per_floor":[10,22,197,213,230,265,265,44,69,69,69,87,107,124,124,224,224,243,243,243,259,30,30,0,0,0,20,20,20,36,36,36,132,132,145,162,162],"floor_reached":37,"playtime":15169,"items_purged":[],"score":421,"play_id":"6d61a3b4-a7f1-4239-ac23-4bdadf20e5bf","local_time":"20190410163723","is_ascension_mode":false,"campfire_choices":[{"data":"Loop","floor":7.0,"key":"SMITH"},{"floor":10.0,"key":"REST"},{"floor":15.0,"key":"REST"},{"data":"Defragment","floor":23.0,"key":"SMITH"},{"data":"Defragment","floor":25.0,"key":"SMITH"},{"floor":29.0,"key":"REST"},{"floor":32.0,"key":"REST"}],"neow_cost":"NO_GOLD","seed_source_timestamp":0,"circlet_count":0,"master_deck":["Strike_B+1","Strike_B+1","Strike_B+1","Strike_B+1","Defend_B+1","Defend_B+1","Defend_B+1","Zap","Dualcast+1","Loop+1","Cold Snap","Capacitor","Streamline","Cold Snap+1","Defragment+1","Redo","Coolheaded","Biased Cognition","Streamline","Writhe","Blizzard","Defragment+1","Coolheaded","White Noise","Amplify","Blizzard+1","Hologram+1"],"special_seed":0,"relics":["Cracked Core","Thread and Needle","Art of War","DataDisk","Blood Vial","Empty Cage","Smiling Mask","Lantern","Gremlin Horn","Frozen Egg 2","Eternal Feather"],"potions_floor_usage":[],"damage_taken":[{"damage":3.0,"enemies":"2 Louse","floor":1.0,"turns":2.0},{"damage":2.0,"enemies":"Jaw Worm","floor":2.0,"turns":3.0},{"damage":2.0,"enemies":"Small Slimes","floor":4.0,"turns":4.0},{"damage":1.0,"enemies":"Blue Slaver","floor":5.0,"turns":4.0},{"damage":25.0,"enemies":"Lagavulin","floor":6.0,"turns":5.0},{"damage":0.0,"enemies":"Exordium Wildlife","floor":12.0,"turns":3.0},{"damage":0.0,"enemies":"Exordium Thugs","floor":13.0,"turns":3.0},{"damage":5.0,"enemies":"Red Slaver","floor":14.0,"turns":3.0},{"damage":0.0,"enemies":"Slime Boss","floor":16.0,"turns":11.0},{"damage":19.0,"enemies":"Spheric Guardian","floor":18.0,"turns":4.0},{"damage":15.0,"enemies":"2 Thieves","floor":21.0,"turns":5.0},{"damage":33.0,"enemies":"Sentry and Sphere","floor":27.0,"turns":8.0},{"damage":1.0,"enemies":"Snecko","floor":30.0,"turns":5.0},{"damage":18.0,"enemies":"Collector","floor":33.0,"turns":12.0},{"damage":28,"enemies":"3 Darklings","floor":35,"turns":7},{"damage":14,"enemies":"3 Shapes","floor":36,"turns":4},{"damage":43,"enemies":"Transient","floor":37,"turns":4}],"seed_played":"-1986523058521980479","potions_obtained":[{"floor":1.0,"key":"Fire Potion"},{"floor":2.0,"key":"Fire Potion"},{"floor":6.0,"key":"Regen Potion"},{"floor":30.0,"key":"Weak Potion"},{"floor":33.0,"key":"Dexterity Potion"}],"is_trial":false,"path_per_floor":["M","M","?","M","M","E","R","$","T","R","?","M","M","M","R","B",null,"M","?","?","M","$","R","?","R","T","M","?","R","M","T","R","B",null,"M","M","M"],"character_chosen":"DEFECT","items_purchased":["DataDisk","Defragment","Defragment","Lantern"],"campfire_rested":4,"item_purchase_floors":[8,8,22,22],"current_hp_per_floor":[72,70,70,68,67,42,42,42,42,64,49,60,62,59,75,75,75,56,56,56,43,43,43,43,43,43,12,12,34,35,35,57,41,75,47,35,0],"gold":162,"neow_bonus":"ONE_RARE_RELIC","is_prod":false,"is_daily":false,"chose_seed":false,"campfire_upgraded":3,"win_rate":0,"timestamp":1554928643,"path_taken":["M","M","?","M","M","E","R","$","T","R","?","M","M","M","R","BOSS","M","?","?","M","$","R","?","R","T","M","?","R","M","?","R","BOSS","M","M","M"],"build_version":"2019-01-23","purchased_purges":0,"victory":false,"max_hp_per_floor":[75,75,75,75,75,75,75,75,75,75,75,75,75,75,75,75,75,75,75,75,75,75,75,75,75,75,75,75,75,75,75,75,75,75,75,75,75],"card_choices":[{"not_picked":["Self Repair","Rip and Tear"],"picked":"Loop","floor":1.0},{"not_picked":["Rip and Tear","Chaos"],"picked":"Cold Snap","floor":2.0},{"not_picked":["Redo","Rip and Tear"],"picked":"Capacitor","floor":4.0},{"not_picked":["Steam","Sweeping Beam"],"picked":"Streamline","floor":5.0},{"not_picked":["Steam","Doom and Gloom"],"picked":"Cold Snap","floor":6.0},{"not_picked":["Gash","Rebound","FTL"],"picked":"SKIP","floor":12.0},{"not_picked":["BootSequence","Sunder"],"picked":"Redo","floor":13.0},{"not_picked":["Storm","Sweeping Beam"],"picked":"Coolheaded","floor":14.0},{"not_picked":["Core Surge","Meteor Strike"],"picked":"Biased Cognition","floor":16.0},{"not_picked":["Lockon","Recycle+1"],"picked":"Streamline","floor":18.0},{"not_picked":["Force Field","Beam Cell","Static Discharge"],"picked":"SKIP","floor":21.0},{"not_picked":["Streamline","Genetic Algorithm"],"picked":"Coolheaded","floor":27.0},{"not_picked":["Ball Lightning","Coolheaded"],"picked":"White Noise","floor":30.0},{"not_picked":["Fission","Rainbow"],"picked":"Amplify","floor":33.0},{"not_picked":["Stack+1","Gash+1"],"picked":"Blizzard+1","floor":35},{"not_picked":["Multi-Cast","Sweeping Beam"],"picked":"Hologram+1","floor":36}],"player_experience":767232,"relics_obtained":[{"floor":6.0,"key":"Art of War"},{"floor":9.0,"key":"Blood Vial"},{"floor":26.0,"key":"Gremlin Horn"},{"floor":31.0,"key":"Frozen Egg 2"}],"event_choices":[{"damage_healed":0.0,"max_hp_gain":0.0,"max_hp_loss":0.0,"gold_gain":175.0,"event_name":"Liars Game","player_choice":"AGREE","floor":3.0,"gold_loss":0.0,"damage_taken":0.0,"cards_obtained":["Doubt"]},{"damage_healed":0.0,"max_hp_gain":0.0,"max_hp_loss":0.0,"gold_gain":0.0,"event_name":"Shining Light","player_choice":"Entered Light","floor":11.0,"gold_loss":0.0,"damage_taken":15.0,"cards_upgraded":["Dualcast","Cold Snap"]},{"damage_healed":0.0,"max_hp_gain":0.0,"max_hp_loss":0.0,"gold_gain":0.0,"event_name":"The Mausoleum","player_choice":"Opened","floor":19.0,"gold_loss":0.0,"damage_taken":0.0,"relics_obtained":["Smiling Mask"],"cards_obtained":["Writhe"]},{"damage_healed":0.0,"max_hp_gain":0.0,"max_hp_loss":0.0,"gold_gain":0.0,"event_name":"The Library","player_choice":"Read","floor":20.0,"gold_loss":0.0,"damage_taken":0.0,"cards_obtained":["Blizzard"]},{"damage_healed":0.0,"max_hp_gain":0.0,"max_hp_loss":0.0,"gold_gain":0.0,"event_name":"Masked Bandits","player_choice":"Paid Fearfully","floor":24.0,"gold_loss":30.0,"damage_taken":0.0},{"damage_healed":0.0,"max_hp_gain":0.0,"max_hp_loss":0.0,"gold_gain":0.0,"event_name":"Back to Basics","player_choice":"Simplicity","floor":28.0,"gold_loss":0.0,"damage_taken":0.0,"cards_upgraded":["Strike_B","Strike_B","Strike_B","Strike_B","Defend_B","Defend_B","Defend_B"]}],"is_beta":false,"boss_relics":[{"not_picked":["Lizard Tail","Snecko Eye"],"picked":"Empty Cage"},{"not_picked":["Tiny House","White Beast Statue"],"picked":"Eternal Feather"}],"items_purged_floors":[],"is_endless":false,"potions_floor_spawned":[1,2,6,30,33],"killed_by":"Transient","ascension_level":0}