{"gold_per_floor":[20,43,43,43,59,59,79,79,154,181,192,253,253,266,266,344,344,359,7,7,22,22,22,42,42,42,42,61,94,105,30,30,103,103,123,141,141,141,158,158,158],"floor_reached":41,"playtime":2523,"items_purged":[],"score":802,"play_id":"6a9af2b2-fe7a-4eb4-8357-ad55dde5a115","local_time":"20190411005536","is_ascension_mode":true,"campfire_choices":[{"data":"Zap","floor":6,"key":"SMITH"},{"data":"FTL","floor":8,"key":"SMITH"},{"data":"Static Discharge","floor":13,"key":"SMITH"},{"data":"Hologram","floor":15,"key":"SMITH"},{"data":"Defragment","floor":23,"key":"SMITH"},{"data":"Ghostly","floor":25,"key":"SMITH"},{"data":"Ghostly","floor":27,"key":"SMITH"},{"floor":32,"key":"REST"},{"floor":40,"key":"REST"}],"neow_cost":"NO_GOLD","seed_source_timestamp":30258905689818,"circlet_count":0,"master_deck":["AscendersBane","Defend_B+1","Defend_B","Defend_B","Defend_B","Zap+1","Dualcast+1","Static Discharge+1","FTL+1","Cold Snap","Echo Form","Hologram+1","Reinforced Body","White Noise","All For One","Coolheaded","Defragment+1","Ghostly+1","Ghostly+1","Ghostly","Doom and Gloom","Capacitor","Barrage","Compile Driver","Core Surge","Machine Learning+1","Self Repair+1","Auto Shields+1","Go for the Eyes+1"],"relics":["Cracked Core","Orichalcum","Blue Candle","Pear","Bottled Lightning","Tiny Chest","Sozu","Membership Card","Bag of Preparation","DataDisk","Red Mask","Astrolabe"],"potions_floor_usage":[12,21,33],"damage_taken":[{"damage":2,"enemies":"Cultist","floor":1,"turns":4},{"damage":9,"enemies":"Small Slimes","floor":5,"turns":3},{"damage":0,"enemies":"Jaw Worm","floor":7,"turns":3},{"damage":11,"enemies":"3 Sentries","floor":10,"turns":8},{"damage":12,"enemies":"Lots of Slimes","floor":11,"turns":3},{"damage":10,"enemies":"Lagavulin","floor":12,"turns":5},{"damage":5,"enemies":"Blue Slaver","floor":14,"turns":3},{"damage":4,"enemies":"The Guardian","floor":16,"turns":8},{"damage":8,"enemies":"Shell Parasite","floor":18,"turns":4},{"damage":14,"enemies":"2 Thieves","floor":21,"turns":4},{"damage":0,"enemies":"Snecko","floor":24,"turns":5},{"damage":12,"enemies":"Centurion and Healer","floor":28,"turns":6},{"damage":8,"enemies":"Masked Bandits","floor":29,"turns":5},{"damage":0,"enemies":"Snake Plant","floor":30,"turns":4},{"damage":24,"enemies":"Collector","floor":33,"turns":11},{"damage":35,"enemies":"3 Darklings","floor":35,"turns":4},{"damage":0,"enemies":"Orb Walker","floor":36,"turns":4},{"damage":8,"enemies":"Sphere and 2 Shapes","floor":39,"turns":6},{"damage":46,"enemies":"Nemesis","floor":41,"turns":2}],"seed_played":"-2619853846420860839","potions_obtained":[{"floor":1,"key":"Energy Potion"},{"floor":11,"key":"FocusPotion"},{"floor":12,"key":"AttackPotion"},{"floor":14,"key":"SpeedPotion"}],"is_trial":false,"path_per_floor":["M","T","?","T","M","R","M","R","T","E","M","E","R","M","R","B",null,"M","$","?","M","T","R","M","R","T","R","M","?","M","?","R","B",null,"M","M","?","?","M","R","E"],"character_chosen":"DEFECT","items_purchased":["Membership Card","Bag of Preparation","Defragment"],"campfire_rested":2,"item_purchase_floors":[19,19,19],"current_hp_per_floor":[76,76,50,50,41,41,41,41,51,40,28,18,18,13,13,9,74,66,66,47,33,33,33,33,33,33,33,21,13,13,13,27,3,36,11,21,21,21,23,37,0],"gold":158,"neow_bonus":"TWENTY_PERCENT_HP_BONUS","is_prod":false,"is_daily":false,"chose_seed":false,"campfire_upgraded":7,"win_rate":0,"timestamp":1554958536,"path_taken":["M","?","?","?","?","R","M","R","T","E","M","E","R","M","R","BOSS","M","?","?","M","?","R","M","R","T","R","M","?","?","?","R","BOSS","M","M","?","?","M","R","E"],"build_version":"2019-01-23","purchased_purges":0,"victory":false,"max_hp_per_floor":[85,85,85,85,85,85,85,85,95,95,95,95,95,95,95,95,95,95,95,47,47,47,47,47,47,47,47,47,47,47,47,47,47,47,47,47,47,47,47,47,47],"card_choices":[{"not_picked":["Heatsinks","Gash"],"picked":"Static Discharge","floor":1},{"not_picked":["Sweeping Beam","Leap"],"picked":"FTL","floor":5},{"not_picked":["Beam Cell","Go for the Eyes"],"picked":"Cold Snap","floor":7},{"not_picked":["Steam","Stack"],"picked":"Echo Form","floor":10},{"not_picked":["Turbo","Conserve Battery"],"picked":"Hologram","floor":11},{"not_picked":["Storm","Beam Cell"],"picked":"Reinforced Body","floor":12},{"not_picked":["Gash","Beam Cell"],"picked":"White Noise","floor":14},{"not_picked":["Machine Learning","Echo Form"],"picked":"All For One","floor":16},{"not_picked":["Gash","Ball Lightning"],"picked":"Coolheaded","floor":18},{"not_picked":["Defragment","Steam"],"picked":"Doom and Gloom","floor":21},{"not_picked":["Tempest","White Noise"],"picked":"Capacitor","floor":24},{"not_picked":["Conserve Battery","Steam"],"picked":"Capacitor","floor":28},{"not_picked":["Cold Snap","Gash"],"picked":"Barrage","floor":29},{"not_picked":["Meteor Strike","Gash"],"picked":"Compile Driver","floor":30},{"not_picked":["Creative AI","Fission"],"picked":"Core Surge","floor":33},{"not_picked":["Sunder","Lockon"],"picked":"Go for the Eyes+1","floor":35},{"not_picked":["Sunder","Tempest","Sweeping Beam"],"picked":"SKIP","floor":36},{"not_picked":["Compile Driver","Redo","Fusion"],"picked":"SKIP","floor":39}],"player_experience":1784042,"relics_obtained":[{"floor":2,"key":"Orichalcum"},{"floor":4,"key":"Blue Candle"},{"floor":9,"key":"Pear"},{"floor":10,"key":"Bottled Lightning"},{"floor":12,"key":"Tiny Chest"},{"floor":22,"key":"DataDisk"},{"floor":29,"key":"Red Mask"}],"event_choices":[{"damage_healed":0,"gold_gain":0,"player_choice":"Entered Light","damage_taken":26,"max_hp_gain":0,"max_hp_loss":0,"event_name":"Shining Light","floor":3,"gold_loss":0,"cards_upgraded":["Dualcast","Defend_B"]},{"damage_healed":0,"gold_gain":0,"player_choice":"Became a Ghost","damage_taken":0,"max_hp_gain":0,"max_hp_loss":48,"event_name":"Ghosts","floor":20,"gold_loss":0,"cards_obtained":["Ghostly","Ghostly","Ghostly"]},{"damage_healed":0,"gold_gain":0,"player_choice":"Fought Bandits","damage_taken":0,"max_hp_gain":0,"max_hp_loss":0,"event_name":"Masked Bandits","floor":29,"gold_loss":0},{"cards_removed":["Strike_B"],"damage_healed":0,"gold_gain":0,"player_choice":"Gave Gold","damage_taken":0,"max_hp_gain":0,"max_hp_loss":0,"event_name":"Beggar","floor":31,"gold_loss":75},{"damage_healed":0,"gold_gain":0,"player_choice":"Ignored","damage_taken":0,"max_hp_gain":0,"max_hp_loss":0,"event_name":"Mysterious Sphere","floor":37,"gold_loss":0},{"cards_removed":["Capacitor"],"damage_healed":0,"gold_gain":0,"player_choice":"Removed Power","damage_taken":0,"max_hp_gain":0,"max_hp_loss":0,"event_name":"Falling","floor":38,"gold_loss":0}],"is_beta":false,"boss_relics":[{"not_picked":["Cursed Key","Snecko Eye"],"picked":"Sozu"},{"not_picked":["Pandora\u0027s Box","Coffee Dripper"],"picked":"Astrolabe"}],"items_purged_floors":[],"is_endless":false,"potions_floor_spawned":[1,11,12,14,24,28,29],"killed_by":"Nemesis","ascension_level":20}