{"gold_per_floor":[116,116,132,148,18,18,52,52,79,92,126,201,201,201,201,278,278,298,298,298,312,362,362],"floor_reached":23,"playtime":815,"items_purged":[],"score":494,"play_id":"6cdbf1a9-ad99-4e09-94a8-efda90f1b000","local_time":"20190328035939","is_ascension_mode":true,"campfire_choices":[{"data":"Sunder","floor":6,"key":"SMITH"},{"data":"Beam Cell","floor":8,"key":"SMITH"},{"data":"Loop","floor":13,"key":"SMITH"},{"data":"FTL","floor":15,"key":"SMITH"}],"neow_cost":"NONE","seed_source_timestamp":958947931700422,"circlet_count":0,"master_deck":["AscendersBane","Strike_B","Strike_B","Strike_B","Strike_B","Defend_B","Defend_B","Defend_B","Defend_B","Zap","Dualcast","Loop+1","FTL+1","Leap","Ball Lightning","Sunder+1","Beam Cell+1","Core Surge","Hologram","Go for the Eyes","Creative AI","Ball Lightning+1"],"relics":["Cracked Core","Smiling Mask","Blood Vial","Calipers","Coffee Dripper","MutagenicStrength"],"potions_floor_usage":[7,11,11,18,18],"damage_taken":[{"damage":7,"enemies":"Jaw Worm","floor":1,"turns":3},{"damage":1,"enemies":"Cultist","floor":3,"turns":3},{"damage":0,"enemies":"2 Louse","floor":4,"turns":2},{"damage":17,"enemies":"Gremlin Nob","floor":7,"turns":4},{"damage":3,"enemies":"Large Slime","floor":10,"turns":3},{"damage":13,"enemies":"Lagavulin","floor":11,"turns":6},{"damage":0,"enemies":"Slime Boss","floor":16,"turns":5},{"damage":0,"enemies":"Chosen","floor":18,"turns":3},{"damage":12,"enemies":"Shell Parasite","floor":21,"turns":4},{"damage":68,"enemies":"Slavers","floor":23,"turns":4}],"seed_played":"-6269718077979869552","potions_obtained":[{"floor":1,"key":"Regen Potion"},{"floor":2,"key":"SpeedPotion"},{"floor":7,"key":"Swift Potion"},{"floor":11,"key":"Fire Potion"},{"floor":16,"key":"Ancient Potion"}],"is_trial":false,"path_per_floor":["M","?","M","M","$","R","E","R","T","M","E","?","R","?","R","B",null,"M","?","?","M","?","E"],"character_chosen":"DEFECT","items_purchased":["Sunder","Beam Cell"],"campfire_rested":0,"item_purchase_floors":[5,5],"current_hp_per_floor":[57,57,56,56,56,56,39,39,39,38,42,31,31,36,36,38,67,69,69,58,48,48,0],"gold":362,"neow_bonus":"THREE_CARDS","is_prod":false,"is_daily":false,"chose_seed":false,"campfire_upgraded":4,"win_rate":0,"timestamp":1553759979,"path_taken":["M","?","M","M","?","R","E","R","T","?","E","?","R","?","R","BOSS","M","?","?","?","?","E"],"build_version":"2019-01-23","purchased_purges":0,"victory":false,"max_hp_per_floor":[71,71,71,71,71,71,71,71,71,71,71,71,71,76,76,76,76,76,76,76,76,76,76],"card_choices":[{"not_picked":["Streamline","White Noise"],"picked":"Loop","floor":0},{"not_picked":["Blizzard","Go for the Eyes"],"picked":"FTL","floor":1},{"not_picked":["Beam Cell","Steam"],"picked":"Leap","floor":3},{"not_picked":["Blizzard","Turbo"],"picked":"Ball Lightning","floor":4},{"not_picked":["Compile Driver","Storm"],"picked":"Core Surge","floor":7},{"not_picked":["Auto Shields","Recycle"],"picked":"Hologram","floor":10},{"not_picked":["Hologram","Coolheaded"],"picked":"Go for the Eyes","floor":11},{"not_picked":["Fission","Multi-Cast"],"picked":"Creative AI","floor":16},{"not_picked":["Sweeping Beam","Rebound"],"picked":"Ball Lightning+1","floor":18},{"not_picked":["Barrage","Rip and Tear","Ball Lightning"],"picked":"SKIP","floor":21}],"player_experience":1461716,"relics_obtained":[{"floor":7,"key":"Smiling Mask"},{"floor":9,"key":"Blood Vial"},{"floor":11,"key":"Calipers"}],"event_choices":[{"damage_healed":0,"gold_gain":0,"player_choice":"Got Potions","damage_taken":0,"max_hp_gain":0,"max_hp_loss":0,"event_name":"Lab","floor":2,"gold_loss":0},{"damage_healed":0,"gold_gain":75,"player_choice":"Gather Gold","damage_taken":11,"max_hp_gain":0,"max_hp_loss":0,"event_name":"World of Goop","floor":12,"gold_loss":0},{"damage_healed":0,"gold_gain":0,"player_choice":"Donut","damage_taken":0,"max_hp_gain":5,"max_hp_loss":0,"event_name":"Big Fish","floor":14,"gold_loss":0},{"damage_healed":0,"gold_gain":0,"player_choice":"Inject Mutagens","damage_taken":0,"relics_obtained":["MutagenicStrength"],"max_hp_gain":0,"max_hp_loss":0,"event_name":"Drug Dealer","floor":19,"gold_loss":0},{"damage_healed":0,"gold_gain":0,"player_choice":"Damaged","damage_taken":11,"max_hp_gain":0,"max_hp_loss":0,"event_name":"Wheel of Change","floor":20,"gold_loss":0},{"damage_healed":0,"gold_gain":50,"player_choice":"Stole From Cult","damage_taken":0,"max_hp_gain":0,"max_hp_loss":0,"event_name":"Nest","floor":22,"gold_loss":0}],"is_beta":false,"boss_relics":[{"not_picked":["Astrolabe","Velvet Choker"],"picked":"Coffee Dripper"}],"items_purged_floors":[],"is_endless":false,"potions_floor_spawned":[1,7,11,16],"killed_by":"Slavers","ascension_level":20}