{"gold_per_floor":[112,187,197,197,42,42,42,68,68,68,84,94,94,110,110,183,183,197,197,197,25,25,25,56,73,99,99,116,116,27,44,44,44],"floor_reached":33,"playtime":1566,"items_purged":[],"score":601,"play_id":"80cf7ae9-f943-4f96-a14b-2d159c134af0","local_time":"20190509125201","is_ascension_mode":true,"campfire_choices":[{"data":"Bash","floor":6.0,"key":"SMITH"},{"floor":13.0,"key":"REST"},{"data":"1","floor":15.0,"key":"LIFT"},{"data":"2","floor":23,"key":"LIFT"},{"data":"3","floor":27,"key":"LIFT"},{"floor":29,"key":"DIG"},{"floor":32,"key":"DIG"}],"neow_cost":"CURSE","seed_source_timestamp":1449413247205091,"circlet_count":0,"master_deck":["AscendersBane","Defend_R","Defend_R+1","Defend_R","Defend_R","Bash+1","Decay","Sword Boomerang","Spot Weakness+1","Demon Form","Heavy Blade+1","Rupture","Armaments","Limit Break","Clothesline","Offering","Body Slam+1","Bite+1","Bite","Bite","Bite","Bite","Ghostly","Ghostly","Ghostly","Burning Pact+1","Shrug It Off","Havoc+1","Corruption"],"special_seed":0,"relics":["Burning Blood","Shovel","Self Forming Clay","Incense Burner","Girya","Eternal Feather","MutagenicStrength","Art of War","Charon\u0027s Ashes","Bronze Scales","Whetstone","Bag of Marbles"],"potions_floor_usage":[16,24],"damage_taken":[{"damage":6.0,"enemies":"2 Louse","floor":1.0,"turns":4.0},{"damage":13.0,"enemies":"Jaw Worm","floor":3.0,"turns":4.0},{"damage":14.0,"enemies":"3 Sentries","floor":8.0,"turns":6.0},{"damage":5.0,"enemies":"Cultist","floor":11.0,"turns":4.0},{"damage":10.0,"enemies":"Exordium Wildlife","floor":12.0,"turns":4.0},{"damage":15.0,"enemies":"2 Fungi Beasts","floor":14.0,"turns":7.0},{"damage":25,"enemies":"Slime Boss","floor":16,"turns":10},{"damage":22,"enemies":"Spheric Guardian","floor":18,"turns":4},{"damage":23,"enemies":"Slavers","floor":24,"turns":8},{"damage":16,"enemies":"3 Byrds","floor":25,"turns":4},{"damage":2,"enemies":"3 Cultists","floor":28,"turns":5},{"damage":12,"enemies":"Snake Plant","floor":31,"turns":4},{"damage":56,"enemies":"Automaton","floor":33,"turns":6}],"seed_played":"-7210798659145918410","potions_obtained":[{"floor":3.0,"key":"AttackPotion"},{"floor":8.0,"key":"SpeedPotion"},{"floor":12.0,"key":"Dexterity Potion"},{"floor":16,"key":"GamblersBrew"},{"floor":25,"key":"EssenceOfSteel"},{"floor":31,"key":"Regen Potion"}],"is_trial":false,"path_per_floor":["M","?","M","T","$","R","?","E","T","?","M","M","R","M","R","B",null,"M","?","?","$","?","R","E","M","T","R","M","R","$","M","R","B"],"character_chosen":"IRONCLAD","items_purchased":["Demon Form","Art of War","Corruption"],"campfire_rested":1,"item_purchase_floors":[5,21,30],"current_hp_per_floor":[68,57,50,50,50,50,27,19,19,19,20,16,38,29,29,10,59,43,43,43,43,26,26,21,19,19,26,26,26,26,24,26,0],"gold":44,"neow_bonus":"ONE_RARE_RELIC","is_prod":false,"is_daily":false,"chose_seed":false,"campfire_upgraded":1,"win_rate":0,"timestamp":1557420721,"path_taken":["M","?","M","?","$","R","?","E","T","?","M","M","R","?","R","BOSS","M","?","?","$","?","R","E","M","T","R","M","R","$","M","R","BOSS"],"build_version":"2019-01-23","purchased_purges":0,"victory":false,"max_hp_per_floor":[75,75,75,75,75,75,75,75,75,75,75,75,75,75,75,75,75,75,52,52,52,26,26,26,26,26,26,26,26,26,26,26,26],"card_choices":[{"not_picked":["Warcry","Body Slam"],"picked":"Sword Boomerang","floor":1.0},{"not_picked":["Havoc","Corruption"],"picked":"Spot Weakness","floor":3.0},{"not_picked":["Dropkick","Anger"],"picked":"Heavy Blade","floor":8.0},{"not_picked":["Iron Wave","Perfected Strike"],"picked":"Limit Break","floor":11.0},{"not_picked":["Armaments","Headbutt","Rampage"],"picked":"SKIP","floor":12.0},{"not_picked":["Entrench","Infernal Blade"],"picked":"Clothesline","floor":14.0},{"not_picked":["Dark Embrace","Berserk"],"picked":"Offering","floor":16},{"not_picked":["Wild Strike","True Grit"],"picked":"Body Slam+1","floor":18},{"not_picked":["True Grit","Double Tap"],"picked":"Burning Pact+1","floor":24},{"not_picked":["Wild Strike","Sever Soul+1"],"picked":"Shrug It Off","floor":25},{"not_picked":["Metallicize","Dual Wield"],"picked":"Havoc+1","floor":28},{"not_picked":["Iron Wave","Carnage+1","Havoc"],"picked":"SKIP","floor":31}],"player_experience":2499522,"relics_obtained":[{"floor":4.0,"key":"Self Forming Clay"},{"floor":8.0,"key":"Incense Burner"},{"floor":9.0,"key":"Girya"},{"floor":24,"key":"Charon\u0027s Ashes"},{"floor":26,"key":"Bronze Scales"},{"floor":29,"key":"Whetstone"},{"floor":32,"key":"Bag of Marbles"}],"event_choices":[{"damage_healed":0.0,"max_hp_gain":0.0,"max_hp_loss":0.0,"gold_gain":75.0,"event_name":"World of Goop","player_choice":"Gather Gold","floor":2.0,"gold_loss":0.0,"damage_taken":11.0},{"damage_healed":0.0,"max_hp_gain":0.0,"max_hp_loss":0.0,"gold_gain":0.0,"event_name":"Shining Light","player_choice":"Entered Light","floor":7.0,"gold_loss":0.0,"damage_taken":23.0,"cards_upgraded":["Defend_R","Spot Weakness"]},{"damage_healed":0.0,"max_hp_gain":0.0,"max_hp_loss":0.0,"gold_gain":0.0,"event_name":"Match and Keep!","player_choice":"2 cards matched","floor":10.0,"gold_loss":0.0,"damage_taken":0.0,"cards_obtained":["Rupture","Armaments"]},{"damage_healed":0,"gold_gain":0,"player_choice":"Became a vampire","damage_taken":0,"max_hp_gain":0,"max_hp_loss":23,"event_name":"Vampires","floor":19,"gold_loss":0,"cards_obtained":["Bite","Bite","Bite","Bite","Bite"]},{"damage_healed":0,"gold_gain":0,"player_choice":"Inject Mutagens","damage_taken":0,"relics_obtained":["MutagenicStrength"],"max_hp_gain":0,"max_hp_loss":0,"event_name":"Drug Dealer","floor":20,"gold_loss":0},{"damage_healed":0,"gold_gain":0,"player_choice":"Became a Ghost","damage_taken":0,"max_hp_gain":0,"max_hp_loss":26,"event_name":"Ghosts","floor":22,"gold_loss":0,"cards_obtained":["Ghostly","Ghostly","Ghostly"]}],"is_beta":false,"boss_relics":[{"not_picked":["Astrolabe","Empty Cage"],"picked":"Eternal Feather"}],"items_purged_floors":[],"is_endless":false,"potions_floor_spawned":[3,8,12,16,25,31],"killed_by":"Automaton","ascension_level":20}