{"gold_per_floor":[112,112,130,15,35,74,74,109,109,152,26,26,62,86,86,216,216,241,255,278,291,309,309,343,358,381,381,399,433,456,481,481,610,610,625,625,639,664,175,175,210,210,210,234,254,254,254,297,297,297,297,297,37,37],"floor_reached":54,"playtime":4177,"items_purged":["Strike_B"],"score":1339,"play_id":"6f0d15e1-6cdb-42d0-83fa-85fcef51f757","local_time":"20190322022420","is_ascension_mode":true,"campfire_choices":[{"data":"Sunder","floor":7,"key":"SMITH"},{"floor":15,"key":"REST"},{"data":"Defragment","floor":23,"key":"SMITH"},{"floor":27,"key":"REST"},{"floor":32,"key":"REST"},{"floor":40,"key":"REST"},{"floor":42,"key":"RECALL"},{"floor":49,"key":"REST"},{"floor":52,"key":"REST"}],"neow_cost":"NONE","seed_source_timestamp":431360424741247,"circlet_count":0,"master_deck":["AscendersBane","Strike_B+1","Defend_B","Defend_B","Defend_B","Defend_B","Zap","Dualcast","Consume","Defragment+1","Cold Snap","Sunder+1","Conserve Battery+1","Compile Driver","Defragment","Hologram+1","White Noise+1","Core Surge","Capacitor","Cold Snap","Creative AI","Auto Shields+1","Cold Snap+1","Ball Lightning+1","Electrodynamics","Buffer","BootSequence","Compile Driver","Loop","Buffer","Consume+1","Apotheosis","Self Repair","Madness","Madness","Self Repair","Capacitor"],"relics":["Cracked Core","Golden Idol","Mercury Hourglass","Du-Vu Doll","Thread and Needle","MawBank","Bag of Preparation","Nuclear Battery","Regal Pillow","Bronze Scales","Whetstone","Fusion Hammer","War Paint","PreservedInsect","Question Card","Oddly Smooth Stone"],"potions_floor_usage":[3,8,10,18,24,25,31,38],"damage_taken":[{"damage":1,"enemies":"Cultist","floor":1,"turns":4},{"damage":3,"enemies":"Jaw Worm","floor":3,"turns":4},{"damage":9,"enemies":"Small Slimes","floor":5,"turns":2},{"damage":18,"enemies":"3 Sentries","floor":6,"turns":8},{"damage":4,"enemies":"Lagavulin","floor":8,"turns":7},{"damage":0,"enemies":"3 Sentries","floor":10,"turns":4},{"damage":5,"enemies":"Gremlin Nob","floor":13,"turns":4},{"damage":0,"enemies":"3 Louse","floor":14,"turns":3},{"damage":6,"enemies":"The Guardian","floor":16,"turns":8},{"damage":0,"enemies":"2 Thieves","floor":18,"turns":2},{"damage":0,"enemies":"Spheric Guardian","floor":19,"turns":1},{"damage":20,"enemies":"Snake Plant","floor":20,"turns":4},{"damage":7,"enemies":"Shelled Parasite and Fungi","floor":21,"turns":7},{"damage":4,"enemies":"Cultist and Chosen","floor":22,"turns":5},{"damage":14,"enemies":"Gremlin Leader","floor":24,"turns":7},{"damage":15,"enemies":"Snake Plant","floor":25,"turns":5},{"damage":7,"enemies":"Snecko","floor":28,"turns":5},{"damage":21,"enemies":"Book of Stabbing","floor":29,"turns":6},{"damage":7,"enemies":"3 Cultists","floor":30,"turns":4},{"damage":0,"enemies":"Snake Plant","floor":31,"turns":2},{"damage":17,"enemies":"Champ","floor":33,"turns":10},{"damage":18,"enemies":"3 Darklings","floor":35,"turns":3},{"damage":0,"enemies":"Orb Walker","floor":37,"turns":3},{"damage":7,"enemies":"Writhing Mass","floor":38,"turns":6},{"damage":0,"enemies":"Giant Head","floor":41,"turns":8},{"damage":6,"enemies":"Spire Growth","floor":44,"turns":6},{"damage":1,"enemies":"Transient","floor":45,"turns":5},{"damage":0,"enemies":"Nemesis","floor":48,"turns":5},{"damage":70,"enemies":"Time Eater","floor":50,"turns":10},{"damage":83,"enemies":"Shield and Spear","floor":54,"turns":5}],"seed_played":"-2564949722432162956","potions_obtained":[{"floor":1,"key":"EssenceOfSteel"},{"floor":3,"key":"FocusPotion"},{"floor":6,"key":"Block Potion"},{"floor":13,"key":"FearPotion"},{"floor":18,"key":"Swift Potion"},{"floor":20,"key":"SpeedPotion"},{"floor":24,"key":"FearPotion"},{"floor":31,"key":"Explosive Potion"},{"floor":33,"key":"SmokeBomb"},{"floor":35,"key":"Energy Potion"},{"floor":41,"key":"SpeedPotion"}],"is_trial":false,"path_per_floor":["M","?","M","$","M","E","R","E","T","E","$","?","E","M","R","B",null,"M","M","M","M","M","R","E","M","T","R","M","E","M","M","R","B",null,"M","?","M","M","$","R","E","R","T","M","M","?","?","E","R","B",null,"R","$","E"],"character_chosen":"DEFECT","items_purchased":["Sunder","Conserve Battery","Core Surge","Apotheosis","War Paint","FocusPotion","Oddly Smooth Stone","Capacitor","Ancient Potion"],"campfire_rested":6,"item_purchase_floors":[4,4,11,39,39,39,53,53,53],"current_hp_per_floor":[67,49,46,46,37,19,19,15,15,15,15,15,10,10,32,26,63,63,63,43,36,32,32,18,3,3,40,33,12,5,5,42,25,63,45,45,45,38,38,75,75,75,75,69,75,75,66,75,75,25,63,75,75,0],"gold":37,"neow_bonus":"TRANSFORM_CARD","is_prod":false,"is_daily":false,"chose_seed":false,"campfire_upgraded":2,"win_rate":0,"timestamp":1553235860,"path_taken":["M","?","M","$","M","E","R","E","T","E","$","?","E","M","R","BOSS","M","?","M","M","M","R","E","M","T","R","?","E","M","M","R","BOSS","M","?","M","M","$","R","E","R","T","M","?","?","?","E","R","BOSS","R","$","E"],"build_version":"2019-01-23","purchased_purges":1,"victory":false,"max_hp_per_floor":[75,75,75,75,75,75,75,75,75,75,75,75,75,75,75,75,75,75,75,75,75,75,75,75,75,75,75,75,75,75,75,75,75,75,75,75,75,75,75,75,75,75,75,75,75,75,75,75,75,75,75,75,75,75],"card_choices":[{"not_picked":["Lockon","Go for the Eyes"],"picked":"Defragment","floor":1},{"not_picked":["Lockon","Beam Cell"],"picked":"Cold Snap","floor":3},{"not_picked":["Fusion","Redo"],"picked":"Compile Driver","floor":5},{"not_picked":["Cold Snap","Turbo"],"picked":"Defragment","floor":6},{"not_picked":["Reprogram","Storm"],"picked":"Hologram","floor":8},{"not_picked":["Genetic Algorithm","Conserve Battery"],"picked":"White Noise","floor":10},{"not_picked":["Multi-Cast","Compile Driver"],"picked":"Capacitor","floor":13},{"not_picked":["Gash","Chaos"],"picked":"Cold Snap","floor":14},{"not_picked":["All For One","Meteor Strike"],"picked":"Creative AI","floor":16},{"not_picked":["Rebound","Chill"],"picked":"Auto Shields+1","floor":18},{"not_picked":["Tempest","Sweeping Beam","Redo"],"picked":"SKIP","floor":19},{"not_picked":["Go for the Eyes","Stack"],"picked":"Cold Snap+1","floor":20},{"not_picked":["Compile Driver","Storm"],"picked":"Ball Lightning","floor":21},{"not_picked":["Stack","Steam"],"picked":"Electrodynamics","floor":22},{"not_picked":["Heatsinks","Force Field"],"picked":"Buffer","floor":24},{"not_picked":["Rebound","Steam"],"picked":"BootSequence","floor":25},{"not_picked":["Compile Driver","Beam Cell","Redo+1"],"picked":"SKIP","floor":28},{"not_picked":["Turbo","Gash"],"picked":"Compile Driver","floor":29},{"not_picked":["Melter","Compile Driver+1","Darkness"],"picked":"SKIP","floor":30},{"not_picked":["Steam","Compile Driver"],"picked":"Loop","floor":31},{"not_picked":["Meteor Strike","Rainbow"],"picked":"Buffer","floor":33},{"not_picked":["Steam","BootSequence","Darkness"],"picked":"SKIP","floor":35},{"not_picked":["Reprogram+1","Streamline"],"picked":"Consume+1","floor":37},{"not_picked":["Coolheaded","Steam","Ball Lightning"],"picked":"SKIP","floor":38},{"not_picked":["Chaos","Ball Lightning+1","Melter"],"picked":"SKIP","floor":41},{"not_picked":["Hyperbeam","Go for the Eyes"],"picked":"Self Repair","floor":44},{"not_picked":["Chaos","Steam+1","Gash"],"picked":"SKIP","floor":45},{"not_picked":["Undo","Skim"],"picked":"Self Repair","floor":48}],"player_experience":1325152,"relics_obtained":[{"floor":6,"key":"Mercury Hourglass"},{"floor":8,"key":"Du-Vu Doll"},{"floor":9,"key":"Thread and Needle"},{"floor":10,"key":"MawBank"},{"floor":13,"key":"Bag of Preparation"},{"floor":24,"key":"Regal Pillow"},{"floor":26,"key":"Bronze Scales"},{"floor":29,"key":"Whetstone"},{"floor":41,"key":"PreservedInsect"},{"floor":48,"key":"Question Card"}],"event_choices":[{"damage_healed":0,"gold_gain":0,"player_choice":"Take Damage","damage_taken":18,"relics_obtained":["Golden Idol"],"max_hp_gain":0,"max_hp_loss":0,"event_name":"Golden Idol","floor":2,"gold_loss":0},{"damage_healed":0,"gold_gain":0,"player_choice":"Forge","damage_taken":0,"max_hp_gain":0,"max_hp_loss":0,"event_name":"Accursed Blacksmith","floor":12,"gold_loss":0,"cards_upgraded":["White Noise"]},{"cards_removed":["Strike_B"],"damage_healed":0,"gold_gain":0,"player_choice":"Purged","damage_taken":0,"max_hp_gain":0,"max_hp_loss":0,"event_name":"Purifier","floor":36,"gold_loss":0},{"damage_healed":0,"gold_gain":0,"player_choice":"Memory 1","damage_taken":0,"max_hp_gain":0,"max_hp_loss":0,"event_name":"SensoryStone","floor":46,"gold_loss":0},{"damage_healed":0,"gold_gain":0,"player_choice":"Embrace Madness","damage_taken":9,"max_hp_gain":0,"max_hp_loss":0,"event_name":"Winding Halls","floor":47,"gold_loss":0,"cards_obtained":["Madness","Madness"]}],"is_beta":false,"boss_relics":[{"not_picked":["Snecko Eye","Philosopher\u0027s Stone"],"picked":"Nuclear Battery"},{"not_picked":["Runic Pyramid","Empty Cage"],"picked":"Fusion Hammer"}],"items_purged_floors":[39],"is_endless":false,"potions_floor_spawned":[1,3,6,13,18,20,21,24,31,33,35,37,41],"killed_by":"Shield and Spear","ascension_level":12}