{"gold_per_floor":[18,33,33,33,49,83,83,111,111,111,111,111,124,141,141,141],"floor_reached":16,"playtime":540,"items_purged":[],"score":220,"play_id":"3514853d-153b-4c30-8701-9abf91c35a5c","local_time":"20190403063235","is_ascension_mode":true,"campfire_choices":[{"data":"Zap","floor":7,"key":"SMITH"},{"data":"Hyperbeam","floor":10,"key":"SMITH"},{"data":"Self Repair","floor":12,"key":"SMITH"},{"data":"Dualcast","floor":15,"key":"SMITH"}],"neow_cost":"NO_GOLD","seed_source_timestamp":159497136754863,"circlet_count":0,"master_deck":["AscendersBane","Strike_B","Strike_B","Strike_B","Strike_B","Defend_B","Defend_B","Defend_B","Defend_B","Zap+1","Dualcast+1","Ball Lightning","Self Repair+1","Glacier","Cold Snap","Hyperbeam+1","Consume+1"],"relics":["Cracked Core","Torii","Bottled Flame","Letter Opener","Toxic Egg 2"],"potions_floor_usage":[13,16],"damage_taken":[{"damage":1,"enemies":"Cultist","floor":1,"turns":3},{"damage":10,"enemies":"Small Slimes","floor":2,"turns":3},{"damage":1,"enemies":"Jaw Worm","floor":5,"turns":4},{"damage":28,"enemies":"3 Sentries","floor":6,"turns":9},{"damage":26,"enemies":"Gremlin Nob","floor":8,"turns":4},{"damage":0,"enemies":"Large Slime","floor":13,"turns":3},{"damage":1,"enemies":"3 Louse","floor":14,"turns":2},{"damage":34,"enemies":"Slime Boss","floor":16,"turns":7}],"seed_played":"3902809103283478136","potions_obtained":[{"floor":6,"key":"SpeedPotion"},{"floor":8,"key":"FocusPotion"},{"floor":14,"key":"GamblersBrew"}],"is_trial":false,"path_per_floor":["M","M","?","?","M","E","R","E","T","R","?","R","M","M","R","B"],"character_chosen":"DEFECT","items_purchased":[],"campfire_rested":0,"item_purchase_floors":[],"current_hp_per_floor":[63,53,53,53,59,38,38,19,19,19,24,24,34,33,33,0],"gold":141,"neow_bonus":"ONE_RARE_RELIC","is_prod":false,"is_daily":false,"chose_seed":false,"campfire_upgraded":4,"win_rate":0,"timestamp":1554287555,"path_taken":["M","?","?","?","M","E","R","E","T","R","?","R","M","M","R","BOSS"],"build_version":"2019-01-23","purchased_purges":0,"victory":false,"max_hp_per_floor":[71,71,71,71,71,71,71,71,71,71,76,76,76,76,76,76],"card_choices":[{"not_picked":["Go for the Eyes","Sweeping Beam"],"picked":"Ball Lightning","floor":1},{"not_picked":["Chaos","Steam Power"],"picked":"Self Repair","floor":2},{"not_picked":["Beam Cell","Go for the Eyes"],"picked":"Glacier","floor":5},{"not_picked":["Streamline","Capacitor"],"picked":"Cold Snap","floor":6},{"not_picked":["Fusion","Go for the Eyes"],"picked":"Hyperbeam","floor":8},{"not_picked":["Compile Driver","Barrage","Double Energy+1"],"picked":"SKIP","floor":13},{"not_picked":["Redo+1","Conserve Battery+1"],"picked":"Consume+1","floor":14}],"player_experience":1565360,"relics_obtained":[{"floor":6,"key":"Bottled Flame"},{"floor":8,"key":"Letter Opener"},{"floor":9,"key":"Toxic Egg 2"}],"event_choices":[{"damage_healed":0,"gold_gain":0,"player_choice":"Leave","damage_taken":0,"max_hp_gain":0,"max_hp_loss":0,"event_name":"The Cleric","floor":3,"gold_loss":0},{"damage_healed":0,"gold_gain":0,"player_choice":"Ignored","damage_taken":0,"max_hp_gain":0,"max_hp_loss":0,"event_name":"Liars Game","floor":4,"gold_loss":0},{"damage_healed":0,"gold_gain":0,"player_choice":"Donut","damage_taken":0,"max_hp_gain":5,"max_hp_loss":0,"event_name":"Big Fish","floor":11,"gold_loss":0}],"is_beta":false,"boss_relics":[],"items_purged_floors":[],"is_endless":false,"potions_floor_spawned":[6,8,14],"killed_by":"Slime Boss","ascension_level":20}