{"gold_per_floor":[128,140,152,164,225,237,249,286,324,363,395,407,433,477,489,574,586,618,326,344,444,444,478,478,505,528,543,543,573,573,328,328,400,400,412,412,430,139,155,490,490,521,521,550,565,565,6,20,20,20,20,20,20,53,53],"floor_reached":56,"playtime":3098,"items_purged":["Strike_G","Poisoned Stab"],"score":2112,"play_id":"d7a81534-58d8-4419-98db-3bcc808e53ef","local_time":"20190321181841","is_ascension_mode":true,"campfire_choices":[{"data":"All Out Attack","floor":6,"key":"SMITH"},{"data":"A Thousand Cuts","floor":12,"key":"SMITH"},{"data":"Neutralize","floor":15,"key":"SMITH"},{"floor":24,"key":"REST"},{"floor":28,"key":"REST"},{"floor":30,"key":"RECALL"},{"floor":32,"key":"REST"},{"floor":41,"key":"REST"},{"floor":46,"key":"REST"},{"floor":49,"key":"REST"},{"floor":52,"key":"REST"}],"neow_cost":"NONE","seed_source_timestamp":714355637733698,"circlet_count":0,"master_deck":["AscendersBane","Defend_G","Defend_G","Defend_G","Defend_G","Defend_G","Survivor","Neutralize+1","All Out Attack+1","A Thousand Cuts+1","Deadly Poison","Dodge and Roll","Malaise","Acrobatics","After Image","Dash","Wraith Form v2","Bite","Bite","Bite","Bite","Bite","Well Laid Plans","Crippling Poison+1","Cloak And Dagger+1","Bullet Time+1","Panache","Madness+1","Acrobatics+1","Blur+1","Malaise+1","Noxious Fumes","Storm of Steel+1","Bullet Time+1","PiercingWail+1"],"relics":["Ring of the Snake","MawBank","Happy Flower","Strawberry","Vajra","Meat on the Bone","Fusion Hammer","Turnip","Toxic Egg 2","Pen Nib","Potion Belt","PreservedInsect","Bottled Flame","Snake Skull","Runic Pyramid","Paper Crane","Old Coin","Dodecahedron","Kunai","Calipers","DollysMirror","Ornamental Fan"],"potions_floor_usage":[8,10,16,21,21,21,23,23,25,50,50,54,55,55,55,55],"damage_taken":[{"damage":0,"enemies":"Cultist","floor":1,"turns":4},{"damage":21,"enemies":"Gremlin Nob","floor":8,"turns":4},{"damage":5,"enemies":"3 Sentries","floor":10,"turns":7},{"damage":7,"enemies":"Jaw Worm","floor":11,"turns":3},{"damage":0,"enemies":"Small Slimes","floor":13,"turns":3},{"damage":14,"enemies":"Lagavulin","floor":14,"turns":9},{"damage":10,"enemies":"The Guardian","floor":16,"turns":13},{"damage":13,"enemies":"Chosen","floor":18,"turns":8},{"damage":11,"enemies":"Spheric Guardian","floor":20,"turns":4},{"damage":26,"enemies":"Colosseum Slavers","floor":21,"turns":4},{"damage":7,"enemies":"Colosseum Nobs","floor":21,"turns":6},{"damage":25,"enemies":"Gremlin Leader","floor":23,"turns":8},{"damage":48,"enemies":"Slavers","floor":25,"turns":9},{"damage":8,"enemies":"3 Cultists","floor":27,"turns":5},{"damage":2,"enemies":"Gremlin Leader","floor":29,"turns":5},{"damage":65,"enemies":"Champ","floor":33,"turns":18},{"damage":8,"enemies":"3 Darklings","floor":35,"turns":4},{"damage":13,"enemies":"3 Shapes","floor":37,"turns":3},{"damage":0,"enemies":"Sphere and 2 Shapes","floor":39,"turns":8},{"damage":2,"enemies":"Giant Head","floor":40,"turns":8},{"damage":11,"enemies":"Reptomancer","floor":42,"turns":6},{"damage":0,"enemies":"Giant Head","floor":44,"turns":8},{"damage":0,"enemies":"4 Shapes","floor":45,"turns":3},{"damage":0,"enemies":"Writhing Mass","floor":48,"turns":6},{"damage":80,"enemies":"Donu and Deca","floor":50,"turns":13},{"damage":29,"enemies":"Shield and Spear","floor":54,"turns":8},{"damage":85,"enemies":"The Heart","floor":55,"turns":14}],"seed_played":"7694870461525582046","potions_obtained":[{"floor":1,"key":"FearPotion"},{"floor":7,"key":"SkillPotion"},{"floor":8,"key":"Weak Potion"},{"floor":11,"key":"Fire Potion"},{"floor":20,"key":"EntropicBrew"},{"floor":21,"key":"FearPotion"},{"floor":23,"key":"FearPotion"},{"floor":27,"key":"EntropicBrew"},{"floor":37,"key":"Block Potion"},{"floor":39,"key":"PowerPotion"},{"floor":40,"key":"Fire Potion"},{"floor":54,"key":"Fire Potion"}],"is_trial":false,"path_per_floor":["M","?","?","$","T","R","?","E","T","E","M","R","M","E","R","B",null,"M","$","M","?","?","E","R","E","T","M","R","E","R","$","R","B",null,"M","?","M","$","M","E","R","E","T","E","M","R","$","M","R","B",null,"R","$","E","B",null],"character_chosen":"THE_SILENT","items_purchased":["After Image","Dash","Snake Skull","Paper Crane","Acrobatics+1","Calipers","DollysMirror","GhostInAJar"],"campfire_rested":7,"item_purchase_floors":[19,19,31,38,38,47,47,47],"current_hp_per_floor":[59,64,64,64,64,64,64,50,50,47,42,42,44,32,32,36,68,57,57,48,43,43,50,73,51,51,53,76,78,78,78,78,46,70,70,60,53,53,67,78,78,78,78,78,78,78,78,78,78,28,66,78,78,60,37],"gold":53,"neow_bonus":"RANDOM_COMMON_RELIC","is_prod":false,"is_daily":false,"chose_seed":false,"campfire_upgraded":3,"win_rate":0,"timestamp":1553206721,"path_taken":["M","?","?","?","?","R","?","E","T","E","?","R","M","E","R","BOSS","M","$","M","?","?","E","R","E","T","M","R","E","R","$","R","BOSS","M","?","M","$","M","E","R","E","T","E","M","R","$","M","R","BOSS","R","$","E","BOSS"],"build_version":"2019-03-15","purchased_purges":2,"victory":true,"max_hp_per_floor":[66,71,71,71,71,71,71,78,78,78,78,78,78,78,78,78,78,78,78,78,78,78,78,78,78,78,78,78,78,78,78,78,78,78,78,78,78,78,78,78,78,78,78,78,78,78,78,78,78,78,78,78,78,78,78],"card_choices":[{"not_picked":["Accuracy","Tactician"],"picked":"All Out Attack","floor":1},{"not_picked":["Dagger Spray","Outmaneuver"],"picked":"Poisoned Stab","floor":8},{"not_picked":["Dagger Spray","Backflip"],"picked":"A Thousand Cuts","floor":10},{"not_picked":["Flying Knee","Caltrops"],"picked":"Deadly Poison","floor":11},{"not_picked":["Distraction","Accuracy"],"picked":"Dodge and Roll","floor":13},{"not_picked":["Dagger Spray","Riddle With Holes","Expertise"],"picked":"SKIP","floor":14},{"not_picked":["Tools of the Trade","Phantasmal Killer"],"picked":"Malaise","floor":16},{"not_picked":["Heel Hook","Deflect"],"picked":"Acrobatics","floor":18},{"not_picked":["Blade Dance","Quick Slash","Bane"],"picked":"SKIP","floor":20},{"not_picked":["Bane","Backstab"],"picked":"Wraith Form v2","floor":21},{"not_picked":["Wraith Form v2","Bouncing Flask+1"],"picked":"Well Laid Plans","floor":23},{"not_picked":["Backflip+1","Expertise+1"],"picked":"Crippling Poison+1","floor":25},{"not_picked":["Quick Slash","Concentrate+1"],"picked":"Cloak And Dagger+1","floor":27},{"not_picked":["Dash+1","Well Laid Plans","Quick Slash"],"picked":"SKIP","floor":29},{"not_picked":["Phantasmal Killer+1","Tools of the Trade"],"picked":"Bullet Time+1","floor":33},{"not_picked":["Underhanded Strike","Outmaneuver+1","Quick Slash"],"picked":"SKIP","floor":35},{"not_picked":["Discovery+1","Impatience+1"],"picked":"Panache","floor":36},{"not_picked":["Enlightenment+1","Impatience+1"],"picked":"Madness+1","floor":36},{"not_picked":["Slice","Tactician+1","Eviscerate"],"picked":"SKIP","floor":37},{"not_picked":["Acrobatics+1","Backstab"],"picked":"Blur+1","floor":39},{"not_picked":["Adrenaline+1","Distraction+1"],"picked":"Malaise+1","floor":40},{"not_picked":["Outmaneuver+1","Blade Dance+1"],"picked":"Noxious Fumes","floor":42},{"not_picked":["Poisoned Stab+1","Blade Dance+1"],"picked":"Storm of Steel+1","floor":44},{"not_picked":["Poisoned Stab+1","Bane","Dash"],"picked":"SKIP","floor":45},{"not_picked":["Blade Dance+1","Finisher+1","Skewer"],"picked":"SKIP","floor":48},{"not_picked":["Dagger Spray","Bullet Time+1"],"picked":"PiercingWail+1","floor":54}],"player_experience":2247488,"relics_obtained":[{"floor":5,"key":"Happy Flower"},{"floor":8,"key":"Strawberry"},{"floor":9,"key":"Blood Vial"},{"floor":10,"key":"Vajra"},{"floor":14,"key":"Meat on the Bone"},{"floor":21,"key":"Turnip"},{"floor":21,"key":"Toxic Egg 2"},{"floor":23,"key":"Pen Nib"},{"floor":25,"key":"Potion Belt"},{"floor":26,"key":"PreservedInsect"},{"floor":29,"key":"Bottled Flame"},{"floor":40,"key":"Old Coin"},{"floor":42,"key":"Dodecahedron"},{"floor":44,"key":"Kunai"},{"floor":54,"key":"Ornamental Fan"}],"event_choices":[{"damage_healed":0,"gold_gain":0,"player_choice":"Donut","damage_taken":0,"max_hp_gain":5,"max_hp_loss":0,"event_name":"Big Fish","floor":2,"gold_loss":0},{"damage_healed":0,"gold_gain":0,"player_choice":"Ignored","damage_taken":0,"max_hp_gain":0,"max_hp_loss":0,"event_name":"Liars Game","floor":3,"gold_loss":0},{"damage_healed":0,"gold_gain":0,"player_choice":"Got Potions","damage_taken":0,"max_hp_gain":0,"max_hp_loss":0,"event_name":"Lab","floor":7,"gold_loss":0},{"damage_healed":0,"gold_gain":0,"player_choice":"Fight","damage_taken":0,"max_hp_gain":0,"max_hp_loss":0,"event_name":"Colosseum","floor":21,"gold_loss":0},{"damage_healed":0,"gold_gain":0,"player_choice":"Fought Nobs","damage_taken":0,"max_hp_gain":0,"max_hp_loss":0,"event_name":"Colosseum","floor":21,"gold_loss":0},{"damage_healed":0,"gold_gain":0,"player_choice":"Became a vampire (Vial)","damage_taken":0,"max_hp_gain":0,"max_hp_loss":0,"event_name":"Vampires","floor":22,"relics_lost":["Blood Vial"],"gold_loss":0,"cards_obtained":["Bite","Bite","Bite","Bite","Bite"]},{"damage_healed":0,"gold_gain":0,"player_choice":"Memory 3","damage_taken":10,"max_hp_gain":0,"max_hp_loss":0,"event_name":"SensoryStone","floor":36,"gold_loss":0}],"is_beta":true,"boss_relics":[{"not_picked":["Busted Crown","Runic Dome"],"picked":"Fusion Hammer"},{"not_picked":["Coffee Dripper","Ring of the Serpent"],"picked":"Runic Pyramid"}],"items_purged_floors":[19,31],"is_endless":false,"potions_floor_spawned":[1,8,11,20,21,23,27,37,39,40,48,54],"ascension_level":15}