{"path_per_floor":["M","?","M","?","M","R","E","R","T","$","M","M","M","$","R","B",null,"M","?","M","?","M","?"],"character_chosen":"DEFECT","items_purchased":["Cables"],"gold_per_floor":[116,116,135,210,227,227,254,254,254,15,32,50,66,66,66,170,170,190,190,210,210,223,223,223],"floor_reached":24,"campfire_rested":1,"playtime":713,"current_hp_per_floor":[66,59,59,48,34,34,5,27,27,27,23,15,18,18,18,5,58,60,60,44,44,5,5,0],"items_purged":[],"gold":223,"score":277,"play_id":"1d82dcd8-e22a-4f56-8af6-d8b05d32e6f4","local_time":"20180501180044","is_prod":false,"is_daily":false,"chose_seed":false,"is_ascension_mode":true,"campfire_upgraded":2,"timestamp":1525222844,"path_taken":["M","?","M","?","M","R","E","R","T","$","M","M","?","?","R","BOSS","M","?","M","?","M","?","?"],"build_version":"2018-05-01","seed_source_timestamp":92190810217233,"purchased_purges":0,"victory":false,"master_deck":["Strike_B+1","Strike_B+1","Defend_B+1","Defend_B+1","Defend_B+1","Defend_B+1","Zap+1","Dualcast","Impulse","Leap","White Noise+1","Streamline","Ball Lightning","Hologram","Ball Lightning","Coolheaded","Thunder Strike","Storm","Hologram+1","Go for the Eyes"],"max_hp_per_floor":[75,75,75,75,75,75,75,75,75,75,75,75,75,75,75,75,75,75,75,75,75,75,75,75],"relics":["Cracked Core","Pantograph","Bottled Lightning","Cables","Philosopher\u0027s Stone"],"card_choices":[{"not_picked":["Cold Snap","Impulse"],"picked":"Leap","floor":1},{"not_picked":["Flux Capacitor","Barrage"],"picked":"White Noise","floor":3},{"not_picked":["Axe Kick","Doom and Gloom"],"picked":"Streamline","floor":5},{"not_picked":["Darkness","Heatsinks"],"picked":"Ball Lightning","floor":7},{"not_picked":["Conserve Battery","Axe Kick"],"picked":"Hologram","floor":11},{"not_picked":["Beam Cell","Barrage"],"picked":"Ball Lightning","floor":12},{"not_picked":["Sweeping Beam","Hologram"],"picked":"Coolheaded","floor":13},{"not_picked":["Nova","All For One"],"picked":"Thunder Strike","floor":16},{"not_picked":["Beam Cell","Turbo"],"picked":"Storm","floor":18},{"not_picked":["Go for the Eyes","Coolheaded"],"picked":"Hologram","floor":20},{"not_picked":["Impulse","Undo"],"picked":"Go for the Eyes","floor":22}],"player_experience":563937,"potions_floor_usage":[16,16,18,22],"damage_taken":[{"damage":2,"enemies":"Jaw Worm","floor":1,"turns":4},{"damage":0,"enemies":"2 Louse","floor":3,"turns":3},{"damage":14,"enemies":"Small Slimes","floor":5,"turns":3},{"damage":29,"enemies":"Lagavulin","floor":7,"turns":7},{"damage":4,"enemies":"Blue Slaver","floor":11,"turns":4},{"damage":8,"enemies":"Looter","floor":12,"turns":3},{"damage":4,"enemies":"Large Slime","floor":13,"turns":5},{"damage":38,"enemies":"Slime Boss","floor":16,"turns":10},{"damage":5,"enemies":"Chosen","floor":18,"turns":5},{"damage":16,"enemies":"Shell Parasite","floor":20,"turns":5},{"damage":39,"enemies":"3 Cultists","floor":22,"turns":6},{"damage":13,"enemies":"Slaver and Parasite","floor":24,"turns":1}],"event_choices":[{"event_name":"Golden Wing","player_choice":"Card Removal","floor":2,"damage_taken":0},{"event_name":"World of Goop","player_choice":"Gather Gold","floor":4,"damage_taken":0},{"event_name":"Drug Dealer","player_choice":"Ignored","floor":19,"damage_taken":0},{"event_name":"Back to Basics","player_choice":"Simplicity","floor":21,"damage_taken":0},{"event_name":"The Mausoleum","player_choice":"No","floor":23,"damage_taken":0}],"boss_relics":[{"not_picked":["Runic Pyramid","Lizard Tail"],"picked":"Philosopher\u0027s Stone"}],"potions_floor_spawned":[11,12,13,16,20,22],"seed_played":"-3148966754259812950","killed_by":"Slaver and Parasite","ascension_level":8,"is_trial":false}