{"path_per_floor":["M","?","M","$","M","E","R","E","T","R","M","R","$","M","R","B",null,"M","?","?","M","M","R","M","T","T","R","?","R","M","M","R"],"character_chosen":"DEFECT","items_purchased":["Coolheaded"],"gold_per_floor":[109,109,120,45,59,93,93,121,121,121,137,137,11,26,26,125,125,137,137,137,155,170,170,181,181,204,204,129,129,147,164,164,164],"floor_reached":33,"campfire_rested":4,"playtime":1320,"item_purchase_floors":[13],"current_hp_per_floor":[68,56,55,55,46,15,37,17,17,17,4,26,26,21,21,18,65,52,52,37,24,10,35,42,42,42,42,42,42,45,43,68,0],"items_purged":["Multi-Cast","Strike_B"],"gold":164,"score":386,"play_id":"62191c33-9386-475b-b90c-c4ee9a12b528","local_time":"20180608192013","is_prod":false,"is_daily":false,"chose_seed":false,"is_ascension_mode":true,"campfire_upgraded":4,"win_rate":0,"timestamp":1528510813,"campfire_choices":[{"floor":7,"key":"REST"},{"data":"Zap","floor":10,"key":"SMITH"},{"floor":12,"key":"REST"},{"data":"Defragment","floor":15,"key":"SMITH"},{"floor":23,"key":"REST"},{"data":"White Noise","floor":27,"key":"SMITH"},{"data":"Seek","floor":29,"key":"SMITH"},{"floor":32,"key":"REST"}],"path_taken":["M","?","M","$","M","E","R","E","T","R","M","R","$","M","R","BOSS","M","?","?","M","M","R","M","?","T","R","?","R","M","M","R","BOSS"],"build_version":"2018-06-07v2","seed_source_timestamp":17018181574157,"purchased_purges":2,"victory":false,"master_deck":["Strike_B","Strike_B","Defend_B","Defend_B","Defend_B","Defend_B","Zap+1","Dualcast","AscendersBane","Streamline","Defragment+1","Echo Form","Reboot","Stack","Coolheaded","Stack","Seek+1","Cold Snap","Self Repair","White Noise+1","Go for the Eyes"],"max_hp_per_floor":[75,75,75,75,75,75,75,75,75,75,75,75,75,75,75,80,80,80,80,85,85,85,85,85,85,85,85,85,85,85,85,85,85],"relics":["Cracked Core","Symbiotic Virus","Mercury Hourglass","Turnip","Centennial Puzzle","Sozu","Bronze Scales","Potion Belt"],"card_choices":[{"not_picked":["Sweeping Beam","Steam"],"picked":"Streamline","floor":1},{"not_picked":["Chaos","Gash"],"picked":"Defragment","floor":3},{"not_picked":["Rebound","Ball Lightning"],"picked":"Echo Form","floor":5},{"not_picked":["Reprogram","Ball Lightning"],"picked":"Reboot","floor":6},{"not_picked":["Conserve Battery","Barrage"],"picked":"Stack","floor":8},{"not_picked":["Barrage","Compile Driver","Streamline"],"picked":"SKIP","floor":11},{"not_picked":["Sweeping Beam","Turbo"],"picked":"Stack","floor":14},{"not_picked":["Meteor Strike","Rainbow"],"picked":"Seek","floor":16},{"not_picked":["Rebound","Doom and Gloom"],"picked":"Cold Snap","floor":18},{"not_picked":["Stack","Steam Power+1","Force Field+1"],"picked":"SKIP","floor":21},{"not_picked":["Steam Power","FTL"],"picked":"Self Repair","floor":22},{"not_picked":["Ball Lightning","Darkness+1"],"picked":"White Noise","floor":24},{"not_picked":["Lockon+1","Darkness","Tempest"],"picked":"SKIP","floor":30},{"not_picked":["Doom and Gloom","Rebound"],"picked":"Go for the Eyes","floor":31}],"player_experience":624436,"potions_floor_usage":[16,16],"damage_taken":[{"damage":0,"enemies":"Small Slimes","floor":1,"turns":3},{"damage":1,"enemies":"Cultist","floor":3,"turns":3},{"damage":9,"enemies":"Jaw Worm","floor":5,"turns":4},{"damage":31,"enemies":"3 Sentries","floor":6,"turns":5},{"damage":20,"enemies":"Lagavulin","floor":8,"turns":5},{"damage":13,"enemies":"Exordium Wildlife","floor":11,"turns":3},{"damage":5,"enemies":"3 Louse","floor":14,"turns":2},{"damage":8,"enemies":"Hexaghost","floor":16,"turns":10},{"damage":13,"enemies":"Shell Parasite","floor":18,"turns":4},{"damage":13,"enemies":"2 Thieves","floor":21,"turns":4},{"damage":14,"enemies":"Chosen and Byrds","floor":22,"turns":5},{"damage":0,"enemies":"3 Cultists","floor":24,"turns":5},{"damage":4,"enemies":"Centurion and Healer","floor":30,"turns":5},{"damage":9,"enemies":"Snecko","floor":31,"turns":4},{"damage":72,"enemies":"Champ","floor":33,"turns":13}],"relics_obtained":[{"floor":6,"key":"Mercury Hourglass"},{"floor":8,"key":"Turnip"},{"floor":9,"key":"Centennial Puzzle"},{"floor":25,"key":"Bronze Scales"},{"floor":26,"key":"Potion Belt"}],"event_choices":[{"event_name":"Scrap Ooze","player_choice":"success","floor":2,"damage_taken":12},{"event_name":"Vampires","player_choice":"Ignored","floor":19,"damage_taken":0},{"event_name":"Forgotten Altar","player_choice":"Shed Blood","floor":20,"damage_taken":0},{"event_name":"Beggar","player_choice":"Gave Gold","floor":28,"damage_taken":0}],"boss_relics":[{"not_picked":["Black Star","Busted Crown"],"picked":"Sozu"}],"items_purged_floors":[4,13],"potions_floor_spawned":[5,8,11,14,16,24],"seed_played":"1846934397202282286","killed_by":"Champ","ascension_level":10,"potions_obtained":[{"floor":5,"key":"Energy Potion"},{"floor":8,"key":"FearPotion"},{"floor":11,"key":"Fruit Juice"},{"floor":14,"key":"PowerPotion"},{"floor":16,"key":"LiquidBronze"}],"is_trial":false}