{"gold_per_floor":[115,135,150,33,49,49,124,124,124,124,124,174,174],"floor_reached":13,"playtime":157,"items_purged":[],"score":146,"play_id":"d5af6dea-7f2e-444f-a294-f6e3a91431ad","local_time":"20190215201303","is_ascension_mode":true,"campfire_choices":[{"data":"Havoc","floor":6,"key":"SMITH"},{"data":"True Grit","floor":8,"key":"SMITH"},{"data":"Metallicize","floor":11,"key":"SMITH"}],"neow_cost":"PERCENT_DAMAGE","seed_source_timestamp":34985251694145,"circlet_count":0,"master_deck":["AscendersBane","Strike_R","Strike_R","Strike_R","Strike_R","Defend_R","Defend_R","Defend_R","Defend_R","Bash","Impervious","Havoc+1","True Grit+1","Twin Strike","Metallicize+1","Ghostly Armor","Shrug It Off"],"relics":["Burning Blood","Mummified Hand"],"potions_floor_usage":[],"damage_taken":[{"damage":9,"enemies":"Small Slimes","floor":1,"turns":4},{"damage":9,"enemies":"2 Louse","floor":2,"turns":3},{"damage":1,"enemies":"Cultist","floor":3,"turns":4},{"damage":12,"enemies":"Looter","floor":5,"turns":3},{"damage":27,"enemies":"Exordium Wildlife","floor":13,"turns":3}],"seed_played":"1470105122124971746","potions_obtained":[{"floor":1,"key":"Block Potion"}],"is_trial":false,"path_per_floor":["M","M","M","$","M","R","?","R","T","?","R","?","M"],"character_chosen":"IRONCLAD","items_purchased":["Metallicize","Ghostly Armor"],"campfire_rested":0,"item_purchase_floors":[4,4],"current_hp_per_floor":[47,44,49,49,43,43,32,32,32,25,25,25,0],"gold":174,"neow_bonus":"THREE_RARE_CARDS","is_prod":false,"is_daily":false,"chose_seed":false,"campfire_upgraded":3,"win_rate":0,"timestamp":1550286783,"path_taken":["M","M","M","$","M","R","?","R","T","?","R","?","?"],"build_version":"2019-02-06","purchased_purges":0,"victory":false,"max_hp_per_floor":[75,75,75,75,75,75,75,75,75,75,75,75,75],"card_choices":[{"not_picked":["Brutality","Barricade"],"picked":"Impervious","floor":0},{"not_picked":["Bloodletting","Sever Soul"],"picked":"Havoc","floor":1},{"not_picked":["Searing Blow","Entrench"],"picked":"True Grit","floor":2},{"not_picked":["Body Slam","Thunderclap"],"picked":"Twin Strike","floor":3},{"not_picked":["Headbutt","Havoc"],"picked":"Shrug It Off","floor":5}],"player_experience":1094464,"relics_obtained":[{"floor":9,"key":"Mummified Hand"}],"event_choices":[{"damage_healed":0,"gold_gain":75,"player_choice":"Gather Gold","damage_taken":11,"max_hp_gain":0,"max_hp_loss":0,"event_name":"World of Goop","floor":7,"gold_loss":0},{"cards_removed":["Strike_R"],"damage_healed":0,"gold_gain":0,"player_choice":"Card Removal","damage_taken":7,"max_hp_gain":0,"max_hp_loss":0,"event_name":"Golden Wing","floor":10,"gold_loss":0},{"damage_healed":0,"gold_gain":50,"player_choice":"Pray","damage_taken":0,"max_hp_gain":0,"max_hp_loss":0,"event_name":"Golden Shrine","floor":12,"gold_loss":0}],"is_beta":true,"boss_relics":[],"items_purged_floors":[],"is_endless":false,"potions_floor_spawned":[1],"killed_by":"Exordium Wildlife","ascension_level":20}