{"gold_per_floor":[11,11,11,11,27,27,38,38,38,57,57,68,68,68],"floor_reached":14,"playtime":236,"items_purged":[],"score":140,"play_id":"e1e98e3f-ad23-4d86-94ad-62c28fdf284b","local_time":"20180803104744","is_ascension_mode":true,"campfire_choices":[{"data":"Bash","floor":6,"key":"SMITH"},{"data":"Spot Weakness","floor":8,"key":"SMITH"},{"data":"Warcry","floor":13,"key":"SMITH"}],"neow_cost":"NO_GOLD","seed_source_timestamp":92854769505198,"circlet_count":0,"master_deck":["Strike_R","Strike_R","Strike_R+1","Strike_R+1","Strike_R","Defend_R","Defend_R","Defend_R","Defend_R","Bash+1","AscendersBane","Twin Strike","Warcry+1","Spot Weakness+1","Headbutt","Shrug It Off"],"relics":["Burning Blood","Torii","Strawberry","Self Forming Clay"],"potions_floor_usage":[10],"damage_taken":[{"damage":2,"enemies":"Jaw Worm","floor":1,"turns":5},{"damage":7,"enemies":"2 Louse","floor":5,"turns":2},{"damage":0,"enemies":"Cultist","floor":7,"turns":3},{"damage":43,"enemies":"Gremlin Gang","floor":10,"turns":5},{"damage":7,"enemies":"Looter","floor":12,"turns":3},{"damage":28,"enemies":"Large Slime","floor":14,"turns":5}],"seed_played":"775855759189408722","potions_obtained":[{"floor":1,"key":"SkillPotion"}],"is_trial":false,"path_per_floor":["M","?","?","?","M","R","M","R","T","M","T","M","R"],"character_chosen":"IRONCLAD","items_purchased":[],"campfire_rested":0,"item_purchase_floors":[],"current_hp_per_floor":[72,49,49,49,48,48,54,54,61,24,24,23,23,0],"gold":68,"neow_bonus":"ONE_RARE_RELIC","is_prod":false,"is_daily":false,"chose_seed":false,"campfire_upgraded":3,"win_rate":0,"timestamp":1533318464,"path_taken":["M","?","?","?","M","R","M","R","T","M","?","M","R","M"],"build_version":"2018-08-01","purchased_purges":0,"victory":false,"max_hp_per_floor":[75,75,75,75,75,75,75,75,82,82,82,82,82,82],"card_choices":[{"not_picked":["Searing Blow","Anger"],"picked":"Twin Strike","floor":1},{"not_picked":["Anger","Twin Strike"],"picked":"Spot Weakness","floor":5},{"not_picked":["Cleave","Clash","Dropkick"],"picked":"SKIP","floor":7},{"not_picked":["Twin Strike","Wild Strike"],"picked":"Headbutt","floor":10},{"not_picked":["True Grit","Body Slam"],"picked":"Shrug It Off","floor":12}],"player_experience":834132,"relics_obtained":[{"floor":9,"key":"Strawberry"},{"floor":11,"key":"Self Forming Clay"}],"event_choices":[{"event_name":"Shining Light","player_choice":"Entered Light","floor":2,"damage_taken":0},{"event_name":"Match and Keep!","player_choice":"1 cards matched","floor":3,"damage_taken":0},{"event_name":"Liars Game","player_choice":"disagreed","floor":4,"damage_taken":0}],"is_beta":true,"boss_relics":[],"items_purged_floors":[],"is_endless":false,"potions_floor_spawned":[1],"killed_by":"Large Slime","ascension_level":15}