{"gold_per_floor":[118,135,145,162,162,194,213,238,238,238,263,273,303,0,0,72,72,88,106,106],"floor_reached":20,"playtime":1431,"items_purged":[],"score":478,"play_id":"24974dee-7019-4741-b287-d7666ac5a0b5","local_time":"20190323171832","is_ascension_mode":true,"campfire_choices":[{"data":"Seek","floor":10,"key":"SMITH"},{"data":"Amplify","floor":15,"key":"SMITH"}],"neow_cost":"NONE","seed_source_timestamp":574207518308322,"circlet_count":0,"master_deck":["AscendersBane","Strike_B","Strike_B","Strike_B","Strike_B","Defend_B","Defend_B","Defend_B","Defend_B","Zap+1","Dualcast","Ball Lightning","Self Repair","Chill","Chill","Consume","Seek+1","Machine Learning","Steam","Amplify+1","Loop","Leap","Creative AI","Rebound+1"],"relics":["Cracked Core","DataDisk","Boot","Bottled Lightning","Emotion Chip","Symbiotic Virus","ClockworkSouvenir","Snecko Eye"],"potions_floor_usage":[8,12,13,18],"damage_taken":[{"damage":1,"enemies":"Cultist","floor":1,"turns":4},{"damage":0,"enemies":"Small Slimes","floor":2,"turns":3},{"damage":2,"enemies":"2 Louse","floor":3,"turns":2},{"damage":11,"enemies":"Blue Slaver","floor":4,"turns":3},{"damage":28,"enemies":"Gremlin Nob","floor":6,"turns":5},{"damage":1,"enemies":"2 Fungi Beasts","floor":7,"turns":3},{"damage":10,"enemies":"Lagavulin","floor":8,"turns":7},{"damage":0,"enemies":"3 Sentries","floor":11,"turns":9},{"damage":0,"enemies":"Large Slime","floor":12,"turns":5},{"damage":2,"enemies":"Gremlin Nob","floor":13,"turns":3},{"damage":0,"enemies":"The Guardian","floor":16,"turns":9},{"damage":10,"enemies":"Shell Parasite","floor":18,"turns":5},{"damage":2,"enemies":"Chosen","floor":19,"turns":4},{"damage":33,"enemies":"Shelled Parasite and Fungi","floor":20,"turns":7}],"seed_played":"-3126243347431482535","potions_obtained":[{"floor":1,"key":"Dexterity Potion"},{"floor":7,"key":"AttackPotion"},{"floor":8,"key":"Poison Potion"},{"floor":12,"key":"Explosive Potion"},{"floor":13,"key":"Energy Potion"},{"floor":19,"key":"SteroidPotion"}],"is_trial":false,"path_per_floor":["M","M","M","M","?","E","M","E","T","R","E","M","E","$","R","B",null,"M","M","M"],"character_chosen":"DEFECT","items_purchased":["ClockworkSouvenir","Loop","Leap"],"campfire_rested":0,"item_purchase_floors":[14,14,14],"current_hp_per_floor":[63,63,61,57,57,36,42,39,39,39,46,53,58,58,58,71,71,68,71,38],"gold":106,"neow_bonus":"UPGRADE_CARD","is_prod":false,"is_daily":false,"chose_seed":false,"campfire_upgraded":2,"win_rate":0,"timestamp":1553375912,"path_taken":["M","M","M","?","?","E","M","E","T","R","E","M","E","$","R","BOSS","M","M","M"],"build_version":"2019-01-23","purchased_purges":0,"victory":false,"max_hp_per_floor":[71,71,71,71,71,71,71,71,71,71,71,71,71,71,71,71,71,71,71,71],"card_choices":[{"not_picked":["Blizzard","Beam Cell","Redo"],"picked":"SKIP","floor":1},{"not_picked":["Streamline","Consume"],"picked":"Ball Lightning","floor":2},{"not_picked":["Rebound","Hologram"],"picked":"Self Repair","floor":3},{"not_picked":["Gash","Aggregate"],"picked":"Chill","floor":4},{"not_picked":["Static Discharge","Steam"],"picked":"Chill","floor":6},{"not_picked":["Turbo","Force Field"],"picked":"Consume","floor":7},{"not_picked":["Sweeping Beam","Steam"],"picked":"Seek","floor":8},{"not_picked":["Genetic Algorithm","Beam Cell"],"picked":"Machine Learning","floor":11},{"not_picked":["Sweeping Beam","Gash"],"picked":"Steam","floor":12},{"not_picked":["Chill","Steam"],"picked":"Amplify","floor":13},{"not_picked":["All For One","Reboot"],"picked":"Creative AI","floor":16},{"not_picked":["Steam","Leap"],"picked":"Rebound+1","floor":18},{"not_picked":["Coolheaded","Reprogram","Steam Power"],"picked":"SKIP","floor":19}],"player_experience":1370538,"relics_obtained":[{"floor":6,"key":"DataDisk"},{"floor":8,"key":"Boot"},{"floor":9,"key":"Bottled Lightning"},{"floor":11,"key":"Emotion Chip"},{"floor":13,"key":"Symbiotic Virus"}],"event_choices":[{"damage_healed":0,"gold_gain":0,"player_choice":"Ignored","damage_taken":0,"max_hp_gain":0,"max_hp_loss":0,"event_name":"Liars Game","floor":5,"gold_loss":0}],"is_beta":false,"boss_relics":[{"not_picked":["Velvet Choker","Eternal Feather"],"picked":"Snecko Eye"}],"items_purged_floors":[],"is_endless":false,"potions_floor_spawned":[1,7,8,12,13,16,19],"killed_by":"Shelled Parasite and Fungi","ascension_level":14}