{"path_per_floor":["M","M","?","M","M","R","?","E","T","M","M","R","?","$","R","B",null,"M","?","?","?","$"],"character_chosen":"DEFECT","items_purchased":["Gash","Capacitor","PowerPotion"],"gold_per_floor":[20,40,40,51,68,68,68,93,93,105,118,118,118,71,71,168,168,186,186,186,101,15,15],"floor_reached":23,"campfire_rested":0,"playtime":908,"item_purchase_floors":[14,22,22],"current_hp_per_floor":[69,61,58,58,58,58,63,58,58,58,51,51,44,44,44,11,80,57,57,57,57,57,0],"items_purged":[],"gold":15,"score":189,"play_id":"edf573e3-7343-4820-8a41-ca5e547303f2","local_time":"20180609171707","is_prod":false,"is_daily":false,"chose_seed":false,"is_ascension_mode":false,"campfire_upgraded":3,"win_rate":0,"timestamp":1528579027,"campfire_choices":[{"data":"Consume","floor":6,"key":"SMITH"},{"data":"Amplify","floor":12,"key":"SMITH"},{"data":"Gash","floor":15,"key":"SMITH"}],"path_taken":["M","M","?","M","M","R","?","E","T","?","M","R","?","?","R","BOSS","M","?","?","?","$","E"],"build_version":"2018-06-07v3","seed_source_timestamp":289387895039964,"purchased_purges":0,"victory":false,"master_deck":["Strike_B","Strike_B","Strike_B","Strike_B","Defend_B","Defend_B","Defend_B","Zap","Dualcast","Ball Lightning","Gash","Sweeping Beam","Cold Snap","Tempest","Amplify+1","Gash+1","Rainbow","Gash","Consume","RitualDagger","Capacitor"],"max_hp_per_floor":[75,75,75,75,75,75,80,80,80,80,80,80,80,80,80,80,80,80,80,80,80,80,80],"relics":["Cracked Core","Dead Branch","Regal Pillow","Gambling Chip","Pantograph","Cursed Key","Vajra"],"card_choices":[{"not_picked":["Coolheaded","Stack"],"picked":"Ball Lightning","floor":1},{"not_picked":["Leap","Conserve Battery"],"picked":"Gash","floor":2},{"not_picked":["Turbo","Ball Lightning"],"picked":"Sweeping Beam","floor":4},{"not_picked":["Chill","Buffer"],"picked":"Consume","floor":5},{"not_picked":["Conserve Battery","Barrage"],"picked":"Cold Snap","floor":8},{"not_picked":["Leap","Steam"],"picked":"Tempest","floor":10},{"not_picked":["FTL","Coolheaded"],"picked":"Amplify","floor":11},{"not_picked":["Meteor Strike","Multi-Cast"],"picked":"Rainbow","floor":16},{"not_picked":["Streamline","Stack+1"],"picked":"Gash","floor":18}],"player_experience":930102,"potions_floor_usage":[16,16,16,23],"damage_taken":[{"damage":6,"enemies":"Cultist","floor":1,"turns":3},{"damage":8,"enemies":"Jaw Worm","floor":2,"turns":3},{"damage":0,"enemies":"Small Slimes","floor":4,"turns":3},{"damage":0,"enemies":"Looter","floor":5,"turns":3},{"damage":5,"enemies":"Gremlin Nob","floor":8,"turns":3},{"damage":0,"enemies":"Exordium Wildlife","floor":10,"turns":2},{"damage":7,"enemies":"Blue Slaver","floor":11,"turns":3},{"damage":58,"enemies":"Hexaghost","floor":16,"turns":9},{"damage":23,"enemies":"3 Byrds","floor":18,"turns":3},{"damage":57,"enemies":"Book of Stabbing","floor":23,"turns":5}],"relics_obtained":[{"floor":8,"key":"Gambling Chip"},{"floor":9,"key":"Pantograph"}],"event_choices":[{"event_name":"Scrap Ooze","player_choice":"success","floor":3,"damage_taken":3},{"event_name":"Big Fish","player_choice":"Donut","floor":7,"damage_taken":0},{"event_name":"Golden Wing","player_choice":"Card Removal","floor":13,"damage_taken":0},{"event_name":"Ghosts","player_choice":"Ignored","floor":19,"damage_taken":0},{"event_name":"Nest","player_choice":"Joined the Cult","floor":20,"damage_taken":0},{"event_name":"Addict","player_choice":"Obtained Relic","floor":21,"damage_taken":0}],"boss_relics":[{"not_picked":["White Beast Statue","Philosopher\u0027s Stone"],"picked":"Cursed Key"}],"items_purged_floors":[],"potions_floor_spawned":[2,5,8,10],"seed_played":"-3942031953245509964","killed_by":"Book of Stabbing","ascension_level":0,"potions_obtained":[{"floor":2,"key":"Fire Potion"},{"floor":5,"key":"EntropicBrew"},{"floor":8,"key":"GamblersBrew"},{"floor":10,"key":"Fire Potion"}],"is_trial":false}