{"gold_per_floor":[115,115,115,131,131,131,163,163,163,192,206,22,35,82,82,158,158,173,192,192,208,222,222,248,248,296,296,296,306,318,233,233,233],"floor_reached":33,"playtime":928,"items_purged":[],"score":525,"play_id":"7c6e47a6-bd0c-4e91-81d3-0c1653e5d3e8","local_time":"20180803101856","is_ascension_mode":true,"campfire_choices":[{"data":"Bash","floor":6,"key":"SMITH"},{"data":"Warcry","floor":8,"key":"SMITH"},{"data":"Rage","floor":15,"key":"SMITH"},{"data":"True Grit","floor":23,"key":"SMITH"},{"data":"Clothesline","floor":25,"key":"SMITH"},{"data":"Double Tap","floor":28,"key":"SMITH"},{"data":"Iron Wave","floor":32,"key":"SMITH"}],"neow_cost":"NONE","seed_source_timestamp":90433963858134,"circlet_count":0,"master_deck":["Strike_R+1","Strike_R+1","Strike_R+1","Strike_R+1","Defend_R+1","Defend_R+1","Defend_R+1","Defend_R+1","Bash+1","AscendersBane","Sword Boomerang","Warcry+1","Shrug It Off+1","Disarm+1","Pommel Strike","True Grit+1","Clothesline+1","Rage+1","Double Tap+1","Shrug It Off","Ghostly Armor","True Grit+1","Iron Wave+1"],"relics":["Burning Blood","NeowsBlessing","Ancient Tea Set","Kunai","Du-Vu Doll","Potion Belt","Bag of Marbles","Velvet Choker","Toxic Egg 2","Pen Nib","Blue Candle","War Paint"],"potions_floor_usage":[10,16,16,16,21,33,33],"damage_taken":[{"damage":0,"enemies":"Jaw Worm","floor":1,"turns":1},{"damage":0,"enemies":"Small Slimes","floor":4,"turns":1},{"damage":0,"enemies":"Lagavulin","floor":7,"turns":1},{"damage":21,"enemies":"3 Sentries","floor":10,"turns":7},{"damage":0,"enemies":"Cultist","floor":11,"turns":2},{"damage":8,"enemies":"3 Louse","floor":13,"turns":3},{"damage":15,"enemies":"Slime Boss","floor":16,"turns":10},{"damage":21,"enemies":"3 Byrds","floor":18,"turns":8},{"damage":0,"enemies":"Chosen","floor":19,"turns":4},{"damage":1,"enemies":"Snecko","floor":21,"turns":6},{"damage":9,"enemies":"Snake Plant","floor":22,"turns":6},{"damage":6,"enemies":"Book of Stabbing","floor":24,"turns":8},{"damage":3,"enemies":"Slaver and Parasite","floor":29,"turns":9},{"damage":7,"enemies":"3 Cultists","floor":30,"turns":7},{"damage":92,"enemies":"Automaton","floor":33,"turns":12}],"seed_played":"-1884086598399994721","potions_obtained":[{"floor":1,"key":"Fruit Juice"},{"floor":7,"key":"Fire Potion"},{"floor":11,"key":"Fire Potion"},{"floor":19,"key":"Block Potion"},{"floor":24,"key":"Dexterity Potion"},{"floor":29,"key":"Block Potion"}],"is_trial":false,"path_per_floor":["M","?","?","M","?","R","E","R","T","E","M","$","M","T","R","B",null,"M","M","?","M","M","R","E","R","T","T","R","M","M","?","R"],"character_chosen":"IRONCLAD","items_purchased":["True Grit","Clothesline","Regen Potion"],"campfire_rested":0,"item_purchase_floors":[12,12,12],"current_hp_per_floor":[74,51,33,39,32,32,38,38,38,28,34,34,32,32,32,38,70,55,61,61,66,63,63,63,63,63,63,63,66,65,65,65,0],"gold":233,"neow_bonus":"THREE_ENEMY_KILL","is_prod":false,"is_daily":false,"chose_seed":false,"campfire_upgraded":7,"win_rate":0,"timestamp":1533316736,"path_taken":["M","?","?","M","?","R","E","R","T","E","?","?","?","?","R","BOSS","M","M","?","M","M","R","E","R","T","?","R","M","?","?","R","BOSS"],"build_version":"2018-08-01","purchased_purges":0,"victory":false,"max_hp_per_floor":[75,75,75,75,75,75,75,75,75,80,80,80,80,80,80,80,80,80,80,80,80,80,80,80,80,80,80,80,80,80,80,80,80],"card_choices":[{"not_picked":["Pummel","Twin Strike"],"picked":"Sword Boomerang","floor":1},{"not_picked":["Heavy Blade","Reckless Charge"],"picked":"Warcry","floor":4},{"not_picked":["Anger","Feed"],"picked":"Shrug It Off","floor":7},{"not_picked":["Sentinel","Heavy Blade"],"picked":"Disarm","floor":10},{"not_picked":["Hemokinesis","Whirlwind"],"picked":"Pommel Strike","floor":11},{"not_picked":["Evolve","Whirlwind"],"picked":"Rage","floor":13},{"not_picked":["Dark Embrace","Bludgeon"],"picked":"Double Tap","floor":16},{"not_picked":["Perfected Strike","Havoc"],"picked":"Shrug It Off","floor":18},{"not_picked":["Sword Boomerang","Searing Blow","Body Slam"],"picked":"SKIP","floor":19},{"not_picked":["Heavy Blade","Body Slam"],"picked":"Ghostly Armor","floor":21},{"not_picked":["Havoc+1","Twin Strike"],"picked":"True Grit+1","floor":22},{"not_picked":["Bludgeon","Wild Strike"],"picked":"Iron Wave","floor":24},{"not_picked":["Thunderclap","Dropkick","Headbutt+1"],"picked":"SKIP","floor":29},{"not_picked":["Cleave+1","Headbutt","Twin Strike+1"],"picked":"SKIP","floor":30}],"player_experience":831845,"relics_obtained":[{"floor":7,"key":"Kunai"},{"floor":9,"key":"Du-Vu Doll"},{"floor":10,"key":"Potion Belt"},{"floor":14,"key":"Bag of Marbles"},{"floor":24,"key":"Toxic Egg 2"},{"floor":26,"key":"Pen Nib"},{"floor":27,"key":"Blue Candle"}],"event_choices":[{"event_name":"Shining Light","player_choice":"Entered Light","floor":2,"damage_taken":0},{"event_name":"Scrap Ooze","player_choice":"success","floor":3,"damage_taken":18},{"event_name":"Golden Wing","player_choice":"Card Removal","floor":5,"damage_taken":0},{"event_name":"Back to Basics","player_choice":"Simplicity","floor":20,"damage_taken":0},{"event_name":"Addict","player_choice":"Obtained Relic","floor":31,"damage_taken":0}],"is_beta":true,"boss_relics":[{"not_picked":["White Beast Statue","Sozu"],"picked":"Velvet Choker"}],"items_purged_floors":[],"is_endless":false,"potions_floor_spawned":[1,7,11,19,24,29],"killed_by":"Automaton","ascension_level":15}