{"gold_per_floor":[115,131,146,146,146,146,164,164,212,240,271,283,324,353,365,377],"floor_reached":16,"playtime":618,"items_purged":[],"score":249,"play_id":"5f50b338-0632-4a61-b5db-18ed2acb0150","local_time":"20190511080324","is_ascension_mode":true,"campfire_choices":[{"data":"Feed","floor":6,"key":"SMITH"},{"data":"Whirlwind","floor":8,"key":"SMITH"},{"data":"True Grit","floor":12,"key":"SMITH"},{"data":"Armaments","floor":15,"key":"SMITH"}],"neow_cost":"TEN_PERCENT_HP_LOSS","seed_source_timestamp":1605916210940644,"circlet_count":0,"master_deck":["AscendersBane","Strike_R","Strike_R","Strike_R","Strike_R","Strike_R","Defend_R","Defend_R","Defend_R","Defend_R","Bash+1","Feed+1","Shrug It Off+1","Whirlwind+1","True Grit+1","Immolate","Armaments+1"],"relics":["Burning Blood","Ancient Tea Set","MawBank","Shuriken"],"potions_floor_usage":[10,11,13],"damage_taken":[{"damage":2,"enemies":"Jaw Worm","floor":1,"turns":3},{"damage":6,"enemies":"Cultist","floor":2,"turns":3},{"damage":7,"enemies":"Small Slimes","floor":3,"turns":4},{"damage":1,"enemies":"Looter","floor":7,"turns":3},{"damage":15,"enemies":"3 Sentries","floor":10,"turns":6},{"damage":17,"enemies":"Exordium Thugs","floor":11,"turns":3},{"damage":25,"enemies":"Gremlin Nob","floor":13,"turns":4},{"damage":6,"enemies":"Exordium Wildlife","floor":14,"turns":4},{"damage":39,"enemies":"The Guardian","floor":16,"turns":10}],"seed_played":"-2474661492070322277","potions_obtained":[{"floor":2,"key":"Strength Potion"},{"floor":7,"key":"FearPotion"},{"floor":10,"key":"Strength Potion"}],"is_trial":false,"path_per_floor":["M","M","M","?","T","R","M","R","T","E","M","R","E","M","R","B"],"character_chosen":"IRONCLAD","items_purchased":[],"campfire_rested":0,"item_purchase_floors":[],"current_hp_per_floor":[71,74,76,53,53,53,62,62,62,57,50,50,35,39,39,0],"gold":377,"neow_bonus":"THREE_RARE_CARDS","is_prod":false,"is_daily":false,"chose_seed":false,"campfire_upgraded":4,"win_rate":0,"timestamp":1557576204,"path_taken":["M","M","M","?","?","R","M","R","T","E","?","R","E","M","R","BOSS"],"build_version":"2019-01-23","purchased_purges":0,"victory":false,"max_hp_per_floor":[71,74,77,77,77,77,81,81,81,85,89,89,93,97,97,97],"card_choices":[{"not_picked":["Brutality","Berserk"],"picked":"Feed","floor":0},{"not_picked":["Clash","Fire Breathing"],"picked":"Shrug It Off","floor":1},{"not_picked":["Spot Weakness","Dropkick"],"picked":"Whirlwind","floor":2},{"not_picked":["Anger","Havoc"],"picked":"True Grit","floor":3},{"not_picked":["Iron Wave","Perfected Strike","Twin Strike"],"picked":"SKIP","floor":7},{"not_picked":["Clash","Thunderclap","Sever Soul"],"picked":"SKIP","floor":10},{"not_picked":["Body Slam","Evolve","Havoc"],"picked":"SKIP","floor":11},{"not_picked":["Anger","Perfected Strike"],"picked":"Immolate","floor":13},{"not_picked":["Anger","Burning Pact"],"picked":"Armaments","floor":14}],"player_experience":2559497,"relics_obtained":[{"floor":5,"key":"Ancient Tea Set"},{"floor":10,"key":"MawBank"},{"floor":13,"key":"Shuriken"}],"event_choices":[{"damage_healed":0,"gold_gain":0,"player_choice":"Entered Light","damage_taken":23,"max_hp_gain":0,"max_hp_loss":0,"event_name":"Shining Light","floor":4,"gold_loss":0,"cards_upgraded":["Shrug It Off","Bash"]}],"is_beta":false,"boss_relics":[],"items_purged_floors":[],"is_endless":false,"potions_floor_spawned":[2,7,10],"killed_by":"The Guardian","ascension_level":20}