{"gold_per_floor":[11,23,40,40,64,64,95,95,95,124,144,215,215,259,259,352,352,365,365,68,68,68,68,68,97,97,129,145,145,177,190,190,264,314,331,381,396,396,406,406,531,556,556,196,0,0,0,11,11,11,36,36,36,36,36],"floor_reached":55,"playtime":3340,"items_purged":[],"score":1943,"play_id":"19d2cb54-a4b8-4fac-80ff-c3eb83194e57","local_time":"20190430214514","is_ascension_mode":true,"campfire_choices":[{"data":"Bash","floor":6.0,"key":"SMITH"},{"data":"Immolate","floor":8.0,"key":"SMITH"},{"data":"Sword Boomerang","floor":13.0,"key":"SMITH"},{"data":"Sword Boomerang","floor":15.0,"key":"SMITH"},{"floor":23.0,"key":"REST"},{"floor":29.0,"key":"REST"},{"floor":32,"key":"RECALL"},{"floor":40,"key":"REST"},{"floor":47,"key":"REST"},{"floor":49,"key":"REST"},{"floor":53,"key":"REST"}],"neow_cost":"NO_GOLD","seed_source_timestamp":701907080605353,"circlet_count":0,"master_deck":["AscendersBane","Strike_R","Strike_R","Strike_R","Strike_R","Strike_R","Defend_R","Defend_R","Defend_R","Defend_R","Bash+1","Clothesline+1","Sword Boomerang+1","True Grit","Sword Boomerang+1","Immolate+1","Spot Weakness","Brutality+1","Offering","Havoc+1","Corruption+1","Combust+1","Shrug It Off","Shockwave","Rupture+1","Battle Trance","Dark Embrace+1","Combust+1","Shrug It Off","Dark Shackles","HandOfGreed","Apotheosis","Sentinel+1","Inflame+1","Feed","Inflame+1"],"special_seed":0,"relics":["Burning Blood","Incense Burner","Bloody Idol","Vajra","Frozen Egg 2","Odd Mushroom","Shuriken","Sundial","Fusion Hammer","Oddly Smooth Stone","Nilry\u0027s Codex","Pen Nib","Darkstone Periapt","Art of War","Paper Frog","Tiny House","Calipers","FossilizedHelix","Dodecahedron","Centennial Puzzle","Red Mask","Pear"],"potions_floor_usage":[30,36,37,50],"damage_taken":[{"damage":1.0,"enemies":"2 Louse","floor":1.0,"turns":4.0},{"damage":3.0,"enemies":"Small Slimes","floor":2.0,"turns":3.0},{"damage":6.0,"enemies":"Jaw Worm","floor":3.0,"turns":5.0},{"damage":8.0,"enemies":"Exordium Wildlife","floor":5.0,"turns":4.0},{"damage":35.0,"enemies":"3 Sentries","floor":7.0,"turns":12.0},{"damage":1.0,"enemies":"The Mushroom Lair","floor":10.0,"turns":4.0},{"damage":0.0,"enemies":"2 Fungi Beasts","floor":11.0,"turns":1.0},{"damage":27.0,"enemies":"3 Sentries","floor":12.0,"turns":5.0},{"damage":11.0,"enemies":"Lagavulin","floor":14.0,"turns":7.0},{"damage":7.0,"enemies":"Slime Boss","floor":16.0,"turns":7.0},{"damage":11.0,"enemies":"Shell Parasite","floor":18.0,"turns":3.0},{"damage":31.0,"enemies":"Slavers","floor":25.0,"turns":3.0},{"damage":15.0,"enemies":"Gremlin Leader","floor":27.0,"turns":5.0},{"damage":13.0,"enemies":"Chosen","floor":28.0,"turns":2.0},{"damage":12,"enemies":"Slavers","floor":30,"turns":3},{"damage":0,"enemies":"3 Cultists","floor":31,"turns":1},{"damage":26,"enemies":"Collector","floor":33,"turns":4},{"damage":12,"enemies":"Orb Walker","floor":35,"turns":3},{"damage":22,"enemies":"2 Orb Walkers","floor":36,"turns":4},{"damage":2,"enemies":"3 Shapes","floor":37,"turns":3},{"damage":31,"enemies":"Maw","floor":39,"turns":6},{"damage":9,"enemies":"Mind Bloom Boss Battle","floor":41,"turns":4},{"damage":3,"enemies":"Giant Head","floor":42,"turns":4},{"damage":30,"enemies":"Transient","floor":48,"turns":6},{"damage":10,"enemies":"Time Eater","floor":50,"turns":5},{"damage":30,"enemies":"Awakened One","floor":51,"turns":5},{"damage":94,"enemies":"Shield and Spear","floor":55,"turns":4}],"seed_played":"7352748536018395136","potions_obtained":[{"floor":2.0,"key":"GamblersBrew"},{"floor":7.0,"key":"SpeedPotion"},{"floor":10.0,"key":"Regen Potion"},{"floor":28.0,"key":"SteroidPotion"},{"floor":31,"key":"Explosive Potion"},{"floor":33,"key":"FearPotion"},{"floor":36,"key":"Block Potion"},{"floor":42,"key":"SpeedPotion"},{"floor":48,"key":"PowerPotion"}],"is_trial":false,"path_per_floor":["M","M","M","?","M","R","E","R","T","?","M","?","R","E","R","B",null,"M","?","$","?","?","R","?","E","T","E","M","R","E","M","R","B",null,"M","?","M","?","M","R","?","E","T","$","?","T","R","M","R","B","B",null,"R","$","E"],"character_chosen":"IRONCLAD","items_purchased":["Corruption+1","Oddly Smooth Stone","Explosive Potion","Inflame+1","Centennial Puzzle","Feed"],"campfire_rested":6,"item_purchase_floors":[20,20,20,44,44,44],"current_hp_per_floor":[73,75,75,49,47,47,18,18,18,23,29,22,22,17,17,16,60,55,55,55,55,55,75,54,34,34,30,28,50,49,60,60,45,74,73,62,71,61,41,65,72,80,80,80,80,90,90,75,94,90,71,88,94,94,0],"gold":36,"neow_bonus":"ONE_RARE_RELIC","is_prod":false,"is_daily":false,"chose_seed":false,"campfire_upgraded":4,"win_rate":0,"timestamp":1556675114,"path_taken":["M","M","M","?","M","R","E","R","T","?","M","?","R","E","R","BOSS","M","?","$","?","?","R","?","E","T","E","M","R","E","?","R","BOSS","M","?","M","?","?","R","?","E","T","$","?","?","R","M","R","BOSS","BOSS","R","$","E"],"build_version":"2019-01-23","purchased_purges":0,"victory":false,"max_hp_per_floor":[75,75,75,75,75,75,75,75,75,75,75,75,75,75,75,75,75,75,75,75,75,75,75,75,75,75,75,75,75,75,75,75,75,80,80,80,80,80,80,80,80,80,80,80,80,90,90,94,94,94,94,94,94,94,94],"card_choices":[{"not_picked":["Heavy Blade","Sever Soul"],"picked":"Clothesline","floor":1.0},{"not_picked":["Iron Wave","Heavy Blade"],"picked":"Sword Boomerang","floor":2.0},{"not_picked":["Warcry","Headbutt"],"picked":"True Grit","floor":3.0},{"not_picked":["Searing Blow","Wild Strike"],"picked":"Sword Boomerang","floor":5.0},{"not_picked":["Anger","Perfected Strike"],"picked":"Immolate","floor":7.0},{"not_picked":["Wild Strike","Warcry","Sword Boomerang"],"picked":"SKIP","floor":11.0},{"not_picked":["Uppercut","Havoc"],"picked":"Spot Weakness","floor":12.0},{"not_picked":["Intimidate","Pommel Strike"],"picked":"Brutality+1","floor":14.0},{"not_picked":["Fiend Fire","Bludgeon"],"picked":"Offering","floor":16.0},{"not_picked":["Shockwave","Warcry"],"picked":"Havoc+1","floor":18.0},{"not_picked":["Headbutt","Havoc"],"picked":"Shrug It Off","floor":25.0},{"not_picked":["Perfected Strike+1","Entrench"],"picked":"Shockwave","floor":27.0},{"not_picked":["Rage","Clothesline","Sever Soul"],"picked":"SKIP","floor":28.0},{"not_picked":["Burning Pact","Uppercut"],"picked":"Rupture+1","floor":30},{"not_picked":["Seeing Red","Armaments"],"picked":"Battle Trance","floor":31},{"not_picked":["Feed","Fiend Fire"],"picked":"Dark Embrace+1","floor":33},{"not_picked":["Clothesline","Warcry"],"picked":"Combust+1","floor":34},{"not_picked":["Thunderclap","Pommel Strike","Armaments"],"picked":"SKIP","floor":35},{"not_picked":["Disarm","Dual Wield"],"picked":"Shrug It Off","floor":36},{"not_picked":["Armaments","Flex","Warcry"],"picked":"SKIP","floor":37},{"not_picked":["Violence","Good Instincts"],"picked":"Dark Shackles","floor":38},{"not_picked":["Transmutation","Metamorphosis"],"picked":"HandOfGreed","floor":38},{"not_picked":["Blind","Chrysalis"],"picked":"Apotheosis","floor":38},{"not_picked":["Perfected Strike","Wild Strike","Armaments"],"picked":"SKIP","floor":39},{"not_picked":["Spot Weakness","Perfected Strike+1"],"picked":"Sentinel+1","floor":42},{"not_picked":["Battle Trance","Evolve+1"],"picked":"Inflame+1","floor":48}],"player_experience":2165219,"relics_obtained":[{"floor":7.0,"key":"Vajra"},{"floor":9.0,"key":"Frozen Egg 2"},{"floor":10.0,"key":"Odd Mushroom"},{"floor":12.0,"key":"Shuriken"},{"floor":14.0,"key":"Sundial"},{"floor":24.0,"key":"Nilry\u0027s Codex"},{"floor":25.0,"key":"Pen Nib"},{"floor":26.0,"key":"Darkstone Periapt"},{"floor":27.0,"key":"Art of War"},{"floor":30,"key":"Paper Frog"},{"floor":36,"key":"Calipers"},{"floor":41,"key":"FossilizedHelix"},{"floor":42,"key":"Dodecahedron"},{"floor":46,"key":"Pear"}],"event_choices":[{"damage_healed":0.0,"max_hp_gain":0.0,"max_hp_loss":0.0,"gold_gain":0.0,"event_name":"Golden Idol","player_choice":"Take Damage","floor":4.0,"gold_loss":0.0,"damage_taken":26.0,"relics_obtained":["Golden Idol"]},{"damage_healed":0.0,"max_hp_gain":0.0,"max_hp_loss":0.0,"gold_gain":0.0,"event_name":"Mushrooms","player_choice":"Fought Mushrooms","floor":10.0,"gold_loss":0.0,"damage_taken":0.0},{"damage_healed":0.0,"max_hp_gain":0.0,"max_hp_loss":0.0,"gold_gain":0.0,"event_name":"Dead Adventurer","player_choice":"Searched \u00271\u0027 times","floor":12.0,"gold_loss":0.0,"damage_taken":0.0},{"damage_healed":0.0,"max_hp_gain":0.0,"max_hp_loss":0.0,"gold_gain":0.0,"event_name":"Forgotten Altar","player_choice":"Gave Idol","floor":19.0,"relics_lost":["Golden Idol"],"gold_loss":0.0,"damage_taken":0.0,"relics_obtained":["Bloody Idol"]},{"damage_healed":0.0,"max_hp_gain":0.0,"max_hp_loss":0.0,"gold_gain":0.0,"event_name":"The Library","player_choice":"Read","floor":21.0,"gold_loss":0.0,"damage_taken":0.0,"cards_obtained":["Combust"]},{"damage_healed":0.0,"max_hp_gain":0.0,"max_hp_loss":0.0,"gold_gain":0.0,"event_name":"Ghosts","player_choice":"Ignored","floor":22.0,"gold_loss":0.0,"damage_taken":0.0},{"damage_healed":0.0,"max_hp_gain":0.0,"max_hp_loss":0.0,"gold_gain":0.0,"event_name":"Cursed Tome","player_choice":"Obtained Book","floor":24.0,"gold_loss":0.0,"damage_taken":21.0},{"damage_healed":0,"gold_gain":0,"player_choice":"Fight","damage_taken":0,"max_hp_gain":0,"max_hp_loss":0,"event_name":"Mysterious Sphere","floor":36,"gold_loss":0},{"damage_healed":0,"gold_gain":0,"player_choice":"Memory 3","damage_taken":10,"max_hp_gain":0,"max_hp_loss":0,"event_name":"SensoryStone","floor":38,"gold_loss":0},{"damage_healed":0,"gold_gain":0,"player_choice":"Fight","damage_taken":0,"max_hp_gain":0,"max_hp_loss":0,"event_name":"MindBloom","floor":41,"gold_loss":0},{"damage_healed":0,"gold_gain":0,"player_choice":"Paid","damage_taken":0,"relics_obtained":["Red Mask"],"max_hp_gain":0,"max_hp_loss":0,"event_name":"Tomb of Lord Red Mask","floor":45,"gold_loss":196}],"is_beta":false,"boss_relics":[{"not_picked":["Lizard Tail","Snecko Eye"],"picked":"Fusion Hammer"},{"not_picked":["White Beast Statue","Runic Pyramid"],"picked":"Tiny House"}],"items_purged_floors":[],"is_endless":false,"potions_floor_spawned":[2,7,10,28,31,33,36,42,48],"killed_by":"Shield and Spear","ascension_level":20}