{"gold_per_floor":[110,129,129,204,204,204,229,248,248,248,248,248,248,278,278,353,353,328,3,23,23,39,39],"floor_reached":23,"playtime":669,"items_purged":["Strike_R"],"score":394,"play_id":"8a5b47c0-c968-46cb-97ad-1e6083f01e0f","local_time":"20190427003854","is_ascension_mode":true,"campfire_choices":[{"data":"Combust","floor":6,"key":"SMITH"},{"data":"Combust","floor":10,"key":"SMITH"},{"data":"Blood for Blood","floor":13,"key":"SMITH"},{"floor":15,"key":"REST"}],"neow_cost":"NONE","seed_source_timestamp":369424130714883,"circlet_count":0,"master_deck":["AscendersBane","Strike_R","Strike_R","Strike_R","Defend_R","Defend_R","Defend_R","Defend_R","Bash+1","Combust+1","Combust+1","Blood for Blood+1","Uppercut+1","Metallicize+1","Dark Embrace+1","Metallicize+1","Shame"],"relics":["Burning Blood","Pantograph","Whetstone","Frozen Egg 2","Bottled Flame","Philosopher\u0027s Stone","Bag of Preparation","Paper Frog"],"potions_floor_usage":[7,23],"damage_taken":[{"damage":4,"enemies":"Jaw Worm","floor":1,"turns":6},{"damage":6,"enemies":"2 Louse","floor":2,"turns":4},{"damage":23,"enemies":"3 Sentries","floor":7,"turns":4},{"damage":7,"enemies":"Small Slimes","floor":8,"turns":3},{"damage":26,"enemies":"Lagavulin","floor":14,"turns":4},{"damage":19,"enemies":"Slime Boss","floor":16,"turns":6},{"damage":20,"enemies":"2 Thieves","floor":18,"turns":4},{"damage":15,"enemies":"Chosen","floor":20,"turns":5},{"damage":31,"enemies":"Sentry and Sphere","floor":22,"turns":5},{"damage":30,"enemies":"Book of Stabbing","floor":23,"turns":3}],"seed_played":"8687825986779491861","potions_obtained":[{"floor":1,"key":"GamblersBrew"},{"floor":18,"key":"SpeedPotion"},{"floor":20,"key":"Swift Potion"}],"is_trial":false,"path_per_floor":["M","M","?","?","?","R","E","M","T","R","?","?","R","E","R","B",null,"M","$","M","?","M","E"],"character_chosen":"IRONCLAD","items_purchased":["Bag of Preparation","Metallicize+1"],"campfire_rested":1,"item_purchase_floors":[19,19],"current_hp_per_floor":[77,77,82,71,64,64,47,46,46,46,46,28,28,8,34,46,77,63,63,54,54,29,0],"gold":39,"neow_bonus":"TEN_PERCENT_HP_BONUS","is_prod":false,"is_daily":false,"chose_seed":false,"campfire_upgraded":3,"win_rate":0,"timestamp":1556339934,"path_taken":["M","M","?","?","?","R","E","?","T","R","?","?","R","E","R","BOSS","M","$","M","?","M","E"],"build_version":"2019-01-23","purchased_purges":1,"victory":false,"max_hp_per_floor":[82,82,87,87,87,87,87,87,87,87,87,87,87,87,87,87,87,87,87,87,87,87,87],"card_choices":[{"not_picked":["Seeing Red","Flex"],"picked":"Combust","floor":1},{"not_picked":["Iron Wave","Fire Breathing"],"picked":"Combust","floor":2},{"not_picked":["Anger","Carnage"],"picked":"Blood for Blood","floor":7},{"not_picked":["Perfected Strike","Clash"],"picked":"Uppercut","floor":8},{"not_picked":["Shrug It Off","Limit Break"],"picked":"Metallicize+1","floor":14},{"not_picked":["Fiend Fire","Bludgeon"],"picked":"Dark Embrace+1","floor":16},{"not_picked":["Thunderclap","Headbutt","Dual Wield"],"picked":"SKIP","floor":18},{"not_picked":["Sword Boomerang","Headbutt","Perfected Strike"],"picked":"SKIP","floor":20},{"not_picked":["Headbutt","Perfected Strike","Seeing Red"],"picked":"SKIP","floor":22}],"player_experience":1984672,"relics_obtained":[{"floor":7,"key":"Pantograph"},{"floor":9,"key":"Whetstone"},{"floor":14,"key":"Bottled Flame"}],"event_choices":[{"damage_healed":0,"gold_gain":0,"player_choice":"Donut","damage_taken":0,"max_hp_gain":5,"max_hp_loss":0,"event_name":"Big Fish","floor":3,"gold_loss":0},{"damage_healed":0,"gold_gain":75,"player_choice":"Gather Gold","damage_taken":11,"max_hp_gain":0,"max_hp_loss":0,"event_name":"World of Goop","floor":4,"gold_loss":0},{"cards_removed":["Strike_R"],"damage_healed":0,"gold_gain":0,"player_choice":"Card Removal","damage_taken":7,"max_hp_gain":0,"max_hp_loss":0,"event_name":"Golden Wing","floor":5,"gold_loss":0},{"damage_healed":0,"gold_gain":0,"player_choice":"Ignored","damage_taken":0,"max_hp_gain":0,"max_hp_loss":0,"event_name":"Liars Game","floor":11,"gold_loss":0},{"damage_healed":0,"gold_gain":0,"player_choice":"Success","damage_taken":18,"relics_obtained":["Frozen Egg 2"],"max_hp_gain":0,"max_hp_loss":0,"event_name":"Scrap Ooze","floor":12,"gold_loss":0},{"damage_healed":0,"gold_gain":0,"player_choice":"Stole Relic","damage_taken":0,"relics_obtained":["Paper Frog"],"max_hp_gain":0,"max_hp_loss":0,"event_name":"Addict","floor":21,"gold_loss":0,"cards_obtained":["Shame"]}],"is_beta":false,"boss_relics":[{"not_picked":["Runic Dome","White Beast Statue"],"picked":"Philosopher\u0027s Stone"}],"items_purged_floors":[19],"is_endless":false,"potions_floor_spawned":[1,18,20,22],"killed_by":"Book of Stabbing","ascension_level":20}