{"gold_per_floor":[363,373,393,155,155,187,187,197,197,197,224,234,234,269,269,346,346,364,364,364,289,309,309,344,34,34,62,62,77,106,106,106,183,183,198,198,215,235,246,278,278,378,378,410,422,447,67,80,80,80,80,80,80,55,84,84],"floor_reached":57,"playtime":2848,"items_purged":[],"score":2976,"play_id":"3ef5f2df-7346-462a-8887-3f3aa96b61ab","local_time":"20190429021030","is_ascension_mode":true,"campfire_choices":[{"data":"Feed","floor":7,"key":"SMITH"},{"data":"Bash","floor":13,"key":"SMITH"},{"data":"Sword Boomerang","floor":15,"key":"SMITH"},{"floor":23,"key":"REST"},{"data":"Inflame","floor":28,"key":"SMITH"},{"floor":32,"key":"REST"},{"floor":41,"key":"RECALL"},{"data":"Feel No Pain","floor":49,"key":"SMITH"},{"floor":53,"key":"REST"}],"neow_cost":"TEN_PERCENT_HP_LOSS","seed_source_timestamp":545537872076117,"circlet_count":0,"master_deck":["AscendersBane","Strike_R","Strike_R","Strike_R","Defend_R","Defend_R","Defend_R","Defend_R","Bash+1","Anger","Metallicize","Metallicize","Inflame+1","Feel No Pain+1","Feed+1","Sword Boomerang+1","Shrug It Off","Cleave+1","Feed+1","Ghostly Armor","Metallicize+1","Pummel+1","Spot Weakness","Fire Breathing+1","Sword Boomerang+1","Offering","Headbutt+1","Pummel+1","Shrug It Off","Feel No Pain+1","Shrug It Off","Uppercut+1","Shrug It Off+1","Limit Break","Limit Break","Heavy Blade+1","Thunderclap+1","Flame Barrier"],"relics":["Burning Blood","Omamori","Charon\u0027s Ashes","Molten Egg 2","Gremlin Horn","PreservedInsect","Runic Pyramid","Paper Frog","ClockworkSouvenir","Bottled Tornado","Oddly Smooth Stone","Vajra","MutagenicStrength","Sozu","Blood Vial","Bird Faced Urn","MawBank","DollysMirror","Sundial"],"potions_floor_usage":[11,14,16,24,27,30],"damage_taken":[{"damage":7,"enemies":"Small Slimes","floor":1,"turns":4},{"damage":1,"enemies":"Cultist","floor":2,"turns":4},{"damage":2,"enemies":"Jaw Worm","floor":3,"turns":4},{"damage":26,"enemies":"Gremlin Nob","floor":6,"turns":4},{"damage":12,"enemies":"Blue Slaver","floor":8,"turns":7},{"damage":28,"enemies":"3 Sentries","floor":11,"turns":6},{"damage":8,"enemies":"Exordium Wildlife","floor":12,"turns":3},{"damage":26,"enemies":"Gremlin Nob","floor":14,"turns":6},{"damage":31,"enemies":"Hexaghost","floor":16,"turns":9},{"damage":20,"enemies":"2 Thieves","floor":18,"turns":4},{"damage":12,"enemies":"Spheric Guardian","floor":22,"turns":4},{"damage":12,"enemies":"Gremlin Leader","floor":24,"turns":6},{"damage":40,"enemies":"Book of Stabbing","floor":27,"turns":4},{"damage":5,"enemies":"Snecko","floor":29,"turns":5},{"damage":12,"enemies":"Slavers","floor":30,"turns":5},{"damage":42,"enemies":"Collector","floor":33,"turns":8},{"damage":26,"enemies":"3 Shapes","floor":35,"turns":5},{"damage":6,"enemies":"Orb Walker","floor":37,"turns":1},{"damage":13,"enemies":"4 Shapes","floor":38,"turns":4},{"damage":0,"enemies":"Maw","floor":39,"turns":4},{"damage":0,"enemies":"Reptomancer","floor":40,"turns":2},{"damage":6,"enemies":"Mind Bloom Boss Battle","floor":42,"turns":5},{"damage":0,"enemies":"Nemesis","floor":44,"turns":3},{"damage":0,"enemies":"Writhing Mass","floor":46,"turns":4},{"damage":12,"enemies":"Jaw Worm Horde","floor":48,"turns":2},{"damage":59,"enemies":"Time Eater","floor":50,"turns":5},{"damage":51,"enemies":"Donu and Deca","floor":51,"turns":6},{"damage":32,"enemies":"Shield and Spear","floor":55,"turns":2},{"damage":134,"enemies":"The Heart","floor":56,"turns":7}],"seed_played":"1150634143124778181","potions_obtained":[{"floor":2,"key":"BloodPotion"},{"floor":8,"key":"LiquidBronze"},{"floor":12,"key":"Block Potion"},{"floor":22,"key":"EssenceOfSteel"},{"floor":27,"key":"FearPotion"}],"is_trial":false,"path_per_floor":["M","M","M","$","?","E","R","M","T","?","E","M","R","E","R","B",null,"M","?","?","?","M","R","E","$","T","E","R","M","E","?","R","B",null,"M","?","M","M","M","E","R","?","T","E","?","M","$","M","R","B","B",null,"R","$","E","B",null],"character_chosen":"IRONCLAD","items_purchased":["Omamori","Inflame","Fire Potion","Spot Weakness","ClockworkSouvenir","Limit Break","DollysMirror","Thunderclap+1"],"campfire_rested":3,"item_purchase_floors":[4,4,25,25,25,47,47,54],"current_hp_per_floor":[67,68,68,68,68,48,48,46,46,70,59,57,57,41,41,16,64,58,76,50,50,48,77,75,75,75,45,45,50,52,52,87,55,105,93,93,97,98,108,118,118,124,124,142,142,153,153,151,151,116,89,146,165,165,139,25],"gold":84,"neow_bonus":"TWO_FIFTY_GOLD","is_prod":false,"is_daily":false,"chose_seed":false,"campfire_upgraded":5,"win_rate":0,"timestamp":1556518230,"path_taken":["M","M","M","$","?","E","R","?","T","?","E","M","R","E","R","BOSS","M","?","?","?","?","R","E","?","T","E","R","M","E","?","R","BOSS","M","?","M","?","M","E","R","?","T","E","?","?","$","M","R","BOSS","BOSS","R","$","E","BOSS"],"build_version":"2019-01-23","purchased_purges":0,"victory":true,"max_hp_per_floor":[68,68,68,68,68,68,68,72,72,72,76,76,76,80,80,80,80,88,88,93,93,97,97,101,101,101,105,105,109,117,117,117,121,121,129,129,133,141,145,149,149,153,153,153,153,153,153,157,157,161,165,165,165,165,165,165],"card_choices":[{"not_picked":["Thunderclap","Flex"],"picked":"Anger","floor":1},{"not_picked":["Searing Blow","Iron Wave"],"picked":"Metallicize","floor":2},{"not_picked":["Sever Soul","Sword Boomerang"],"picked":"Metallicize","floor":3},{"not_picked":["Rage","Intimidate"],"picked":"Sword Boomerang","floor":6},{"not_picked":["Perfected Strike","Twin Strike","Clash"],"picked":"SKIP","floor":8},{"not_picked":["Evolve","True Grit"],"picked":"Shrug It Off","floor":11},{"not_picked":["Second Wind","Iron Wave+1","Dropkick+1"],"picked":"SKIP","floor":12},{"not_picked":["Second Wind","Iron Wave+1","Dropkick+1"],"picked":"SKIP","floor":12},{"not_picked":["Shockwave","Clash+1"],"picked":"Cleave+1","floor":14},{"not_picked":["Exhume","Brutality"],"picked":"Feed+1","floor":16},{"not_picked":["Perfected Strike+1","Blood for Blood+1"],"picked":"Ghostly Armor","floor":18},{"not_picked":["Rage","Cleave+1"],"picked":"Metallicize+1","floor":22},{"not_picked":["Wild Strike+1","Perfected Strike+1"],"picked":"Pummel+1","floor":24},{"not_picked":["Clothesline+1","Combust","Juggernaut"],"picked":"SKIP","floor":27},{"not_picked":["Dual Wield+1","Iron Wave+1"],"picked":"Fire Breathing+1","floor":29},{"not_picked":["Sentinel","Dual Wield"],"picked":"Sword Boomerang+1","floor":30},{"not_picked":["Dark Embrace","Bludgeon+1"],"picked":"Offering","floor":33},{"not_picked":["Shrug It Off","Warcry"],"picked":"Headbutt+1","floor":35},{"not_picked":["Dual Wield","Anger+1"],"picked":"Shrug It Off","floor":37},{"not_picked":["Wild Strike+1","Clothesline+1"],"picked":"Feel No Pain","floor":38},{"not_picked":["Twin Strike+1","Dual Wield","Ghostly Armor"],"picked":"SKIP","floor":39},{"not_picked":["Dropkick+1","Bloodletting+1"],"picked":"Shrug It Off","floor":40},{"not_picked":["Anger+1","Iron Wave+1"],"picked":"Uppercut+1","floor":42},{"not_picked":["Dual Wield","Burning Pact","Inflame"],"picked":"SKIP","floor":44},{"not_picked":["Havoc+1","Wild Strike+1"],"picked":"Shrug It Off+1","floor":46},{"not_picked":["True Grit","Thunderclap+1"],"picked":"Heavy Blade+1","floor":48},{"not_picked":["Heavy Blade+1","Shrug It Off+1"],"picked":"Flame Barrier","floor":55}],"player_experience":2072966,"relics_obtained":[{"floor":6,"key":"Charon\u0027s Ashes"},{"floor":9,"key":"Molten Egg 2"},{"floor":11,"key":"Gremlin Horn"},{"floor":14,"key":"PreservedInsect"},{"floor":24,"key":"Paper Frog"},{"floor":26,"key":"Bottled Tornado"},{"floor":27,"key":"Oddly Smooth Stone"},{"floor":30,"key":"Vajra"},{"floor":40,"key":"Blood Vial"},{"floor":42,"key":"Bird Faced Urn"},{"floor":44,"key":"MawBank"},{"floor":55,"key":"Sundial"}],"event_choices":[{"damage_healed":0,"gold_gain":0,"player_choice":"2 cards matched","damage_taken":0,"max_hp_gain":0,"max_hp_loss":0,"event_name":"Match and Keep!","floor":5,"gold_loss":0,"cards_obtained":["Feel No Pain","Feed"]},{"damage_healed":24,"gold_gain":0,"player_choice":"Banana","damage_taken":0,"max_hp_gain":0,"max_hp_loss":0,"event_name":"Big Fish","floor":10,"gold_loss":0},{"damage_healed":18,"gold_gain":0,"player_choice":"Heal","damage_taken":0,"max_hp_gain":0,"max_hp_loss":0,"event_name":"The Library","floor":19,"gold_loss":0},{"damage_healed":0,"gold_gain":0,"player_choice":"Shed Blood","damage_taken":31,"max_hp_gain":5,"max_hp_loss":0,"event_name":"Forgotten Altar","floor":20,"gold_loss":0},{"cards_removed":["Strike_R"],"damage_healed":0,"gold_gain":0,"player_choice":"Gave Gold","damage_taken":0,"max_hp_gain":0,"max_hp_loss":0,"event_name":"Beggar","floor":21,"gold_loss":75},{"damage_healed":0,"gold_gain":0,"player_choice":"Inject Mutagens","damage_taken":0,"relics_obtained":["MutagenicStrength"],"max_hp_gain":0,"max_hp_loss":0,"event_name":"Drug Dealer","floor":31,"gold_loss":0},{"damage_healed":0,"gold_gain":0,"cards_transformed":["Strike_R"],"player_choice":"Transformed","damage_taken":0,"max_hp_gain":0,"max_hp_loss":0,"event_name":"Transmorgrifier","floor":36,"gold_loss":0,"cards_obtained":["Pummel"]},{"damage_healed":0,"gold_gain":0,"player_choice":"Fight","damage_taken":0,"max_hp_gain":0,"max_hp_loss":0,"event_name":"MindBloom","floor":42,"gold_loss":0},{"damage_healed":0,"gold_gain":0,"player_choice":"Upgraded","damage_taken":0,"max_hp_gain":0,"max_hp_loss":0,"event_name":"Upgrade Shrine","floor":45,"gold_loss":0,"cards_upgraded":["Feel No Pain"]}],"is_beta":false,"boss_relics":[{"not_picked":["Black Blood","Calling Bell"],"picked":"Runic Pyramid"},{"not_picked":["Lizard Tail","Philosopher\u0027s Stone"],"picked":"Sozu"}],"items_purged_floors":[],"is_endless":false,"potions_floor_spawned":[2,8,12,22,27,35,37,39,46],"ascension_level":20}