{"gold_per_floor":[115,130,205,225,225,225,82,109,109,109,143,155,155,173,173,248,248,264,280,280,297,174,174,201,201,201,216,216,216,231,263,263,340,340,359,359,372,129,129,154,154,185,235,235,249,249,279,289,289,289,289,289,83,112,112],"floor_reached":56,"playtime":2318,"items_purged":["Strike_R","Flex","Combust"],"score":2020,"play_id":"3c4052a1-7bd9-4f57-bae4-3a6380da66a1","local_time":"20190413124212","is_ascension_mode":true,"campfire_choices":[{"data":"Bash","floor":6,"key":"SMITH"},{"floor":10,"key":"REST"},{"data":"Hemokinesis","floor":15,"key":"SMITH"},{"data":"Armaments","floor":23,"key":"SMITH"},{"data":"Rupture","floor":25,"key":"SMITH"},{"data":"Shockwave","floor":28,"key":"SMITH"},{"data":"Rupture","floor":32,"key":"SMITH"},{"floor":44,"key":"RECALL"},{"data":"Flame Barrier","floor":46,"key":"SMITH"},{"data":"True Grit","floor":49,"key":"SMITH"},{"data":"Limit Break","floor":52,"key":"SMITH"}],"neow_cost":"NONE","seed_source_timestamp":250160151686428,"circlet_count":0,"master_deck":["AscendersBane","Strike_R","Strike_R","Defend_R","Defend_R","Defend_R","Defend_R","Bash+1","Shockwave+1","Flame Barrier+1","Hemokinesis+1","Reaper","Carnage","Combust","Limit Break+1","Armaments+1","Rupture+1","Corruption","Flex","Rupture+1","Exhume","Shrug It Off","Heavy Blade+1","True Grit+1","Flame Barrier","Exhume"],"relics":["Burning Blood","Dream Catcher","Centennial Puzzle","Torii","Self Forming Clay","Sundial","Runic Pyramid","Red Skull","Question Card","Sozu","Bag of Preparation","Pear","Regal Pillow","Ornamental Fan","Boot"],"potions_floor_usage":[8,18,55,55],"damage_taken":[{"damage":14,"enemies":"Cultist","floor":1,"turns":5},{"damage":0,"enemies":"2 Louse","floor":2,"turns":5},{"damage":4,"enemies":"Small Slimes","floor":4,"turns":4},{"damage":43,"enemies":"Lagavulin","floor":8,"turns":10},{"damage":10,"enemies":"3 Sentries","floor":11,"turns":13},{"damage":7,"enemies":"Looter","floor":12,"turns":4},{"damage":3,"enemies":"2 Fungi Beasts","floor":14,"turns":4},{"damage":32,"enemies":"Slime Boss","floor":16,"turns":9},{"damage":7,"enemies":"Shell Parasite","floor":18,"turns":6},{"damage":17,"enemies":"3 Byrds","floor":19,"turns":5},{"damage":27,"enemies":"Snecko","floor":21,"turns":7},{"damage":24,"enemies":"Gremlin Leader","floor":24,"turns":6},{"damage":15,"enemies":"Chosen and Byrds","floor":27,"turns":6},{"damage":20,"enemies":"Centurion and Healer","floor":30,"turns":6},{"damage":40,"enemies":"Book of Stabbing","floor":31,"turns":6},{"damage":48,"enemies":"Champ","floor":33,"turns":9},{"damage":28,"enemies":"3 Darklings","floor":35,"turns":5},{"damage":9,"enemies":"Orb Walker","floor":37,"turns":4},{"damage":40,"enemies":"Nemesis","floor":40,"turns":7},{"damage":55,"enemies":"Reptomancer","floor":42,"turns":7},{"damage":7,"enemies":"3 Darklings","floor":45,"turns":3},{"damage":16,"enemies":"Giant Head","floor":47,"turns":7},{"damage":4,"enemies":"Sphere and 2 Shapes","floor":48,"turns":4},{"damage":62,"enemies":"Awakened One","floor":50,"turns":10},{"damage":58,"enemies":"Shield and Spear","floor":54,"turns":6},{"damage":83,"enemies":"The Heart","floor":55,"turns":9}],"seed_played":"-5563299465603891153","potions_obtained":[{"floor":2,"key":"PowerPotion"},{"floor":4,"key":"Ancient Potion"},{"floor":11,"key":"EssenceOfSteel"},{"floor":19,"key":"EssenceOfSteel"}],"is_trial":false,"path_per_floor":["M","M","?","M","?","R","$","E","T","R","E","M","?","M","R","B",null,"M","M","?","M","$","R","E","R","T","M","R","?","M","E","R","B",null,"M","?","M","$","?","E","?","E","T","R","M","R","E","M","R","B",null,"R","$","E","B",null],"character_chosen":"IRONCLAD","items_purchased":["Centennial Puzzle","Flex","Bag of Preparation","Flame Barrier"],"campfire_rested":1,"item_purchase_floors":[7,22,38,53],"current_hp_per_floor":[60,66,55,57,62,62,62,25,25,49,45,48,48,55,55,41,70,73,71,71,56,56,56,80,80,80,80,80,80,72,77,77,80,80,80,76,76,76,76,86,86,86,86,86,86,86,76,85,85,86,86,86,86,86,86],"gold":112,"neow_bonus":"RANDOM_COMMON_RELIC","is_prod":false,"is_daily":false,"chose_seed":false,"campfire_upgraded":9,"win_rate":0,"timestamp":1555173732,"path_taken":["M","?","?","M","?","R","$","E","T","R","E","M","?","M","R","BOSS","M","M","?","M","$","R","E","R","T","M","R","?","M","E","R","BOSS","M","?","M","$","?","E","?","E","T","R","M","R","E","M","R","BOSS","R","$","E","BOSS"],"build_version":"2019-04-04","purchased_purges":3,"victory":true,"max_hp_per_floor":[75,75,75,75,80,80,80,80,80,80,80,80,80,80,80,80,80,80,80,80,80,80,80,80,80,80,80,80,80,80,80,80,80,80,80,76,76,76,76,86,86,86,86,86,86,86,86,86,86,86,86,86,86,86,86],"card_choices":[{"not_picked":["True Grit","Dropkick"],"picked":"Shockwave","floor":1},{"not_picked":["Heavy Blade","Perfected Strike","Sentinel"],"picked":"SKIP","floor":2},{"not_picked":["Clash","Pommel Strike"],"picked":"Flame Barrier","floor":4},{"not_picked":["Dual Wield","True Grit","Havoc"],"picked":"SKIP","floor":8},{"not_picked":["Sever Soul","Metallicize"],"picked":"Hemokinesis","floor":10},{"not_picked":["Blood for Blood","Clothesline"],"picked":"Reaper","floor":11},{"not_picked":["Twin Strike","Warcry"],"picked":"Carnage","floor":12},{"not_picked":["Cleave","Rage"],"picked":"Combust","floor":14},{"not_picked":["Impervious","Bludgeon"],"picked":"Limit Break","floor":16},{"not_picked":["Clash","Warcry"],"picked":"Armaments","floor":18},{"not_picked":["Havoc","Warcry"],"picked":"Rupture","floor":19},{"not_picked":["Sever Soul","Body Slam"],"picked":"Corruption","floor":21},{"not_picked":["Clothesline","Anger","Headbutt"],"picked":"SKIP","floor":24},{"not_picked":["Intimidate","Cleave","Twin Strike","Perfected Strike"],"picked":"SKIP","floor":27},{"not_picked":["Iron Wave","Headbutt","Spot Weakness"],"picked":"Rupture","floor":30},{"not_picked":["Perfected Strike","Body Slam","Blood for Blood","Dark Embrace"],"picked":"SKIP","floor":31},{"not_picked":["Bludgeon","Double Tap","Brutality"],"picked":"Exhume","floor":33},{"not_picked":["Clash","Pummel","Thunderclap"],"picked":"Shrug It Off","floor":35},{"not_picked":["Rampage","Combust","Warcry","Clash"],"picked":"SKIP","floor":37},{"not_picked":["Berserk","Pommel Strike","Twin Strike","Entrench"],"picked":"SKIP","floor":40},{"not_picked":["Limit Break","Pommel Strike","Power Through"],"picked":"Heavy Blade+1","floor":42},{"not_picked":["Wild Strike","Ghostly Armor","Entrench","Dual Wield"],"picked":"SKIP","floor":45},{"not_picked":["Armaments","Immolate","Carnage","Rupture"],"picked":"SKIP","floor":47},{"not_picked":["Shrug It Off","Combust","Feel No Pain"],"picked":"True Grit","floor":48},{"not_picked":["Thunderclap","Body Slam","Ghostly Armor"],"picked":"Exhume","floor":54}],"player_experience":2402760,"relics_obtained":[{"floor":8,"key":"Torii"},{"floor":9,"key":"Self Forming Clay"},{"floor":11,"key":"Sundial"},{"floor":24,"key":"Red Skull"},{"floor":26,"key":"Question Card"},{"floor":40,"key":"Pear"},{"floor":42,"key":"Regal Pillow"},{"floor":47,"key":"Ornamental Fan"},{"floor":54,"key":"Boot"}],"event_choices":[{"damage_healed":0,"gold_gain":75,"player_choice":"Gather Gold","damage_taken":11,"max_hp_gain":0,"max_hp_loss":0,"event_name":"World of Goop","floor":3,"gold_loss":0},{"damage_healed":0,"gold_gain":0,"player_choice":"Donut","damage_taken":0,"max_hp_gain":5,"max_hp_loss":0,"event_name":"Big Fish","floor":5,"gold_loss":0},{"damage_healed":0,"gold_gain":0,"player_choice":"Ignored","damage_taken":0,"max_hp_gain":0,"max_hp_loss":0,"event_name":"Liars Game","floor":13,"gold_loss":0},{"damage_healed":0,"gold_gain":0,"player_choice":"Ignored","damage_taken":0,"max_hp_gain":0,"max_hp_loss":0,"event_name":"Cursed Tome","floor":20,"gold_loss":0},{"damage_healed":0,"gold_gain":0,"cards_transformed":["Strike_R","Strike_R"],"player_choice":"Became Test Subject","damage_taken":0,"max_hp_gain":0,"max_hp_loss":0,"event_name":"Drug Dealer","floor":29,"gold_loss":0,"cards_obtained":["Flex","Combust"]},{"damage_healed":0,"gold_gain":0,"player_choice":"Max HP","damage_taken":0,"max_hp_gain":0,"max_hp_loss":4,"event_name":"Winding Halls","floor":36,"gold_loss":0},{"damage_healed":0,"gold_gain":0,"player_choice":"Ignored","damage_taken":0,"max_hp_gain":0,"max_hp_loss":0,"event_name":"Tomb of Lord Red Mask","floor":39,"gold_loss":0},{"damage_healed":0,"gold_gain":0,"player_choice":"Ignored","damage_taken":0,"max_hp_gain":0,"max_hp_loss":0,"event_name":"SecretPortal","floor":41,"gold_loss":0}],"is_beta":true,"boss_relics":[{"not_picked":["Orrery","Empty Cage"],"picked":"Runic Pyramid"},{"not_picked":["Black Star","Busted Crown"],"picked":"Sozu"}],"items_purged_floors":[22,38,53],"is_endless":false,"potions_floor_spawned":[2,4,11,12,19,27,30,31,42,45,47],"ascension_level":15}