{"gold_per_floor":[109,109,119,139,64,64,75,106,180,206,206,220,220,235,235,309,309,321,321,14,64,64,64,64],"floor_reached":24,"playtime":803,"items_purged":["Strike_R"],"score":408,"play_id":"479468f8-8838-4072-87e8-92caaf9485bf","local_time":"20190506210357","is_ascension_mode":true,"campfire_choices":[{"data":"Bash","floor":6,"key":"SMITH"},{"data":"Clothesline","floor":11,"key":"SMITH"},{"data":"Sword Boomerang","floor":13,"key":"SMITH"},{"data":"Anger","floor":15,"key":"SMITH"},{"floor":23,"key":"RECALL"}],"neow_cost":"NONE","seed_source_timestamp":559917555528689,"circlet_count":0,"master_deck":["AscendersBane","Strike_R","Strike_R","Strike_R","Defend_R","Defend_R","Defend_R","Defend_R","Bash+1","Sword Boomerang+1","Twin Strike","Shrug It Off","Feel No Pain","Clothesline+1","Offering","Sword Boomerang","Anger+1","Demon Form","Havoc","Feel No Pain","Ghostly","Ghostly","Ghostly"],"relics":["Burning Blood","Smiling Mask","FossilizedHelix","Darkstone Periapt","PreservedInsect","Fusion Hammer","Brimstone"],"potions_floor_usage":[8,16,16],"damage_taken":[{"damage":1,"enemies":"2 Louse","floor":1,"turns":4},{"damage":8,"enemies":"Jaw Worm","floor":3,"turns":5},{"damage":10,"enemies":"Small Slimes","floor":4,"turns":3},{"damage":13,"enemies":"Looter","floor":7,"turns":4},{"damage":24,"enemies":"Gremlin Nob","floor":8,"turns":4},{"damage":20,"enemies":"3 Sentries","floor":10,"turns":15},{"damage":4,"enemies":"Blue Slaver","floor":12,"turns":4},{"damage":8,"enemies":"3 Louse","floor":14,"turns":4},{"damage":29,"enemies":"Hexaghost","floor":16,"turns":6},{"damage":6,"enemies":"Chosen","floor":18,"turns":4},{"damage":59,"enemies":"Gremlin Leader","floor":24,"turns":4}],"seed_played":"-7919442164561855364","potions_obtained":[{"floor":3,"key":"BloodPotion"},{"floor":7,"key":"Weak Potion"},{"floor":10,"key":"Strength Potion"},{"floor":14,"key":"SkillPotion"},{"floor":18,"key":"Fruit Juice"}],"is_trial":false,"path_per_floor":["M","?","M","M","?","R","M","E","T","E","R","M","R","M","R","B",null,"M","?","$","?","?","R","E"],"character_chosen":"IRONCLAD","items_purchased":["Brimstone","Feel No Pain"],"campfire_rested":0,"item_purchase_floors":[20,20],"current_hp_per_floor":[73,78,76,72,72,72,65,47,47,33,33,35,35,33,33,10,63,63,63,63,63,40,40,0],"gold":64,"neow_bonus":"RANDOM_COMMON_RELIC","is_prod":false,"is_daily":false,"chose_seed":false,"campfire_upgraded":4,"win_rate":0,"timestamp":1557201837,"path_taken":["M","?","M","M","?","R","M","E","T","E","R","?","R","M","R","BOSS","M","?","$","?","?","R","E"],"build_version":"2019-04-23","purchased_purges":1,"victory":false,"max_hp_per_floor":[75,80,80,80,80,80,80,80,80,80,80,80,80,80,80,80,80,80,80,80,80,40,40,40],"card_choices":[{"not_picked":["Wild Strike","Clash"],"picked":"Sword Boomerang","floor":1},{"not_picked":["Warcry","Entrench"],"picked":"Twin Strike","floor":3},{"not_picked":["Thunderclap","Heavy Blade"],"picked":"Shrug It Off","floor":4},{"not_picked":["Dual Wield","Armaments"],"picked":"Feel No Pain","floor":7},{"not_picked":["Thunderclap","Sword Boomerang"],"picked":"Clothesline","floor":8},{"not_picked":["Pummel","Clothesline"],"picked":"Offering","floor":10},{"not_picked":["Warcry","Carnage"],"picked":"Sword Boomerang","floor":12},{"not_picked":["Clothesline","True Grit"],"picked":"Anger","floor":14},{"not_picked":["Impervious","Bludgeon"],"picked":"Demon Form","floor":16},{"not_picked":["Heavy Blade","Thunderclap"],"picked":"Havoc","floor":18}],"player_experience":6226474,"relics_obtained":[{"floor":8,"key":"FossilizedHelix"},{"floor":9,"key":"Darkstone Periapt"},{"floor":10,"key":"PreservedInsect"}],"event_choices":[{"damage_healed":0,"gold_gain":0,"player_choice":"Donut","damage_taken":0,"max_hp_gain":5,"max_hp_loss":0,"event_name":"Big Fish","floor":2,"gold_loss":0},{"cards_removed":["Strike_R"],"damage_healed":0,"gold_gain":0,"player_choice":"Card Removal","damage_taken":0,"max_hp_gain":0,"max_hp_loss":0,"event_name":"The Cleric","floor":5,"gold_loss":75},{"damage_healed":0,"gold_gain":0,"player_choice":"Ignored","damage_taken":0,"max_hp_gain":0,"max_hp_loss":0,"event_name":"Beggar","floor":19,"gold_loss":0},{"damage_healed":0,"gold_gain":50,"player_choice":"Stole From Cult","damage_taken":0,"max_hp_gain":0,"max_hp_loss":0,"event_name":"Nest","floor":21,"gold_loss":0},{"damage_healed":0,"gold_gain":0,"player_choice":"Became a Ghost","damage_taken":0,"max_hp_gain":0,"max_hp_loss":40,"event_name":"Ghosts","floor":22,"gold_loss":0,"cards_obtained":["Ghostly","Ghostly","Ghostly"]}],"is_beta":true,"boss_relics":[{"not_picked":["Philosopher\u0027s Stone","White Beast Statue"],"picked":"Fusion Hammer"}],"items_purged_floors":[20],"is_endless":false,"potions_floor_spawned":[3,7,10,14,18],"killed_by":"Gremlin Leader","ascension_level":20}