{"gold_per_floor":[365,383,383,658,676,676,710,133,180,180,180,255,280,290,290,364,364,378,378,42,61,111,111,141,141,141,56,91,102,136,155,155,233,233,251,265,365,378,393,393,393,427,450,410,428,362,362,395,395,395,395],"floor_reached":51,"playtime":2185,"items_purged":["Regret"],"score":1597,"play_id":"5ba50390-ddb4-409d-b258-775267da9be1","local_time":"20190428235243","is_ascension_mode":true,"campfire_choices":[{"data":"Perfected Strike","floor":6,"key":"SMITH"},{"data":"Uppercut","floor":11,"key":"SMITH"},{"data":"Bash","floor":15,"key":"SMITH"},{"data":"Immolate","floor":23,"key":"SMITH"},{"data":"Inflame","floor":25,"key":"SMITH"},{"data":"Disarm","floor":32,"key":"SMITH"},{"floor":40,"key":"RECALL"},{"data":"Corruption","floor":47,"key":"SMITH"},{"data":"Spot Weakness","floor":49,"key":"SMITH"}],"neow_cost":"CURSE","seed_source_timestamp":537960151983256,"circlet_count":0,"master_deck":["AscendersBane","Strike_R+1","Strike_R+1","Strike_R+1","Strike_R+1","Strike_R+1","Defend_R+1","Defend_R+1","Defend_R+1","Defend_R+1","Bash+1","Uppercut+1","Twin Strike","Perfected Strike+1","Pommel Strike","Immolate+1","Spot Weakness+1","Inflame+1","Sword Boomerang+1","Pommel Strike","Disarm+1","Perfected Strike+1","Inflame+1","Evolve","Warcry+1","Corruption+1","Warcry+1"],"relics":["Burning Blood","Bag of Preparation","Happy Flower","Bronze Scales","Peace Pipe","Orichalcum","Ancient Tea Set","Coffee Dripper","Membership Card","Pen Nib","Dream Catcher","Vajra","StoneCalendar","Dodecahedron","Eternal Feather","Calipers","Regal Pillow","Omamori","Strawberry"],"potions_floor_usage":[7,18,24,28,42,45,51,51],"damage_taken":[{"damage":6,"enemies":"Cultist","floor":1,"turns":3},{"damage":8,"enemies":"2 Louse","floor":2,"turns":3},{"damage":8,"enemies":"Small Slimes","floor":5,"turns":3},{"damage":22,"enemies":"3 Sentries","floor":7,"turns":7},{"damage":3,"enemies":"Looter","floor":14,"turns":2},{"damage":2,"enemies":"Hexaghost","floor":16,"turns":7},{"damage":5,"enemies":"2 Thieves","floor":18,"turns":3},{"damage":5,"enemies":"Spheric Guardian","floor":21,"turns":3},{"damage":12,"enemies":"Slavers","floor":24,"turns":3},{"damage":0,"enemies":"Gremlin Leader","floor":28,"turns":2},{"damage":0,"enemies":"Snecko","floor":29,"turns":2},{"damage":8,"enemies":"Book of Stabbing","floor":30,"turns":2},{"damage":0,"enemies":"Snake Plant","floor":31,"turns":2},{"damage":63,"enemies":"Automaton","floor":33,"turns":7},{"damage":13,"enemies":"Orb Walker","floor":35,"turns":3},{"damage":24,"enemies":"3 Darklings","floor":36,"turns":3},{"damage":0,"enemies":"Mind Bloom Boss Battle","floor":37,"turns":5},{"damage":0,"enemies":"Sphere and 2 Shapes","floor":38,"turns":1},{"damage":14,"enemies":"Transient","floor":39,"turns":6},{"damage":25,"enemies":"Giant Head","floor":42,"turns":5},{"damage":22,"enemies":"Spire Growth","floor":45,"turns":3},{"damage":0,"enemies":"Nemesis","floor":48,"turns":1},{"damage":82,"enemies":"Time Eater","floor":50,"turns":7},{"damage":17,"enemies":"Awakened One","floor":51,"turns":3}],"seed_played":"5462900328943962294","potions_obtained":[{"floor":1,"key":"Block Potion"},{"floor":5,"key":"Block Potion"},{"floor":18,"key":"Poison Potion"},{"floor":29,"key":"FairyPotion"},{"floor":31,"key":"Energy Potion"},{"floor":35,"key":"GamblersBrew"},{"floor":36,"key":"Energy Potion"},{"floor":42,"key":"Regen Potion"},{"floor":45,"key":"Poison Potion"}],"is_trial":false,"path_per_floor":["M","M","?","?","M","R","E","$","T","?","R","?","T","M","R","B",null,"M","?","$","M","?","R","E","R","T","?","E","M","E","M","R","B",null,"M","M","?","M","M","R","?","E","T","$","M","$","R","E","R","B","B"],"character_chosen":"IRONCLAD","items_purchased":["Bronze Scales","Peace Pipe","Membership Card","Pen Nib","Explosive Potion","Evolve","Corruption","Energy Potion"],"campfire_rested":0,"item_purchase_floors":[8,8,20,20,20,44,46,46],"current_hp_per_floor":[68,66,55,55,53,53,37,37,37,30,30,19,19,22,22,26,63,64,64,64,65,65,65,59,59,59,59,65,71,69,75,75,18,61,54,36,42,48,40,52,85,66,66,66,59,59,74,87,92,16,0],"gold":395,"neow_bonus":"TWO_FIFTY_GOLD","is_prod":false,"is_daily":false,"chose_seed":false,"campfire_upgraded":8,"win_rate":0,"timestamp":1556509963,"path_taken":["M","M","?","?","?","R","E","$","T","?","R","?","?","M","R","BOSS","M","?","$","M","?","R","E","R","T","?","E","M","E","M","R","BOSS","M","M","?","M","M","R","?","E","T","$","?","$","R","E","R","BOSS","BOSS"],"build_version":"2019-01-23","purchased_purges":1,"victory":false,"max_hp_per_floor":[75,75,75,75,75,75,75,75,75,75,75,75,75,75,75,75,75,75,75,75,75,75,75,75,75,75,75,75,75,75,75,75,75,75,75,75,75,75,75,75,85,85,85,85,85,85,85,92,92,92,92],"card_choices":[{"not_picked":["Armaments","Infernal Blade"],"picked":"Uppercut","floor":1},{"not_picked":["Rage","Clash"],"picked":"Twin Strike","floor":2},{"not_picked":["Impervious","Iron Wave"],"picked":"Perfected Strike","floor":5},{"not_picked":["Second Wind","Impervious","Limit Break"],"picked":"SKIP","floor":7},{"not_picked":["Body Slam","Entrench"],"picked":"Pommel Strike","floor":14},{"not_picked":["Berserk","Reaper"],"picked":"Immolate","floor":16},{"not_picked":["Perfected Strike","Warcry"],"picked":"Spot Weakness","floor":18},{"not_picked":["Reckless Charge","Armaments"],"picked":"Inflame","floor":21},{"not_picked":["Bludgeon","Thunderclap","Cleave"],"picked":"SKIP","floor":24},{"not_picked":["Dual Wield","Flex","Spot Weakness"],"picked":"SKIP","floor":28},{"not_picked":["Corruption","Clash"],"picked":"Sword Boomerang+1","floor":29},{"not_picked":["Armaments","Blood for Blood"],"picked":"Pommel Strike","floor":30},{"not_picked":["Warcry","Whirlwind+1"],"picked":"Disarm","floor":31},{"not_picked":["Impervious","Feed"],"picked":"Exhume","floor":33},{"not_picked":["Clothesline","Spot Weakness+1"],"picked":"Perfected Strike+1","floor":35},{"not_picked":["Wild Strike","Headbutt","Rage+1"],"picked":"SKIP","floor":36},{"not_picked":["Clash","Bloodletting","Havoc"],"picked":"SKIP","floor":38},{"not_picked":["Body Slam+1","Wild Strike+1","Cleave"],"picked":"SKIP","floor":39},{"not_picked":["Sentinel","Entrench"],"picked":"Inflame+1","floor":42},{"not_picked":["Battle Trance","Ghostly Armor"],"picked":"Warcry+1","floor":45},{"not_picked":["Entrench","Seeing Red"],"picked":"Warcry+1","floor":48}],"player_experience":2066086,"relics_obtained":[{"floor":7,"key":"Happy Flower"},{"floor":9,"key":"Orichalcum"},{"floor":13,"key":"Ancient Tea Set"},{"floor":24,"key":"Dream Catcher"},{"floor":28,"key":"StoneCalendar"},{"floor":30,"key":"Dodecahedron"},{"floor":37,"key":"Calipers"},{"floor":42,"key":"Regal Pillow"},{"floor":43,"key":"Omamori"},{"floor":48,"key":"Strawberry"}],"event_choices":[{"damage_healed":0,"gold_gain":0,"player_choice":"Success","damage_taken":11,"relics_obtained":["Bag of Preparation"],"max_hp_gain":0,"max_hp_loss":0,"event_name":"Scrap Ooze","floor":3,"gold_loss":0},{"damage_healed":0,"gold_gain":275,"player_choice":"Desecrate","damage_taken":0,"max_hp_gain":0,"max_hp_loss":0,"event_name":"Golden Shrine","floor":4,"gold_loss":0,"cards_obtained":["Regret"]},{"cards_removed":["Clumsy"],"damage_healed":0,"gold_gain":0,"player_choice":"Card Removal","damage_taken":7,"max_hp_gain":0,"max_hp_loss":0,"event_name":"Golden Wing","floor":10,"gold_loss":0},{"damage_healed":0,"gold_gain":75,"player_choice":"Gather Gold","damage_taken":11,"max_hp_gain":0,"max_hp_loss":0,"event_name":"World of Goop","floor":12,"gold_loss":0},{"damage_healed":0,"gold_gain":0,"player_choice":"Simplicity","damage_taken":0,"max_hp_gain":0,"max_hp_loss":0,"event_name":"Back to Basics","floor":19,"gold_loss":0,"cards_upgraded":["Strike_R","Strike_R","Strike_R","Strike_R","Strike_R","Defend_R","Defend_R","Defend_R","Defend_R"]},{"damage_healed":0,"gold_gain":50,"player_choice":"Stole From Cult","damage_taken":0,"max_hp_gain":0,"max_hp_loss":0,"event_name":"Nest","floor":22,"gold_loss":0},{"damage_healed":0,"gold_gain":0,"player_choice":"Obtained Relic","damage_taken":0,"relics_obtained":["Vajra"],"max_hp_gain":0,"max_hp_loss":0,"event_name":"Addict","floor":27,"gold_loss":85},{"damage_healed":0,"gold_gain":0,"player_choice":"Fight","damage_taken":0,"max_hp_gain":0,"max_hp_loss":0,"event_name":"MindBloom","floor":37,"gold_loss":0},{"cards_removed":["Exhume"],"damage_healed":23,"gold_gain":0,"player_choice":"Offered Rare","damage_taken":0,"max_hp_gain":10,"max_hp_loss":0,"event_name":"Bonfire Elementals","floor":41,"gold_loss":0}],"is_beta":false,"boss_relics":[{"not_picked":["Lizard Tail","Runic Dome"],"picked":"Coffee Dripper"},{"not_picked":["Black Blood","Runic Cube"],"picked":"Eternal Feather"}],"items_purged_floors":[8],"is_endless":false,"potions_floor_spawned":[1,5,18,29,31,35,36,42,45],"killed_by":"Awakened One","ascension_level":20}