{"gold_per_floor":[17,17,33,33,46,46,72,72,150,178,198,11,38,50,50,50],"floor_reached":16,"playtime":830,"items_purged":["Strike_R"],"score":290,"play_id":"14301d3f-5fbb-4bf8-81ee-d7175128ad53","local_time":"20190407030033","is_ascension_mode":true,"campfire_choices":[{"data":"Bash","floor":6,"key":"SMITH"},{"data":"Sword Boomerang","floor":8,"key":"SMITH"},{"data":"Uppercut","floor":15,"key":"SMITH"}],"neow_cost":"NO_GOLD","seed_source_timestamp":492143349830967,"circlet_count":0,"master_deck":["AscendersBane","Strike_R+1","Strike_R","Defend_R","Defend_R","Defend_R","Bash+1","Sword Boomerang+1","Pommel Strike+1","Evolve","Power Through","Entrench+1","Shrug It Off+1","Uppercut+1"],"relics":["Burning Blood","Juzu Bracelet","Whetstone","Toxic Egg 2","Shuriken","Bag of Preparation"],"potions_floor_usage":[5,7,10,13,13],"damage_taken":[{"damage":13,"enemies":"Jaw Worm","floor":1,"turns":5},{"damage":6,"enemies":"Cultist","floor":3,"turns":3},{"damage":0,"enemies":"2 Louse","floor":5,"turns":1},{"damage":35,"enemies":"3 Sentries","floor":7,"turns":10},{"damage":15,"enemies":"Lagavulin","floor":10,"turns":6},{"damage":20,"enemies":"Exordium Thugs","floor":11,"turns":5},{"damage":0,"enemies":"3 Sentries","floor":13,"turns":7},{"damage":0,"enemies":"Blue Slaver","floor":14,"turns":4},{"damage":38,"enemies":"Hexaghost","floor":16,"turns":9}],"seed_played":"8935342157374376619","potions_obtained":[{"floor":1,"key":"BloodPotion"},{"floor":3,"key":"Explosive Potion"},{"floor":7,"key":"Poison Potion"}],"is_trial":false,"path_per_floor":["M","?","M","?","M","R","E","R","T","E","M","$","E","M","R","B"],"character_chosen":"IRONCLAD","items_purchased":["Fire Potion","Swift Potion"],"campfire_rested":0,"item_purchase_floors":[12,12],"current_hp_per_floor":[61,61,61,61,67,67,45,45,45,36,22,22,28,34,34,0],"gold":50,"neow_bonus":"REMOVE_TWO","is_prod":false,"is_daily":false,"chose_seed":false,"campfire_upgraded":3,"win_rate":0,"timestamp":1554620433,"path_taken":["M","?","?","?","M","R","E","R","T","E","M","?","E","M","R","BOSS"],"build_version":"2019-01-23","purchased_purges":1,"victory":false,"max_hp_per_floor":[75,75,75,75,75,75,75,75,75,75,75,75,75,75,75,75],"card_choices":[{"not_picked":["Second Wind","Hemokinesis"],"picked":"Sword Boomerang","floor":1},{"not_picked":["Intimidate","Perfected Strike"],"picked":"Pommel Strike","floor":3},{"not_picked":["Flex","Armaments"],"picked":"Evolve","floor":5},{"not_picked":["Brutality","Sentinel"],"picked":"Power Through","floor":7},{"not_picked":["Thunderclap","Uppercut"],"picked":"Entrench+1","floor":10},{"not_picked":["Sword Boomerang","Havoc+1"],"picked":"Shrug It Off+1","floor":11},{"not_picked":["Seeing Red+1","Body Slam"],"picked":"Uppercut","floor":13},{"not_picked":["Headbutt","Evolve","Thunderclap"],"picked":"SKIP","floor":14}],"player_experience":1682570,"relics_obtained":[{"floor":4,"key":"Juzu Bracelet"},{"floor":7,"key":"Whetstone"},{"floor":9,"key":"Toxic Egg 2"},{"floor":10,"key":"Shuriken"},{"floor":13,"key":"Bag of Preparation"}],"event_choices":[{"cards_removed":["Strike_R"],"damage_healed":0,"gold_gain":0,"player_choice":"Purged","damage_taken":0,"max_hp_gain":0,"max_hp_loss":0,"event_name":"Purifier","floor":2,"gold_loss":0},{"damage_healed":0,"gold_gain":0,"player_choice":"Relic","damage_taken":0,"max_hp_gain":0,"max_hp_loss":0,"event_name":"Wheel of Change","floor":4,"gold_loss":0}],"is_beta":false,"boss_relics":[],"items_purged_floors":[12],"is_endless":false,"potions_floor_spawned":[1,3,7],"killed_by":"Hexaghost","ascension_level":20}