{"path_per_floor":["M","M","?","?","M","M","M","M","T","M","M","?","M"],"character_chosen":"THE_SILENT","items_purchased":[],"gold_per_floor":[114,131,231,231,251,264,282,300,300,310,324,324,338,338],"floor_reached":14,"campfire_rested":0,"playtime":571,"current_hp_per_floor":[66,66,66,72,65,58,47,47,47,36,14,14,1,0],"items_purged":[],"gold":338,"score":88,"play_id":"0bade7c4-ba34-4f9d-ad1e-461313394e1f","local_time":"20180330201551","is_prod":false,"is_daily":false,"is_ascension_mode":false,"campfire_upgraded":0,"timestamp":1522455351,"path_taken":["M","?","?","?","M","M","M","?","T","M","M","?","?","M"],"build_version":"2018-03-29v2","purchased_purges":0,"victory":false,"master_deck":["Defend_G","Defend_G","Defend_G","Defend_G","Defend_G","Strike_G","Strike_G","Strike_G","Strike_G","Strike_G","Survivor","Neutralize","Wraith Form","Dagger Throw","Infinite Blades","Bouncing Flask","Cloak And Dagger","Blur","Eviscerate","Quick Slash","Malaise"],"max_hp_per_floor":[70,70,70,76,76,76,76,76,76,76,76,76,76,76],"relics":["Ring of the Snake","Darkstone Periapt","Bag of Preparation"],"card_choices":[{"not_picked":["Poisoned Stab","Dagger Throw"],"picked":"Wraith Form","floor":1},{"not_picked":["Quick Slash","Cloak And Dagger"],"picked":"Dagger Throw","floor":2},{"not_picked":["PiercingWail","Poisoned Stab"],"picked":"Infinite Blades","floor":5},{"not_picked":["Dagger Throw","Dodge and Roll"],"picked":"Bouncing Flask","floor":6},{"not_picked":["Prepared","Sucker Punch"],"picked":"Cloak And Dagger","floor":7},{"not_picked":["Outmaneuver","Sucker Punch"],"picked":"Blur","floor":8},{"not_picked":["Dagger Throw","Leg Sweep"],"picked":"Eviscerate","floor":10},{"not_picked":["Sucker Punch","All Out Attack"],"picked":"Quick Slash","floor":11},{"not_picked":["Cloak And Dagger","Dodge and Roll"],"picked":"Malaise","floor":13}],"player_experience":641913,"potions_floor_usage":[8],"damage_taken":[{"damage":4,"enemies":"Cultist","floor":1,"turns":4},{"damage":0,"enemies":"2 Louse","floor":2,"turns":3},{"damage":7,"enemies":"Small Slimes","floor":5,"turns":5},{"damage":7,"enemies":"Looter","floor":6,"turns":5},{"damage":11,"enemies":"Blue Slaver","floor":7,"turns":5},{"damage":0,"enemies":"Gremlin Gang","floor":8,"turns":3},{"damage":11,"enemies":"Looter","floor":10,"turns":3},{"damage":22,"enemies":"Exordium Thugs","floor":11,"turns":6},{"damage":13,"enemies":"Gremlin Gang","floor":13,"turns":5},{"damage":9,"enemies":"Exordium Wildlife","floor":14,"turns":2}],"event_choices":[{"event_name":"Golden Shrine","player_choice":"Pray","floor":3,"damage_taken":0},{"event_name":"Big Fish","player_choice":"Box","floor":4,"damage_taken":0},{"event_name":"Living Wall","player_choice":"Forget","floor":12,"damage_taken":0}],"boss_relics":[],"potions_floor_spawned":[1,7],"seed_played":"-8526149608674316880","killed_by":"Exordium Wildlife","ascension_level":0,"is_trial":false}