{"path_per_floor":["M","?","M","?","$","R","E","M","T","$","?","R","M","$","R","B",null,"M","M","$","?","?","E","T","R","T","R","?","M","M","E","R","B",null,"M","$","?","$","M","R","?","?","T","?","R","$","R","M","R","B"],"character_chosen":"DEFECT","items_purchased":["Leap","Machine Learning","Capacitor","Impulse","Capacitor","Stack","Frozen Egg 2","Double Energy"],"gold_per_floor":[216,216,228,228,29,29,56,75,98,20,44,44,64,18,18,116,116,127,142,119,119,119,148,174,174,174,174,174,184,202,229,229,326,326,341,22,0,0,10,10,63,63,87,87,87,53,53,72,72,72],"floor_reached":51,"campfire_rested":2,"playtime":2698,"current_hp_per_floor":[71,59,59,64,64,64,34,32,32,32,29,29,28,28,28,30,80,61,68,68,68,68,28,28,28,28,28,28,27,34,39,63,58,80,68,68,68,68,68,68,37,37,37,57,57,57,57,57,80,77],"items_purged":["Dualcast"],"gold":72,"score":790,"play_id":"b271e7bb-3e54-4133-ae0b-17436161009e","local_time":"20180428120637","is_prod":false,"is_daily":false,"chose_seed":false,"is_ascension_mode":true,"campfire_upgraded":8,"timestamp":1524942397,"path_taken":["M","?","M","?","$","R","E","?","T","?","?","R","M","$","R","BOSS","M","M","$","?","?","E","?","R","T","R","?","M","M","E","R","BOSS","M","?","?","$","?","R","?","?","T","?","R","$","R","?","R","BOSS"],"build_version":"2018-04-27v3","seed_source_timestamp":238414033736331,"purchased_purges":1,"victory":true,"master_deck":["Strike_B+1","Strike_B+1","Strike_B+1","Strike_B+1","Defend_B+1","Defend_B+1","Defend_B+1","Defend_B+1","Zap+1","FTL","Barrage","Leap","Machine Learning","Force Field","Self Repair","Capacitor","Impulse+1","Rebound","Ball Lightning","Capacitor+1","Creative AI+1","Loop+1","Cold Snap+1","Stack+1","Defragment+1","Force Field+1","Blizzard","Leap","Machine Learning","Stack+1","Skim","Chill+1","Amplify+1","Injury","Writhe","Double Energy+1","Buffer+1"],"max_hp_per_floor":[75,75,75,80,80,80,80,80,80,80,80,80,80,80,80,80,80,80,80,80,80,80,80,80,80,80,80,80,80,80,80,80,80,80,80,80,80,80,80,80,80,80,80,80,80,80,80,80,80,80],"relics":["Cracked Core","Lantern","Du-Vu Doll","Bronze Scales","Odd Mushroom","Cursed Key","Omamori","War Paint","Toolbox","Oddly Smooth Stone","Sozu","Frozen Egg 2","Red Mask","Ice Cream","Vajra"],"card_choices":[{"not_picked":["Impulse","Hologram"],"picked":"FTL","floor":1},{"not_picked":["Axe Kick","Auto Shields"],"picked":"Barrage","floor":3},{"not_picked":["Stack","Prime"],"picked":"Force Field","floor":7},{"not_picked":["Impulse","Streamline"],"picked":"Self Repair","floor":8},{"not_picked":["Doom and Gloom","Chill"],"picked":"Rebound","floor":11},{"not_picked":["Loop","Rip and Tear"],"picked":"Ball Lightning","floor":13},{"not_picked":["Multi-Cast","Seek"],"picked":"Creative AI","floor":16},{"not_picked":["Axe Kick","Leap"],"picked":"Loop","floor":18},{"not_picked":["Glacier","Coolheaded"],"picked":"Cold Snap","floor":19},{"not_picked":["Hologram","Blizzard"],"picked":"Force Field","floor":23},{"not_picked":["Skim","Tempest"],"picked":"Blizzard","floor":29},{"not_picked":["Hologram","Coolheaded"],"picked":"Leap","floor":30},{"not_picked":["Meteor Strike","Fusion"],"picked":"Machine Learning","floor":33},{"not_picked":["Steam Power","Gash"],"picked":"Stack","floor":35},{"not_picked":["Streamline","Flux Capacitor"],"picked":"Skim","floor":39},{"not_picked":["Sunder","Skim"],"picked":"Chill","floor":41},{"not_picked":["Cold Snap","Go for the Eyes"],"picked":"Buffer","floor":48}],"player_experience":535861,"potions_floor_usage":[11,16,19,23,31,33],"damage_taken":[{"damage":4,"enemies":"Jaw Worm","floor":1,"turns":4},{"damage":0,"enemies":"Cultist","floor":3,"turns":3},{"damage":30,"enemies":"Gremlin Nob","floor":7,"turns":4},{"damage":2,"enemies":"2 Louse","floor":8,"turns":3},{"damage":10,"enemies":"The Mushroom Lair","floor":11,"turns":5},{"damage":8,"enemies":"Blue Slaver","floor":13,"turns":3},{"damage":5,"enemies":"The Guardian","floor":16,"turns":10},{"damage":26,"enemies":"3 Byrds","floor":18,"turns":3},{"damage":0,"enemies":"Chosen","floor":19,"turns":4},{"damage":47,"enemies":"Slavers","floor":23,"turns":6},{"damage":8,"enemies":"Sentry and Sphere","floor":29,"turns":5},{"damage":0,"enemies":"Snecko","floor":30,"turns":7},{"damage":2,"enemies":"Book of Stabbing","floor":31,"turns":6},{"damage":12,"enemies":"Champ","floor":33,"turns":11},{"damage":19,"enemies":"Flame Bruiser 1 Orb","floor":35,"turns":5},{"damage":7,"enemies":"Orb Walker","floor":39,"turns":3},{"damage":42,"enemies":"Mysterious Sphere","floor":41,"turns":6},{"damage":7,"enemies":"3 Darklings","floor":48,"turns":6},{"damage":17,"enemies":"Time Eater","floor":50,"turns":12}],"event_choices":[{"event_name":"Scrap Ooze","player_choice":"success","floor":2,"damage_taken":12},{"event_name":"Big Fish","player_choice":"Donut","floor":4,"damage_taken":0},{"event_name":"Mushrooms","player_choice":"Fought Mushrooms","floor":11,"damage_taken":0},{"event_name":"Back to Basics","player_choice":"Simplicity","floor":21,"damage_taken":0},{"event_name":"The Library","player_choice":"Read","floor":22,"damage_taken":0},{"event_name":"The Lab","player_choice":"Got Potions","floor":28,"damage_taken":0},{"event_name":"Tomb of Lord Red Mask","player_choice":"Paid","floor":37,"damage_taken":0},{"event_name":"Mysterious Sphere","player_choice":"Fight","floor":41,"damage_taken":0},{"event_name":"Match and Keep!","player_choice":"1 cards matched","floor":42,"damage_taken":0},{"event_name":"Winding Halls","player_choice":"Writhe","floor":44,"damage_taken":0}],"boss_relics":[{"not_picked":["Ectoplasm","Pandora\u0027s Box"],"picked":"Cursed Key"},{"not_picked":["Snecko Eye","Calling Bell"],"picked":"Sozu"}],"potions_floor_spawned":[3,8,11,13,16,18,29,31,35,48],"seed_played":"2445916433237878367","ascension_level":2,"is_trial":false}