{"path_per_floor":["M","?","M","M","M","E","?","M","T","R","M","?","M","E","R"],"character_chosen":"IRONCLAD","items_purchased":[],"gold_per_floor":[11,11,22,37,49,75,25,43,43,43,59,59,69,97,97],"floor_reached":16,"campfire_rested":0,"playtime":1376,"current_hp_per_floor":[96,89,95,88,85,59,59,54,54,54,60,42,48,42,42],"items_purged":[],"gold":97,"play_id":"e376e0ec-04d7-4eb9-b3fc-3afb7bc38af9","is_prod":false,"is_daily":false,"is_ascension_mode":false,"campfire_upgraded":2,"path_taken":["M","?","?","M","M","E","?","M","T","R","M","?","M","E","R","BOSS"],"build_version":"2018-02-01-PROD3","purchased_purges":0,"victory":false,"master_deck":["Strike_R","Strike_R","Strike_R","Defend_R","Defend_R","Defend_R","Defend_R","Bash","Heavy Blade","Clothesline","Uppercut","Fiend Fire+1","Inflame","True Grit+1","Shrug It Off"],"max_hp_per_floor":[96,96,96,96,96,96,96,96,96,96,96,96,96,96,96],"relics":["Burning Blood","Oddly Smooth Stone","Gambling Chip","Mercury Hourglass","Anchor"],"card_choices":[{"not_picked":["Anger","Second Wind"],"picked":"Heavy Blade"},{"not_picked":["Blood for Blood","Dual Wield"],"picked":"Clothesline"},{"not_picked":["Seeing Red","Whirlwind"],"picked":"Uppercut"},{"not_picked":["Twin Strike","Body Slam"],"picked":"Fiend Fire"},{"not_picked":["Spot Weakness","Armaments"],"picked":"Inflame"},{"not_picked":["Headbutt","Power Through"],"picked":"True Grit"},{"not_picked":["Cleave","Impervious"],"picked":"Shrug It Off"}],"player_experience":36859,"potions_floor_usage":[13,16,16,16],"damage_taken":[{"damage":3,"enemies":"Jaw Worm","floor":1,"turns":4},{"damage":0,"enemies":"Small Slimes","floor":3,"turns":3},{"damage":13,"enemies":"Blue Slaver","floor":4,"turns":6},{"damage":9,"enemies":"2 Fungi Beasts","floor":5,"turns":4},{"damage":32,"enemies":"Gremlin Nob","floor":6,"turns":5},{"damage":11,"enemies":"Large Slime","floor":8,"turns":4},{"damage":0,"enemies":"3 Louse","floor":11,"turns":4},{"damage":0,"enemies":"2 Fungi Beasts","floor":13,"turns":2},{"damage":12,"enemies":"Lagavulin","floor":14,"turns":7},{"damage":46,"enemies":"Hexaghost","floor":16,"turns":9}],"event_choices":[{"event_name":"Golden Wing","player_choice":"Card Removal","floor":2,"damage_taken":0},{"event_name":"The Cleric","player_choice":"Card Removal","floor":7,"damage_taken":0},{"event_name":"Scrap Ooze","player_choice":"success","floor":12,"damage_taken":18}],"boss_relics":[],"potions_floor_spawned":[4,6,8,14],"seed_played":"7184344470366006440","killed_by":"Hexaghost","ascension_level":0,"is_trial":false}