{"gold_per_floor":[367,383,396,16,0,0,31,54,54,80,80,115,115,115,115,189,189,208,220,220,220,220,220,236,236,288,288],"floor_reached":27,"playtime":1829,"items_purged":["Doubt"],"score":375,"play_id":"72a85546-74fb-4f39-b451-b8bf192471a2","local_time":"20190322031034","is_ascension_mode":true,"campfire_choices":[{"data":"Zap","floor":6,"key":"SMITH"},{"data":"Hologram","floor":13,"key":"SMITH"},{"data":"Buffer","floor":15,"key":"SMITH"},{"data":"Seek","floor":23,"key":"SMITH"},{"data":"Dualcast","floor":25,"key":"SMITH"}],"neow_cost":"CURSE","seed_source_timestamp":436488072811682,"circlet_count":0,"master_deck":["AscendersBane","Strike_B","Strike_B","Strike_B","Strike_B","Defend_B","Defend_B","Defend_B","Defend_B","Zap+1","Dualcast+1","Leap","Ball Lightning","Coolheaded+1","Cold Snap","Hologram+1","Cold Snap","Buffer+1","Seek+1","Glacier"],"relics":["Cracked Core","Blood Vial","Anchor","Kunai","Odd Mushroom","Smiling Mask","Bottled Lightning","Gremlin Horn","Inserter","MutagenicStrength","The Courier","PreservedInsect"],"potions_floor_usage":[8,10,16,27],"damage_taken":[{"damage":7,"enemies":"Jaw Worm","floor":1,"turns":4},{"damage":3,"enemies":"2 Louse","floor":2,"turns":2},{"damage":6,"enemies":"Small Slimes","floor":3,"turns":3},{"damage":14,"enemies":"3 Sentries","floor":7,"turns":7},{"damage":8,"enemies":"The Mushroom Lair","floor":8,"turns":4},{"damage":10,"enemies":"Lagavulin","floor":10,"turns":10},{"damage":6,"enemies":"3 Sentries","floor":12,"turns":6},{"damage":20,"enemies":"Slime Boss","floor":16,"turns":17},{"damage":0,"enemies":"Shell Parasite","floor":18,"turns":7},{"damage":0,"enemies":"Chosen","floor":19,"turns":7},{"damage":0,"enemies":"Shelled Parasite and Fungi","floor":24,"turns":13},{"damage":71,"enemies":"Gremlin Leader","floor":27,"turns":8}],"seed_played":"-3278943537056776314","potions_obtained":[{"floor":2,"key":"GamblersBrew"},{"floor":8,"key":"GamblersBrew"},{"floor":10,"key":"Dexterity Potion"},{"floor":18,"key":"SpeedPotion"},{"floor":19,"key":"SteroidPotion"}],"is_trial":false,"path_per_floor":["M","M","M","$","?","R","E","?","T","E","?","E","R","?","R","B",null,"M","M","?","?","?","R","M","R","T","E"],"character_chosen":"DEFECT","items_purchased":["Blood Vial","Anchor"],"campfire_rested":0,"item_purchase_floors":[4,4],"current_hp_per_floor":[61,58,52,52,52,52,40,34,34,26,26,22,22,27,27,9,62,64,66,51,51,51,51,53,53,53,0],"gold":288,"neow_bonus":"TWO_FIFTY_GOLD","is_prod":false,"is_daily":false,"chose_seed":false,"campfire_upgraded":5,"win_rate":0,"timestamp":1553238634,"path_taken":["M","M","M","$","?","R","E","?","T","E","?","E","R","?","R","BOSS","M","M","?","?","?","R","?","R","T","E"],"build_version":"2019-01-23","purchased_purges":1,"victory":false,"max_hp_per_floor":[75,75,75,75,75,75,75,75,75,75,75,75,75,80,80,80,80,80,80,85,85,85,85,85,85,85,85],"card_choices":[{"not_picked":["Compile Driver","Steam"],"picked":"Leap","floor":1},{"not_picked":["Darkness","Blizzard"],"picked":"Ball Lightning","floor":2},{"not_picked":["Beam Cell","Skim"],"picked":"Coolheaded","floor":3},{"not_picked":["Coolheaded","Gash"],"picked":"Cold Snap","floor":7},{"not_picked":["Go for the Eyes","Steam"],"picked":"Hologram","floor":8},{"not_picked":["Double Energy","Redo"],"picked":"Cold Snap","floor":10},{"not_picked":["Reprogram","Loop"],"picked":"Buffer","floor":12},{"not_picked":["Biased Cognition","Creative AI"],"picked":"Seek","floor":16},{"not_picked":["Self Repair","Scrape"],"picked":"Glacier","floor":18},{"not_picked":["Redo","Cold Snap","Beam Cell+1"],"picked":"SKIP","floor":19},{"not_picked":["Redo","Hologram","Cold Snap"],"picked":"SKIP","floor":24}],"player_experience":1330200,"relics_obtained":[{"floor":7,"key":"Kunai"},{"floor":8,"key":"Odd Mushroom"},{"floor":9,"key":"Smiling Mask"},{"floor":10,"key":"Bottled Lightning"},{"floor":12,"key":"Gremlin Horn"},{"floor":26,"key":"PreservedInsect"}],"event_choices":[{"damage_healed":0,"gold_gain":0,"player_choice":"Left Gold","damage_taken":0,"max_hp_gain":0,"max_hp_loss":0,"event_name":"World of Goop","floor":5,"gold_loss":16},{"damage_healed":0,"gold_gain":0,"player_choice":"Fought Mushrooms","damage_taken":0,"max_hp_gain":0,"max_hp_loss":0,"event_name":"Mushrooms","floor":8,"gold_loss":0},{"damage_healed":0,"gold_gain":0,"player_choice":"Grow","damage_taken":0,"max_hp_gain":0,"max_hp_loss":0,"event_name":"Living Wall","floor":11,"gold_loss":0,"cards_upgraded":["Coolheaded"]},{"damage_healed":0,"gold_gain":0,"player_choice":"Donut","damage_taken":0,"max_hp_gain":5,"max_hp_loss":0,"event_name":"Big Fish","floor":14,"gold_loss":0},{"damage_healed":0,"gold_gain":0,"player_choice":"Shed Blood","damage_taken":20,"max_hp_gain":5,"max_hp_loss":0,"event_name":"Forgotten Altar","floor":20,"gold_loss":0},{"damage_healed":0,"gold_gain":0,"player_choice":"Inject Mutagens","damage_taken":0,"relics_obtained":["MutagenicStrength"],"max_hp_gain":0,"max_hp_loss":0,"event_name":"Drug Dealer","floor":21,"gold_loss":0},{"damage_healed":0,"gold_gain":0,"player_choice":"Opened","damage_taken":0,"relics_obtained":["The Courier"],"max_hp_gain":0,"max_hp_loss":0,"event_name":"The Mausoleum","floor":22,"gold_loss":0}],"is_beta":false,"boss_relics":[{"not_picked":["Philosopher\u0027s Stone","Snecko Eye"],"picked":"Inserter"}],"items_purged_floors":[4],"is_endless":false,"potions_floor_spawned":[2,8,10,18,19],"killed_by":"Gremlin Leader","ascension_level":13}