{"gold_per_floor":[111,126,38,3,3,3,23,23,23,23,23,23,54,69,69,146,146,163,163,173,173,12,12,29,29,56,70,70,70,95,120,120,120],"floor_reached":33,"playtime":971,"items_purged":[],"score":522,"play_id":"7f7a3ef7-d77b-49cb-882a-a36068b453b5","local_time":"20190425011748","is_ascension_mode":true,"campfire_choices":[{"data":"Genetic Algorithm","floor":6,"key":"SMITH"},{"data":"Zap","floor":8,"key":"SMITH"},{"data":"Streamline","floor":10,"key":"SMITH"},{"data":"Dualcast","floor":15,"key":"SMITH"},{"floor":23,"key":"REST"},{"floor":25,"key":"RECALL"},{"floor":29,"key":"REST"},{"floor":32,"key":"REST"}],"neow_cost":"NONE","seed_source_timestamp":198661158904333,"circlet_count":0,"master_deck":["AscendersBane","Strike_B","Strike_B","Strike_B","Defend_B","Defend_B","Defend_B","Defend_B","Zap+1","Dualcast+1","Cold Snap","Streamline+1","Genetic Algorithm+1","Ball Lightning","All For One","Cold Snap","All For One","Steam+1","Gash"],"relics":["Cracked Core","NeowsBlessing","Pocketwatch","Matryoshka","StoneCalendar","Bag of Marbles","Sozu","Enchiridion","Vajra","Omamori","PreservedInsect","Lantern","Potion Belt","Strawberry","Ancient Tea Set"],"potions_floor_usage":[33,33],"damage_taken":[{"damage":0,"enemies":"2 Louse","floor":1,"turns":1},{"damage":0,"enemies":"Cultist","floor":2,"turns":1},{"damage":0,"enemies":"Small Slimes","floor":7,"turns":1},{"damage":30,"enemies":"Lagavulin","floor":13,"turns":4},{"damage":10,"enemies":"Exordium Wildlife","floor":14,"turns":4},{"damage":15,"enemies":"Hexaghost","floor":16,"turns":7},{"damage":11,"enemies":"Spheric Guardian","floor":18,"turns":3},{"damage":6,"enemies":"2 Thieves","floor":20,"turns":3},{"damage":5,"enemies":"Centurion and Healer","floor":24,"turns":6},{"damage":14,"enemies":"Chosen and Byrds","floor":27,"turns":6},{"damage":44,"enemies":"Gremlin Leader","floor":31,"turns":6},{"damage":31,"enemies":"Champ","floor":33,"turns":7}],"seed_played":"-8280318017956450984","potions_obtained":[{"floor":1,"key":"EssenceOfSteel"},{"floor":13,"key":"Dexterity Potion"},{"floor":14,"key":"Fruit Juice"}],"is_trial":false,"path_per_floor":["M","M","$","?","?","R","M","R","T","R","?","$","E","M","R","B",null,"M","?","M","?","$","R","M","R","T","M","?","R","T","E","R","B"],"character_chosen":"DEFECT","items_purchased":["Genetic Algorithm","Vajra"],"campfire_rested":3,"item_purchase_floors":[3,22],"current_hp_per_floor":[64,64,64,71,71,71,71,71,71,71,60,60,30,20,20,5,55,44,23,17,17,17,38,33,33,33,19,19,40,47,3,26,0],"gold":120,"neow_bonus":"THREE_ENEMY_KILL","is_prod":false,"is_daily":false,"chose_seed":false,"campfire_upgraded":4,"win_rate":0,"timestamp":1556169468,"path_taken":["M","M","$","?","?","R","?","R","T","R","?","?","E","M","R","BOSS","M","?","M","?","$","R","M","R","T","?","?","R","?","E","R","BOSS"],"build_version":"2019-01-23","purchased_purges":0,"victory":false,"max_hp_per_floor":[71,71,71,71,71,71,71,71,71,71,71,71,71,71,71,71,71,71,71,71,71,71,71,71,71,71,71,71,71,78,78,78,83],"card_choices":[{"not_picked":["Consume","Compile Driver"],"picked":"Cold Snap","floor":1},{"not_picked":["Conserve Battery","Go for the Eyes"],"picked":"Streamline","floor":2},{"not_picked":["Leap","Force Field"],"picked":"Ball Lightning","floor":7},{"not_picked":["Recycle","Reprogram"],"picked":"All For One","floor":13},{"not_picked":["Reinforced Body","Rebound"],"picked":"Cold Snap","floor":14},{"not_picked":["Hyperbeam","Thunder Strike"],"picked":"All For One","floor":16},{"not_picked":["Double Energy","Sweeping Beam","Redo"],"picked":"SKIP","floor":18},{"not_picked":["Double Energy","Go for the Eyes","Barrage"],"picked":"SKIP","floor":20},{"not_picked":["Stack","Rebound"],"picked":"Steam+1","floor":24},{"not_picked":["Sweeping Beam","Barrage+1"],"picked":"Gash","floor":27},{"not_picked":["Steam","Redo","Reinforced Body"],"picked":"SKIP","floor":31}],"player_experience":1930955,"relics_obtained":[{"floor":9,"key":"Matryoshka"},{"floor":13,"key":"Bag of Marbles"},{"floor":19,"key":"Enchiridion"},{"floor":26,"key":"Omamori"},{"floor":26,"key":"PreservedInsect"},{"floor":30,"key":"Potion Belt"},{"floor":30,"key":"Strawberry"},{"floor":31,"key":"Ancient Tea Set"}],"event_choices":[{"damage_healed":17,"gold_gain":0,"player_choice":"Healed","damage_taken":0,"max_hp_gain":0,"max_hp_loss":0,"event_name":"The Cleric","floor":4,"gold_loss":35},{"damage_healed":0,"gold_gain":0,"player_choice":"Gave Potion","damage_taken":0,"relics_obtained":["Pocketwatch"],"max_hp_gain":0,"max_hp_loss":0,"event_name":"WeMeetAgain","floor":5,"gold_loss":0},{"damage_healed":0,"gold_gain":0,"player_choice":"Success","damage_taken":11,"relics_obtained":["StoneCalendar"],"max_hp_gain":0,"max_hp_loss":0,"event_name":"Scrap Ooze","floor":11,"gold_loss":0},{"damage_healed":0,"gold_gain":0,"player_choice":"Obtained Book","damage_taken":21,"max_hp_gain":0,"max_hp_loss":0,"event_name":"Cursed Tome","floor":19,"gold_loss":0},{"cards_removed":["Strike_B"],"damage_healed":0,"gold_gain":0,"player_choice":"Purged","damage_taken":0,"max_hp_gain":0,"max_hp_loss":0,"event_name":"Purifier","floor":21,"gold_loss":0},{"damage_healed":0,"gold_gain":0,"player_choice":"Stole Relic","damage_taken":0,"relics_obtained":["Lantern"],"max_hp_gain":0,"max_hp_loss":0,"event_name":"Addict","floor":28,"gold_loss":0,"cards_obtained":["Shame"]}],"is_beta":false,"boss_relics":[{"not_picked":["Runic Pyramid","Coffee Dripper"],"picked":"Sozu"}],"items_purged_floors":[],"is_endless":false,"potions_floor_spawned":[1,13,14,20,24,31],"killed_by":"Champ","ascension_level":20}