{"gold_per_floor":[117,117,267,282,46,81,81,81,138,138,148,148,167,177,177,251,251,262,262,105,116,36,36,70,70,70,85,85,135,35,70,70,149,149,164,83,83,83,95,120,131,131,131,0,33,51,51,65,65,65,65,65,65,11,36,36],"floor_reached":56,"playtime":2780,"items_purged":["Doubt","Writhe"],"score":2007,"play_id":"d369ea2e-0ad6-4eb1-b73b-5b6eb1b3b3fd","local_time":"20190303122250","is_ascension_mode":true,"campfire_choices":[{"data":"Leg Sweep","floor":7,"key":"SMITH"},{"data":"Caltrops","floor":10,"key":"SMITH"},{"data":"Dash","floor":12,"key":"SMITH"},{"data":"Neutralize","floor":15,"key":"SMITH"},{"floor":23,"key":"REST"},{"data":"Footwork","floor":25,"key":"SMITH"},{"data":"After Image","floor":28,"key":"SMITH"},{"data":"Well Laid Plans","floor":32,"key":"SMITH"},{"data":"Noxious Fumes","floor":42,"key":"SMITH"},{"floor":47,"key":"RECALL"},{"data":"Noxious Fumes","floor":49,"key":"SMITH"},{"data":"Defend_G","floor":53,"key":"SMITH"}],"neow_cost":"NONE","seed_source_timestamp":174331965715535,"circlet_count":0,"master_deck":["AscendersBane","Defend_G","Defend_G","Defend_G","Defend_G+1","Defend_G","Strike_G","Strike_G+1","Strike_G","Neutralize+1","All Out Attack+1","Caltrops+1","Leg Sweep+1","Dash+1","Venomology+1","Flying Knee","Escape Plan+1","Backstab","After Image+1","Necronomicurse","Well Laid Plans+1","Leg Sweep+1","Footwork+1","Noxious Fumes+1","Predator","Burst+1","Noxious Fumes+1","Blur+1","Parasite","Noxious Fumes+1","Cloak And Dagger+1","Crippling Poison+1","Regret","PiercingWail+1","Dodge and Roll+1","Venomology+1"],"relics":["Ring of the Snake","NeowsBlessing","Toxic Egg 2","Tiny Chest","Cursed Key","Necronomicon","Dead Branch","Happy Flower","Gremlin Horn","Eternal Feather","Du-Vu Doll","Mummified Hand","Red Mask","Turnip","Whetstone"],"potions_floor_usage":[13,16,16,24,27,35,39,40,50,51,51,55,56,56,56,56],"damage_taken":[{"damage":0,"enemies":"Cultist","floor":1,"turns":1},{"damage":0,"enemies":"2 Louse","floor":4,"turns":1},{"damage":0,"enemies":"3 Sentries","floor":6,"turns":1},{"damage":0,"enemies":"Jaw Worm","floor":11,"turns":7},{"damage":24,"enemies":"Exordium Thugs","floor":13,"turns":6},{"damage":11,"enemies":"Large Slime","floor":14,"turns":7},{"damage":49,"enemies":"Hexaghost","floor":16,"turns":15},{"damage":9,"enemies":"Shell Parasite","floor":18,"turns":7},{"damage":0,"enemies":"3 Byrds","floor":21,"turns":2},{"damage":0,"enemies":"Book of Stabbing","floor":24,"turns":6},{"damage":0,"enemies":"Centurion and Healer","floor":27,"turns":11},{"damage":22,"enemies":"Slavers","floor":31,"turns":5},{"damage":6,"enemies":"Champ","floor":33,"turns":14},{"damage":23,"enemies":"3 Darklings","floor":35,"turns":6},{"damage":0,"enemies":"Orb Walker","floor":39,"turns":3},{"damage":9,"enemies":"Giant Head","floor":40,"turns":9},{"damage":3,"enemies":"Writhing Mass","floor":41,"turns":8},{"damage":2,"enemies":"Nemesis","floor":45,"turns":7},{"damage":1,"enemies":"Sphere and 2 Shapes","floor":46,"turns":5},{"damage":0,"enemies":"3 Darklings","floor":48,"turns":5},{"damage":31,"enemies":"Time Eater","floor":50,"turns":13},{"damage":11,"enemies":"Donu and Deca","floor":51,"turns":8},{"damage":34,"enemies":"Shield and Spear","floor":55,"turns":8},{"damage":36,"enemies":"The Heart","floor":56,"turns":7}],"seed_played":"4965704914657343755","potions_obtained":[{"floor":4,"key":"SpeedPotion"},{"floor":24,"key":"GhostInAJar"},{"floor":27,"key":"GhostInAJar"},{"floor":41,"key":"EssenceOfSteel"}],"is_trial":false,"path_per_floor":["M","?","?","M","$","E","R","?","T","R","M","R","M","M","R","B",null,"M","?","$","M","$","R","E","R","T","M","R","?","$","E","R","B",null,"M","$","T","?","M","E","M","R","T","?","E","M","R","M","R","B","B",null,"R","$","E","B"],"character_chosen":"THE_SILENT","items_purchased":["Leg Sweep","Dash","Well Laid Plans","Leg Sweep+1","Footwork","Blur+1","SkillPotion"],"campfire_rested":1,"item_purchase_floors":[5,5,20,20,22,36,54],"current_hp_per_floor":[59,52,52,52,52,52,52,52,52,52,52,52,28,17,17,23,55,46,25,25,25,25,44,44,44,44,44,44,44,44,22,22,16,54,31,31,31,31,31,22,19,37,37,37,35,34,52,52,66,35,24,56,66,66,32,0],"gold":36,"neow_bonus":"THREE_ENEMY_KILL","is_prod":false,"is_daily":false,"chose_seed":false,"campfire_upgraded":10,"win_rate":0,"timestamp":1551640970,"path_taken":["M","?","?","M","$","E","R","?","T","R","M","R","M","?","R","BOSS","M","?","$","M","$","R","E","R","T","M","R","?","$","E","R","BOSS","M","$","?","?","M","E","M","R","T","?","E","M","R","M","R","BOSS","BOSS","R","$","E","BOSS"],"build_version":"2019-02-06","purchased_purges":2,"victory":false,"max_hp_per_floor":[66,66,66,66,66,66,66,66,66,66,66,66,66,66,66,66,66,66,66,66,66,66,66,66,66,66,66,66,66,66,66,66,66,66,66,66,66,66,66,66,66,66,66,66,66,66,66,66,66,66,66,66,66,66,66,66],"card_choices":[{"not_picked":["Blade Dance","Dagger Spray"],"picked":"All Out Attack","floor":1},{"not_picked":["Flying Knee","Dodge and Roll"],"picked":"Caltrops","floor":4},{"not_picked":["Predator","All Out Attack"],"picked":"Venomology","floor":6},{"not_picked":["Outmaneuver+1","Quick Slash"],"picked":"Flying Knee","floor":11},{"not_picked":["Expertise+1","Underhanded Strike"],"picked":"Escape Plan+1","floor":13},{"not_picked":["Endless Agony","All Out Attack"],"picked":"Backstab","floor":14},{"not_picked":["Night Terror+1","Phantasmal Killer+1"],"picked":"After Image","floor":16},{"not_picked":["Flying Knee","Endless Agony","Distraction+1"],"picked":"SKIP","floor":18},{"not_picked":["Bouncing Flask+1","All Out Attack","Blade Dance+1"],"picked":"SKIP","floor":21},{"not_picked":["Deflect+1","Dagger Spray","Eviscerate"],"picked":"SKIP","floor":24},{"not_picked":["Backstab","Blur+1"],"picked":"Noxious Fumes+1","floor":27},{"not_picked":["Outmaneuver+1","Wraith Form v2"],"picked":"Predator","floor":31},{"not_picked":["Tools of the Trade","Unload"],"picked":"Burst+1","floor":33},{"not_picked":["Skewer+1","Quick Slash"],"picked":"Noxious Fumes","floor":35},{"not_picked":["Choke+1","Acrobatics+1"],"picked":"Noxious Fumes","floor":39},{"not_picked":["Bane+1","Poisoned Stab"],"picked":"Cloak And Dagger+1","floor":40},{"not_picked":["Sucker Punch+1","Distraction+1"],"picked":"Crippling Poison+1","floor":41},{"not_picked":["Acrobatics+1","Caltrops","Calculated Gamble+1"],"picked":"SKIP","floor":45},{"not_picked":["Setup+1","Blur+1"],"picked":"PiercingWail+1","floor":46},{"not_picked":["Masterful Stab+1","Quick Slash"],"picked":"Dodge and Roll+1","floor":48},{"not_picked":["Underhanded Strike","Sucker Punch"],"picked":"Venomology+1","floor":55}],"player_experience":1146128,"relics_obtained":[{"floor":6,"key":"Toxic Egg 2"},{"floor":9,"key":"Tiny Chest"},{"floor":19,"key":"Necronomicon"},{"floor":24,"key":"Dead Branch"},{"floor":26,"key":"Happy Flower"},{"floor":31,"key":"Gremlin Horn"},{"floor":40,"key":"Du-Vu Doll"},{"floor":43,"key":"Mummified Hand"},{"floor":45,"key":"Turnip"},{"floor":55,"key":"Whetstone"}],"event_choices":[{"cards_removed":["Strike_G"],"damage_healed":0,"gold_gain":0,"player_choice":"Card Removal","damage_taken":7,"max_hp_gain":0,"max_hp_loss":0,"event_name":"Golden Wing","floor":2,"gold_loss":0},{"damage_healed":0,"gold_gain":150,"player_choice":"AGREE","damage_taken":0,"max_hp_gain":0,"max_hp_loss":0,"event_name":"Liars Game","floor":3,"gold_loss":0,"cards_obtained":["Doubt"]},{"cards_removed":["Strike_G"],"damage_healed":0,"gold_gain":0,"player_choice":"Purged","damage_taken":0,"max_hp_gain":0,"max_hp_loss":0,"event_name":"Purifier","floor":8,"gold_loss":0},{"damage_healed":0,"gold_gain":0,"player_choice":"Obtained Book","damage_taken":21,"max_hp_gain":0,"max_hp_loss":0,"event_name":"Cursed Tome","floor":19,"gold_loss":0},{"damage_healed":0,"gold_gain":100,"player_choice":"Bet on Murderer","damage_taken":0,"max_hp_gain":0,"max_hp_loss":0,"event_name":"The Joust","floor":29,"gold_loss":50},{"cards_removed":["Survivor"],"damage_healed":0,"gold_gain":0,"player_choice":"Removed Skill","damage_taken":0,"max_hp_gain":0,"max_hp_loss":0,"event_name":"Falling","floor":38,"gold_loss":0},{"damage_healed":0,"gold_gain":0,"player_choice":"Paid","damage_taken":0,"relics_obtained":["Red Mask"],"max_hp_gain":0,"max_hp_loss":0,"event_name":"Tomb of Lord Red Mask","floor":44,"gold_loss":131}],"is_beta":true,"boss_relics":[{"not_picked":["HoveringKite","Ectoplasm"],"picked":"Cursed Key"},{"not_picked":["Runic Pyramid","Philosopher\u0027s Stone"],"picked":"Eternal Feather"}],"items_purged_floors":[5,30],"is_endless":false,"potions_floor_spawned":[4,11,13,21,24,27,33,40,41,46],"killed_by":"The Heart","ascension_level":20}