{"gold_per_floor":[112,262,282,207,218,218,250,250,302,318,70,70,12,23,23,97,97,115,14,114,124,124,124,154,154,154,154,204,216,216,229,229,302,302,312,323,80,180,180,180,0,11,37,65,65,75,108,108,108,108],"floor_reached":50,"playtime":2046,"items_purged":[],"score":1107,"play_id":"9fc89296-a13f-4a0f-a178-58a3f5a76342","local_time":"20190426235407","is_ascension_mode":true,"campfire_choices":[{"data":"Perfected Strike","floor":6,"key":"SMITH"},{"data":"Wild Strike","floor":8,"key":"SMITH"},{"data":"Feed","floor":12,"key":"SMITH"},{"data":"Clothesline","floor":15,"key":"SMITH"},{"data":"Perfected Strike","floor":23,"key":"SMITH"},{"data":"Inflame","floor":27,"key":"SMITH"},{"data":"Pommel Strike","floor":30,"key":"SMITH"},{"floor":32,"key":"REST"},{"floor":40,"key":"RECALL"},{"floor":45,"key":"REST"},{"floor":49,"key":"REST"}],"neow_cost":"NONE","seed_source_timestamp":365361343194413,"circlet_count":0,"master_deck":["AscendersBane","Strike_R+1","Strike_R+1","Strike_R+1","Strike_R+1","Strike_R+1","Defend_R+1","Defend_R+1","Defend_R+1","Defend_R+1","Bash+1","Shrug It Off","Perfected Strike+1","Wild Strike+1","Perfected Strike+1","Feed+1","Clothesline+1","Pommel Strike+1","Reaper","Perfected Strike+1","Shrug It Off","Inflame+1","Metallicize","Offering","Burning Pact","Reaper","Metallicize+1","Shrug It Off","Writhe","Pain","Offering","Armaments+1","Exhume"],"relics":["Cursed Key","Omamori","Vajra","Whetstone","Runic Dome","Pocketwatch","Singing Bowl","Mummified Hand","Mercury Hourglass","Runic Cube","Blood Vial","Ginger","Red Mask","Juzu Bracelet","Bag of Preparation"],"potions_floor_usage":[7,16,24,29,33,33],"damage_taken":[{"damage":9,"enemies":"Jaw Worm","floor":1,"turns":5},{"damage":4,"enemies":"2 Louse","floor":3,"turns":3},{"damage":0,"enemies":"Small Slimes","floor":5,"turns":3},{"damage":0,"enemies":"Gremlin Nob","floor":7,"turns":2},{"damage":0,"enemies":"Exordium Wildlife","floor":10,"turns":3},{"damage":10,"enemies":"Gremlin Gang","floor":14,"turns":3},{"damage":40,"enemies":"Hexaghost","floor":16,"turns":9},{"damage":15,"enemies":"2 Thieves","floor":18,"turns":3},{"damage":18,"enemies":"Colosseum Slavers","floor":20,"turns":3},{"damage":0,"enemies":"Colosseum Nobs","floor":20,"turns":4},{"damage":15,"enemies":"3 Byrds","floor":21,"turns":4},{"damage":21,"enemies":"Book of Stabbing","floor":24,"turns":3},{"damage":6,"enemies":"Cultist and Chosen","floor":29,"turns":3},{"damage":6,"enemies":"Chosen and Byrds","floor":31,"turns":3},{"damage":17,"enemies":"Champ","floor":33,"turns":5},{"damage":14,"enemies":"3 Darklings","floor":35,"turns":4},{"damage":7,"enemies":"3 Shapes","floor":36,"turns":3},{"damage":28,"enemies":"Mind Bloom Boss Battle","floor":38,"turns":6},{"damage":13,"enemies":"Spire Growth","floor":42,"turns":3},{"damage":38,"enemies":"Nemesis","floor":44,"turns":3},{"damage":35,"enemies":"3 Darklings","floor":46,"turns":3},{"damage":31,"enemies":"Reptomancer","floor":47,"turns":5},{"damage":128,"enemies":"Awakened One","floor":50,"turns":16}],"seed_played":"4416449417417261686","potions_obtained":[{"floor":1,"key":"AttackPotion"},{"floor":7,"key":"Strength Potion"},{"floor":10,"key":"SpeedPotion"},{"floor":18,"key":"GamblersBrew"},{"floor":24,"key":"Fire Potion"},{"floor":29,"key":"PowerPotion"},{"floor":31,"key":"AttackPotion"},{"floor":35,"key":"SpeedPotion"},{"floor":36,"key":"BloodPotion"}],"is_trial":false,"path_per_floor":["M","?","M","?","M","R","E","R","T","M","$","R","$","M","R","B",null,"M","$","?","M","?","R","E","?","T","R","?","M","R","M","R","B",null,"M","M","$","?","?","R","?","M","T","E","R","M","E","?","R","B"],"character_chosen":"IRONCLAD","items_purchased":["Whetstone","Feed","Clothesline","Shrug It Off","Inflame","Blood Vial","Ancient Potion"],"campfire_rested":3,"item_purchase_floors":[11,11,13,19,19,37,37],"current_hp_per_floor":[59,59,55,55,55,55,55,55,55,55,55,55,55,49,49,9,62,51,51,58,51,51,51,40,40,40,40,40,52,52,46,74,64,87,73,76,76,66,86,86,86,84,84,48,78,60,55,55,85,0],"gold":108,"neow_bonus":"BOSS_RELIC","is_prod":false,"is_daily":false,"chose_seed":false,"campfire_upgraded":7,"win_rate":0,"timestamp":1556337247,"path_taken":["M","?","M","?","M","R","E","R","T","M","?","R","?","M","R","BOSS","M","$","?","M","?","R","E","?","T","R","?","?","R","?","R","BOSS","M","M","$","?","?","R","?","M","T","E","R","M","E","?","R","BOSS"],"build_version":"2019-01-23","purchased_purges":0,"victory":false,"max_hp_per_floor":[75,75,75,75,75,75,75,75,75,75,75,75,75,79,79,79,79,83,83,87,89,89,89,89,89,89,89,89,95,95,95,95,95,95,95,97,97,101,101,101,101,103,103,103,103,103,103,103,103,103],"card_choices":[{"not_picked":["Sever Soul","Body Slam"],"picked":"Thunderclap","floor":1},{"not_picked":["Battle Trance","Thunderclap"],"picked":"Shrug It Off","floor":3},{"not_picked":["Rupture","Dual Wield"],"picked":"Perfected Strike","floor":5},{"not_picked":["Flex","Spot Weakness"],"picked":"Wild Strike","floor":7},{"not_picked":["Corruption","Dual Wield"],"picked":"Perfected Strike","floor":10},{"not_picked":["Thunderclap","Reckless Charge"],"picked":"Pommel Strike","floor":14},{"not_picked":["Demon Form","Juggernaut"],"picked":"Reaper","floor":16},{"not_picked":["Entrench","Armaments"],"picked":"Perfected Strike","floor":18},{"not_picked":["Entrench","Perfected Strike"],"picked":"Metallicize","floor":20},{"not_picked":["Body Slam","Sword Boomerang","Anger+1"],"picked":"Singing Bowl","floor":21},{"not_picked":["Burning Pact","Disarm"],"picked":"Offering","floor":24},{"not_picked":["Body Slam","Flex","Sword Boomerang"],"picked":"Singing Bowl","floor":29},{"not_picked":["Combust","Pommel Strike"],"picked":"Burning Pact","floor":31},{"not_picked":["Juggernaut","Demon Form"],"picked":"Reaper","floor":33},{"not_picked":["Clash","Anger"],"picked":"Metallicize+1","floor":35},{"not_picked":["Body Slam","Fire Breathing","Evolve"],"picked":"Singing Bowl","floor":36},{"not_picked":["True Grit","Perfected Strike"],"picked":"Shrug It Off","floor":38},{"not_picked":["Clothesline+1","Anger","Perfected Strike"],"picked":"Singing Bowl","floor":42},{"not_picked":["Thunderclap","Armaments"],"picked":"Offering","floor":44},{"not_picked":["Inflame","Shrug It Off"],"picked":"Armaments+1","floor":46},{"not_picked":["Perfected Strike","Brutality"],"picked":"Exhume","floor":47}],"player_experience":1980657,"relics_obtained":[{"floor":7,"key":"Omamori"},{"floor":9,"key":"Vajra"},{"floor":20,"key":"Pocketwatch"},{"floor":20,"key":"Singing Bowl"},{"floor":24,"key":"Mummified Hand"},{"floor":26,"key":"Mercury Hourglass"},{"floor":38,"key":"Ginger"},{"floor":44,"key":"Juzu Bracelet"},{"floor":47,"key":"Bag of Preparation"}],"event_choices":[{"damage_healed":0,"gold_gain":150,"player_choice":"AGREE","damage_taken":0,"max_hp_gain":0,"max_hp_loss":0,"event_name":"Liars Game","floor":2,"gold_loss":0,"cards_obtained":["Doubt"]},{"cards_removed":["Doubt"],"damage_healed":0,"gold_gain":0,"player_choice":"Card Removal","damage_taken":0,"max_hp_gain":0,"max_hp_loss":0,"event_name":"The Cleric","floor":4,"gold_loss":75},{"damage_healed":0,"gold_gain":0,"player_choice":"Fight","damage_taken":0,"max_hp_gain":0,"max_hp_loss":0,"event_name":"Colosseum","floor":20,"gold_loss":0},{"damage_healed":0,"gold_gain":0,"player_choice":"Fought Nobs","damage_taken":0,"max_hp_gain":0,"max_hp_loss":0,"event_name":"Colosseum","floor":20,"gold_loss":0},{"damage_healed":0,"gold_gain":0,"player_choice":"Ignored","damage_taken":0,"max_hp_gain":0,"max_hp_loss":0,"event_name":"Ghosts","floor":22,"gold_loss":0},{"damage_healed":0,"gold_gain":0,"player_choice":"Simplicity","damage_taken":0,"max_hp_gain":0,"max_hp_loss":0,"event_name":"Back to Basics","floor":25,"gold_loss":0,"cards_upgraded":["Strike_R","Strike_R","Strike_R","Strike_R","Strike_R","Defend_R","Defend_R","Defend_R","Defend_R"]},{"damage_healed":0,"gold_gain":50,"player_choice":"Stole From Cult","damage_taken":0,"max_hp_gain":0,"max_hp_loss":0,"event_name":"Nest","floor":28,"gold_loss":0},{"damage_healed":0,"gold_gain":0,"player_choice":"Fight","damage_taken":0,"max_hp_gain":0,"max_hp_loss":0,"event_name":"MindBloom","floor":38,"gold_loss":0},{"damage_healed":20,"gold_gain":0,"player_choice":"Writhe","damage_taken":0,"max_hp_gain":0,"max_hp_loss":0,"event_name":"Winding Halls","floor":39,"gold_loss":0,"cards_obtained":["Writhe"]},{"damage_healed":0,"gold_gain":0,"player_choice":"Paid","damage_taken":0,"relics_obtained":["Red Mask"],"max_hp_gain":0,"max_hp_loss":0,"event_name":"Tomb of Lord Red Mask","floor":41,"gold_loss":180},{"cards_removed":["Thunderclap"],"damage_healed":0,"gold_gain":0,"player_choice":"Removed Attack","damage_taken":0,"max_hp_gain":0,"max_hp_loss":0,"event_name":"Falling","floor":48,"gold_loss":0}],"is_beta":false,"boss_relics":[{"not_picked":["White Beast Statue","Tiny House"],"picked":"Runic Dome"},{"not_picked":["Astrolabe","Runic Pyramid"],"picked":"Runic Cube"}],"items_purged_floors":[],"is_endless":false,"potions_floor_spawned":[1,7,10,18,24,29,31,35,36,44],"killed_by":"Awakened One","ascension_level":20}