{"path_per_floor":["M","?","?","?","M","E","?","R","T","E","M","R","$","M","R","B",null,"M","M","M","?","M","R","E","R","T","E","M","M","?","?","R","B",null,"M","?","M","?","$","R","E","R","T","?","T","M","M","$","R"],"character_chosen":"THE_SILENT","items_purchased":["Well Laid Plans","Lantern","Acrobatics"],"gold_per_floor":[119,69,69,69,81,109,109,109,134,168,183,183,37,50,50,148,178,196,211,224,149,160,160,193,193,193,225,236,249,249,249,249,348,348,358,358,372,372,124,124,158,158,184,0,0,20,32,7,7],"floor_reached":50,"campfire_rested":2,"playtime":3448,"current_hp_per_floor":[60,60,60,65,65,43,29,29,29,14,14,14,14,14,14,11,59,59,59,57,57,51,51,32,53,53,45,45,45,29,29,50,10,57,52,52,52,70,70,70,63,63,63,63,63,59,48,48,48],"items_purged":["Strike_G","Writhe"],"gold":7,"score":611,"play_id":"135b1175-0a51-4c6d-8018-5d9285de8db6","is_prod":false,"is_daily":false,"is_ascension_mode":true,"campfire_upgraded":4,"path_taken":["M","?","?","?","M","E","?","R","T","E","M","R","?","M","R","BOSS","M","M","M","?","M","R","E","R","T","E","M","M","?","?","R","BOSS","M","?","?","?","$","R","E","R","T","?","?","?","M","$","R","BOSS"],"build_version":"2018-02-12-PROD1","purchased_purges":2,"victory":false,"master_deck":["Defend_G","Defend_G+1","Defend_G+1","Defend_G","Strike_G+1","Survivor","Neutralize","Skewer+1","Slice","Cloak And Dagger","Cloak And Dagger+1","Well Laid Plans","Accuracy+1","Backstab","Slice+1","Riddle With Holes","Sucker Punch+1","Caltrops","All Out Attack+1","Riddle With Holes+1","Trip+1","Backstab","Adrenaline","Finisher+1","Blur","Choke+1","Footwork+1","Cloak And Dagger+1","Cloak And Dagger+1","Acrobatics"],"max_hp_per_floor":[63,63,63,68,68,68,68,68,68,68,68,68,68,68,68,68,73,73,73,73,73,73,73,73,73,73,73,73,73,73,73,73,73,73,73,73,73,73,73,73,73,73,73,73,73,73,73,73,73],"relics":["Ring of the Snake","Girya","Prayer Wheel","Bag of Preparation","Shuriken","Tiny House","Dodecahedron","Thread and Needle","War Paint","Sozu","Lantern","Tingsha","Snake Skull","Red Mask","Frozen Eye"],"card_choices":[{"not_picked":["All Out Attack","Masterful Stab"],"picked":"Skewer"},{"not_picked":["Reflex","Prepared"],"picked":"Cloak And Dagger"},{"not_picked":["Underhanded Strike","Setup"],"picked":"Cloak And Dagger"},{"not_picked":["Underhanded Strike","Predator"],"picked":"Accuracy"},{"not_picked":["Acrobatics","Backflip"],"picked":"Backstab"},{"not_picked":["Flying Knee","Prepared"],"picked":"Slice"},{"not_picked":["Poisoned Stab","Sucker Punch"],"picked":"Riddle With Holes"},{"not_picked":["Backflip","Acrobatics"],"picked":"Sucker Punch"},{"not_picked":["Acrobatics","Doppelganger"],"picked":"Caltrops"},{"not_picked":["Outmaneuver","Underhanded Strike"],"picked":"All Out Attack"},{"not_picked":["Bane","Deflect"],"picked":"Riddle With Holes"},{"not_picked":["Burst","Bullet Time"],"picked":"Adrenaline"},{"not_picked":["Crippling Poison","Bouncing Flask"],"picked":"Finisher"},{"not_picked":["Flying Knee","Crippling Poison"],"picked":"Blur"},{"not_picked":["Cloak And Dagger","Underhanded Strike"],"picked":"Choke"},{"not_picked":["Slice","Blur"],"picked":"Footwork"},{"not_picked":["Underhanded Strike","Distraction"],"picked":"Cloak And Dagger"},{"not_picked":["Outmaneuver","Choke"],"picked":"Cloak And Dagger"}],"player_experience":257104,"potions_floor_usage":[6,18,20,22,24,27,33],"damage_taken":[{"damage":3,"enemies":"Cultist","floor":1,"turns":4},{"damage":0,"enemies":"Small Slimes","floor":5,"turns":3},{"damage":22,"enemies":"3 Sentries","floor":6,"turns":9},{"damage":15,"enemies":"Gremlin Nob","floor":10,"turns":4},{"damage":0,"enemies":"Blue Slaver","floor":11,"turns":3},{"damage":0,"enemies":"Looter","floor":14,"turns":2},{"damage":3,"enemies":"The Guardian","floor":16,"turns":10},{"damage":0,"enemies":"3 Byrds","floor":18,"turns":4},{"damage":0,"enemies":"Spheric Guardian","floor":19,"turns":2},{"damage":2,"enemies":"Snecko","floor":20,"turns":4},{"damage":6,"enemies":"Centurion and Healer","floor":22,"turns":4},{"damage":19,"enemies":"Book of Stabbing","floor":24,"turns":4},{"damage":8,"enemies":"Slavers","floor":27,"turns":4},{"damage":0,"enemies":"Chosen and Byrds","floor":28,"turns":3},{"damage":0,"enemies":"Snake Plant","floor":29,"turns":3},{"damage":40,"enemies":"Automaton","floor":33,"turns":8},{"damage":5,"enemies":"3 Darklings","floor":35,"turns":3},{"damage":0,"enemies":"Orb Walker","floor":37,"turns":1},{"damage":7,"enemies":"Giant Head","floor":41,"turns":5},{"damage":4,"enemies":"4 Shapes","floor":46,"turns":1},{"damage":11,"enemies":"Maw","floor":47,"turns":4},{"damage":50,"enemies":"Time Eater","floor":50,"turns":5}],"event_choices":[{"event_name":"The Cleric","player_choice":"Card Removal","floor":2,"damage_taken":0},{"event_name":"Transmorgrifier","player_choice":"Transform","floor":3,"damage_taken":0},{"event_name":"Big Fish","player_choice":"Donut","floor":4,"damage_taken":0},{"event_name":"Shining Light","player_choice":"Entered Light","floor":7,"damage_taken":0},{"event_name":"Beggar","player_choice":"Gave Gold","floor":21,"damage_taken":0},{"event_name":"Knowing Skull","player_choice":"CARD ","floor":30,"damage_taken":0},{"event_name":"Duplicator","player_choice":"One dupe","floor":31,"damage_taken":0},{"event_name":"Winding Halls","player_choice":"Writhe","floor":38,"damage_taken":0},{"event_name":"Tomb of Lord Red Mask","player_choice":"Paid","floor":44,"damage_taken":0}],"boss_relics":[{"not_picked":["The Specimen","Astrolabe"],"picked":"Tiny House"},{"not_picked":["Runic Dome","Cursed Key"],"picked":"Sozu"}],"potions_floor_spawned":[1,5,14,18,19,24,29,35,37,47],"seed_played":"-3746149810769634858","killed_by":"Time Eater","ascension_level":5,"is_trial":false}