{"gold_per_floor":[109,109,124,20,20,20,35,65,65,96,114,164,175,190,190,190],"floor_reached":16,"playtime":851,"items_purged":["Strike_B"],"score":224,"play_id":"3e6e26c3-506f-43cc-9cca-469fe35a4377","local_time":"20190410020945","is_ascension_mode":true,"campfire_choices":[{"data":"Go for the Eyes","floor":6,"key":"SMITH"},{"floor":15,"key":"REST"}],"neow_cost":"NONE","seed_source_timestamp":19704323804470,"circlet_count":0,"master_deck":["AscendersBane","Strike_B","Defend_B","Defend_B","Defend_B","Defend_B","Zap","Dualcast","Cold Snap","Go for the Eyes+1","Cold Snap","Rip and Tear","Compile Driver","Leap","Glacier","Hologram","Ball Lightning"],"relics":["Cracked Core","Bird Faced Urn","Ginger","Omamori"],"potions_floor_usage":[8,11,16],"damage_taken":[{"damage":5,"enemies":"Small Slimes","floor":1,"turns":4},{"damage":7,"enemies":"2 Louse","floor":3,"turns":3},{"damage":0,"enemies":"Cultist","floor":7,"turns":4},{"damage":22,"enemies":"3 Sentries","floor":8,"turns":9},{"damage":10,"enemies":"Lagavulin","floor":10,"turns":6},{"damage":0,"enemies":"3 Louse","floor":11,"turns":2},{"damage":9,"enemies":"Lots of Slimes","floor":13,"turns":4},{"damage":1,"enemies":"Blue Slaver","floor":14,"turns":3},{"damage":31,"enemies":"The Guardian","floor":16,"turns":12}],"seed_played":"-7193166286418758999","potions_obtained":[{"floor":3,"key":"SkillPotion"},{"floor":7,"key":"Ancient Potion"},{"floor":10,"key":"Explosive Potion"},{"floor":14,"key":"Dexterity Potion"}],"is_trial":false,"path_per_floor":["M","?","M","$","?","R","M","E","T","E","M","?","M","M","R","B"],"character_chosen":"DEFECT","items_purchased":["Cold Snap"],"campfire_rested":1,"item_purchase_floors":[4],"current_hp_per_floor":[59,64,57,57,57,57,57,35,35,25,25,18,9,8,30,0],"gold":190,"neow_bonus":"REMOVE_CARD","is_prod":false,"is_daily":false,"chose_seed":false,"campfire_upgraded":1,"win_rate":0,"timestamp":1554876585,"path_taken":["M","?","M","$","?","R","M","E","T","E","?","?","M","?","R","BOSS"],"build_version":"2019-01-23","purchased_purges":1,"victory":false,"max_hp_per_floor":[71,76,76,76,76,76,76,76,76,76,76,76,76,76,76,76],"card_choices":[{"not_picked":["Coolheaded","Redo"],"picked":"Cold Snap","floor":1},{"not_picked":["Darkness","Consume"],"picked":"Go for the Eyes","floor":3},{"not_picked":["Conserve Battery","Coolheaded"],"picked":"Rip and Tear","floor":7},{"not_picked":["Thunder Strike","Storm"],"picked":"Compile Driver","floor":8},{"not_picked":["Gash","Cold Snap"],"picked":"Leap","floor":10},{"not_picked":["Compile Driver","Sweeping Beam"],"picked":"Glacier","floor":11},{"not_picked":["Force Field","Go for the Eyes"],"picked":"Hologram","floor":13},{"not_picked":["Redo","Cold Snap"],"picked":"Ball Lightning","floor":14}],"player_experience":1775414,"relics_obtained":[{"floor":8,"key":"Bird Faced Urn"},{"floor":9,"key":"Ginger"},{"floor":10,"key":"Omamori"}],"event_choices":[{"damage_healed":0,"gold_gain":0,"player_choice":"Donut","damage_taken":0,"max_hp_gain":5,"max_hp_loss":0,"event_name":"Big Fish","floor":2,"gold_loss":0},{"cards_removed":["Strike_B"],"damage_healed":0,"gold_gain":0,"player_choice":"Card Removal","damage_taken":0,"max_hp_gain":0,"max_hp_loss":0,"event_name":"Wheel of Change","floor":5,"gold_loss":0},{"damage_healed":0,"gold_gain":50,"player_choice":"Touch","damage_taken":7,"max_hp_gain":0,"max_hp_loss":0,"event_name":"FaceTrader","floor":12,"gold_loss":0}],"is_beta":false,"boss_relics":[],"items_purged_floors":[4],"is_endless":false,"potions_floor_spawned":[3,7,10,14],"killed_by":"The Guardian","ascension_level":20}