{"gold_per_floor":[111,111,28,78,97,97,423,423,423,451,462,462,488,488,488,562,562,580,3,3,18,37,68,68,103,103,103,119,119,147,162,162,236,236,253,253,77,127,138,138],"floor_reached":40,"playtime":2304,"items_purged":["Strike_G"],"score":1070,"play_id":"73a94d97-3ac3-499b-92a1-5a4714c34331","local_time":"20190511000604","is_ascension_mode":true,"campfire_choices":[{"data":"Neutralize","floor":6,"key":"SMITH"},{"data":"Dagger Throw","floor":8,"key":"SMITH"},{"floor":12,"key":"REST"},{"floor":15,"key":"REST"},{"data":"Cloak And Dagger","floor":24,"key":"SMITH"},{"floor":27,"key":"REST"},{"data":"Backflip","floor":29,"key":"SMITH"},{"data":"Noxious Fumes","floor":32,"key":"SMITH"}],"neow_cost":"NONE","seed_source_timestamp":311951308597508,"circlet_count":0,"master_deck":["AscendersBane","Defend_G","Defend_G","Defend_G","Defend_G","Defend_G","Survivor","Neutralize+1","Flying Knee","Dash","Dagger Throw+1","Poisoned Stab","Backflip+1","Backstab","Malaise+1","Finisher+1","Slice+1","Doppelganger+1","Prepared+1","Backstab","Calculated Gamble","Escape Plan","Cloak And Dagger+1","Endless Agony","Prepared+1","Noxious Fumes+1","Night Terror","Doubt","Parasite","Parasite","PiercingWail","Infinite Blades","Leg Sweep"],"relics":["Ring of the Snake","NeowsBlessing","Old Coin","Unceasing Top","Snake Skull","Centennial Puzzle","Anchor","Astrolabe","Dead Branch","Bag of Marbles","Strawberry","Letter Opener","Bag of Preparation","Calling Bell","Regal Pillow","Dodecahedron","WingedGreaves"],"potions_floor_usage":[13,13,16,18,23,23,33,40],"damage_taken":[{"damage":0,"enemies":"Cultist","floor":1,"turns":1},{"damage":0,"enemies":"2 Louse","floor":5,"turns":1},{"damage":0,"enemies":"Lagavulin","floor":7,"turns":1},{"damage":32,"enemies":"3 Sentries","floor":10,"turns":11},{"damage":0,"enemies":"Small Slimes","floor":11,"turns":3},{"damage":12,"enemies":"Lagavulin","floor":13,"turns":8},{"damage":9,"enemies":"The Guardian","floor":16,"turns":11},{"damage":21,"enemies":"3 Byrds","floor":18,"turns":5},{"damage":1,"enemies":"Shell Parasite","floor":21,"turns":3},{"damage":0,"enemies":"Cultist and Chosen","floor":22,"turns":5},{"damage":5,"enemies":"Gremlin Leader","floor":23,"turns":11},{"damage":3,"enemies":"Book of Stabbing","floor":25,"turns":3},{"damage":0,"enemies":"Chosen and Byrds","floor":28,"turns":2},{"damage":3,"enemies":"Gremlin Leader","floor":30,"turns":8},{"damage":0,"enemies":"Centurion and Healer","floor":31,"turns":1},{"damage":37,"enemies":"Champ","floor":33,"turns":9},{"damage":0,"enemies":"Orb Walker","floor":35,"turns":1},{"damage":8,"enemies":"3 Darklings","floor":39,"turns":4},{"damage":64,"enemies":"Giant Head","floor":40,"turns":6}],"seed_played":"-4014773143248609177","potions_obtained":[{"floor":1,"key":"Strength Potion"},{"floor":10,"key":"AttackPotion"},{"floor":13,"key":"PowerPotion"},{"floor":16,"key":"Explosive Potion"},{"floor":21,"key":"Block Potion"},{"floor":23,"key":"SkillPotion"},{"floor":28,"key":"Ancient Potion"},{"floor":30,"key":"Block Potion"}],"is_trial":false,"path_per_floor":["M","?","$","?","M","R","E","R","T","E","M","R","E","?","R","B",null,"M","$","?","M","M","E","R","E","T","R","M","R","E","M","R","B",null,"M","?","$","?","M","E"],"character_chosen":"THE_SILENT","items_purchased":["Dash","Dead Branch","Backstab","Calculated Gamble","Block Potion","GhostInAJar","Infinite Blades"],"campfire_rested":3,"item_purchase_floors":[3,19,19,19,19,37,37],"current_hp_per_floor":[59,52,52,52,52,52,52,52,52,20,20,39,27,1,20,11,52,31,31,31,30,30,25,25,29,29,50,50,50,47,47,47,10,57,57,57,57,50,42,0],"gold":138,"neow_bonus":"THREE_ENEMY_KILL","is_prod":false,"is_daily":false,"chose_seed":false,"campfire_upgraded":5,"win_rate":0,"timestamp":1557558364,"path_taken":["M","?","$","?","M","R","E","R","T","E","?","R","E","?","R","BOSS","M","$","?","M","?","E","R","E","T","R","M","R","E","M","R","BOSS","M","?","$","?","?","E"],"build_version":"2019-05-07","purchased_purges":1,"victory":false,"max_hp_per_floor":[66,66,66,66,66,66,66,66,66,66,66,66,66,66,66,66,66,66,66,66,66,66,66,66,73,73,73,73,73,73,73,73,73,73,73,73,73,73,73,73],"card_choices":[{"not_picked":["Endless Agony","Outmaneuver"],"picked":"Flying Knee","floor":1},{"not_picked":["Blade Dance","Backflip","Tactician"],"picked":"SKIP","floor":5},{"not_picked":["Eviscerate","Underhanded Strike"],"picked":"Dagger Throw","floor":7},{"not_picked":["Prepared","Burst"],"picked":"Poisoned Stab","floor":10},{"not_picked":["Dodge and Roll","Bane"],"picked":"Backflip","floor":11},{"not_picked":["Tools of the Trade","Tactician"],"picked":"Backstab","floor":13},{"not_picked":["After Image","Glass Knife"],"picked":"Malaise","floor":16},{"not_picked":["Deadly Poison","Catalyst"],"picked":"Prepared+1","floor":18},{"not_picked":["Reflex","Leg Sweep"],"picked":"Escape Plan","floor":21},{"not_picked":["Dodge and Roll","Deflect","Underhanded Strike+1"],"picked":"SKIP","floor":22},{"not_picked":["Dodge and Roll+1","Deflect"],"picked":"Cloak And Dagger","floor":23},{"not_picked":["Predator+1","Bullet Time"],"picked":"Endless Agony","floor":25},{"not_picked":["All Out Attack","Outmaneuver"],"picked":"Prepared+1","floor":28},{"not_picked":["Sucker Punch","Escape Plan"],"picked":"Noxious Fumes","floor":30},{"not_picked":["Sucker Punch","Setup","Accuracy"],"picked":"SKIP","floor":31},{"not_picked":["Bullet Time","Burst"],"picked":"Night Terror","floor":33},{"not_picked":["Skewer","Prepared"],"picked":"PiercingWail","floor":35},{"not_picked":["Expertise","Outmaneuver"],"picked":"Leg Sweep","floor":39}],"player_experience":6353267,"relics_obtained":[{"floor":7,"key":"Old Coin"},{"floor":9,"key":"Unceasing Top"},{"floor":10,"key":"Snake Skull"},{"floor":13,"key":"Centennial Puzzle"},{"floor":23,"key":"Bag of Marbles"},{"floor":25,"key":"Strawberry"},{"floor":26,"key":"Letter Opener"},{"floor":30,"key":"Bag of Preparation"},{"floor":34,"key":"Regal Pillow"},{"floor":34,"key":"Dodecahedron"},{"floor":34,"key":"WingedGreaves"}],"event_choices":[{"cards_removed":["Strike_G"],"damage_healed":0,"gold_gain":0,"player_choice":"Card Removal","damage_taken":7,"max_hp_gain":0,"max_hp_loss":0,"event_name":"Golden Wing","floor":2,"gold_loss":0},{"damage_healed":0,"gold_gain":50,"player_choice":"Pray","damage_taken":0,"max_hp_gain":0,"max_hp_loss":0,"event_name":"Golden Shrine","floor":4,"gold_loss":0},{"damage_healed":0,"gold_gain":0,"player_choice":"Success","damage_taken":26,"relics_obtained":["Anchor"],"max_hp_gain":0,"max_hp_loss":0,"event_name":"Scrap Ooze","floor":14,"gold_loss":0},{"damage_healed":0,"gold_gain":0,"player_choice":"Forge","damage_taken":0,"max_hp_gain":0,"max_hp_loss":0,"event_name":"Accursed Blacksmith","floor":20,"gold_loss":0,"cards_upgraded":["Malaise"]},{"damage_healed":0,"gold_gain":0,"player_choice":"Ignored","damage_taken":0,"max_hp_gain":0,"max_hp_loss":0,"event_name":"Tomb of Lord Red Mask","floor":36,"gold_loss":0},{"damage_healed":0,"gold_gain":50,"player_choice":"Touch","damage_taken":7,"max_hp_gain":0,"max_hp_loss":0,"event_name":"FaceTrader","floor":38,"gold_loss":0}],"is_beta":true,"boss_relics":[{"not_picked":["Orrery","WristBlade"],"picked":"Astrolabe"},{"not_picked":["Eternal Feather","Velvet Choker"],"picked":"Calling Bell"}],"items_purged_floors":[19],"is_endless":false,"potions_floor_spawned":[1,10,13,16,21,23,28,30,31,39],"killed_by":"Giant Head","ascension_level":20}