{"gold_per_floor":[111,125,136,136,149,149,181,181,181,214,4,21,21,48,48,125,125,143,143,143,159,5,5,5],"floor_reached":24,"playtime":865,"items_purged":[],"score":428,"play_id":"9d88cb26-c9df-4432-849c-2d69a6cd6095","local_time":"20190409225559","is_ascension_mode":true,"campfire_choices":[{"data":"Noxious Fumes","floor":6.0,"key":"SMITH"},{"floor":8.0,"key":"REST"},{"floor":15,"key":"REST"},{"floor":23,"key":"REST"}],"neow_cost":"NONE","seed_source_timestamp":2374928051645705,"circlet_count":0,"master_deck":["AscendersBane","Defend_G","Defend_G+1","Defend_G+1","Defend_G","Defend_G","Strike_G","Strike_G","Survivor","Neutralize","Prepared","Backstab","Noxious Fumes+1","Dagger Spray","Quick Slash","Glass Knife","Deflect","Wraith Form v2","Leg Sweep","Slice","Storm of Steel","Escape Plan","Well Laid Plans","Backflip"],"special_seed":0,"relics":["Ring of the Snake","Paper Crane","Gremlin Horn","War Paint","Bottled Lightning","HoveringKite"],"potions_floor_usage":[10,16,16,24],"damage_taken":[{"damage":6.0,"enemies":"Cultist","floor":1.0,"turns":5.0},{"damage":2.0,"enemies":"Small Slimes","floor":2.0,"turns":4.0},{"damage":1.0,"enemies":"2 Louse","floor":3.0,"turns":3.0},{"damage":14.0,"enemies":"Exordium Thugs","floor":5.0,"turns":5.0},{"damage":14.0,"enemies":"3 Sentries","floor":7.0,"turns":8.0},{"damage":29,"enemies":"Gremlin Nob","floor":10,"turns":5},{"damage":0,"enemies":"Large Slime","floor":12,"turns":4},{"damage":10,"enemies":"3 Sentries","floor":14,"turns":6},{"damage":6,"enemies":"The Guardian","floor":16,"turns":13},{"damage":29,"enemies":"Shell Parasite","floor":18,"turns":9},{"damage":22,"enemies":"2 Thieves","floor":21,"turns":4},{"damage":30,"enemies":"Gremlin Leader","floor":24,"turns":9}],"seed_played":"-2423936474287922398","potions_obtained":[{"floor":2.0,"key":"SteroidPotion"},{"floor":7.0,"key":"PowerPotion"},{"floor":10,"key":"GamblersBrew"}],"is_trial":false,"path_per_floor":["M","M","M","T","M","R","E","R","T","E","$","M","$","E","R","B",null,"M","?","?","M","$","R","E"],"character_chosen":"THE_SILENT","items_purchased":["Glass Knife","SkillPotion","Well Laid Plans","Backflip","SteroidPotion"],"campfire_rested":3,"item_purchase_floors":[11,11,22,22,22],"current_hp_per_floor":[53,51,50,50,36,36,22,41,41,12,12,12,12,2,21,15,53,24,24,24,2,2,21,0],"gold":5,"neow_bonus":"TRANSFORM_CARD","is_prod":false,"is_daily":false,"chose_seed":false,"campfire_upgraded":1,"win_rate":0,"timestamp":1554864959,"path_taken":["M","M","?","?","M","R","E","R","T","E","$","M","$","E","R","BOSS","M","?","?","M","$","R","E"],"build_version":"2019-04-04","purchased_purges":0,"victory":false,"max_hp_per_floor":[66,66,66,66,66,66,66,66,66,66,66,66,66,66,66,66,66,66,66,66,66,66,66,66],"card_choices":[{"not_picked":["Flying Knee","Deadly Poison"],"picked":"Backstab","floor":1.0},{"not_picked":["Quick Slash","Riddle With Holes"],"picked":"Noxious Fumes","floor":2.0},{"not_picked":["Caltrops","Skewer"],"picked":"Dagger Spray","floor":3.0},{"not_picked":["Cloak And Dagger","Prepared"],"picked":"Quick Slash","floor":5.0},{"not_picked":["Blade Dance","Reflex","Acrobatics"],"picked":"SKIP","floor":7.0},{"not_picked":["Slice","Quick Slash","Dagger Spray"],"picked":"SKIP","floor":10},{"not_picked":["Poisoned Stab","Heel Hook"],"picked":"Deflect","floor":12},{"not_picked":["Outmaneuver","Dagger Spray","Backstab"],"picked":"SKIP","floor":14},{"not_picked":["Tools of the Trade","Doppelganger"],"picked":"Wraith Form v2","floor":16},{"not_picked":["Distraction","Terror"],"picked":"Leg Sweep","floor":18},{"not_picked":["Riddle With Holes","Concentrate"],"picked":"Escape Plan","floor":21}],"player_experience":2383248,"relics_obtained":[{"floor":7.0,"key":"Paper Crane"},{"floor":9.0,"key":"Gremlin Horn"},{"floor":10,"key":"War Paint"},{"floor":14,"key":"Bottled Lightning"}],"event_choices":[{"damage_healed":0,"gold_gain":0,"cards_transformed":["Strike_G","Strike_G"],"player_choice":"Became Test Subject","damage_taken":0,"max_hp_gain":0,"max_hp_loss":0,"event_name":"Drug Dealer","floor":19,"gold_loss":0,"cards_obtained":["Slice","Storm of Steel"]}],"is_beta":true,"boss_relics":[{"not_picked":["Eternal Feather","Pandora\u0027s Box"],"picked":"HoveringKite"}],"items_purged_floors":[],"is_endless":false,"potions_floor_spawned":[2,7,10],"killed_by":"Gremlin Leader","ascension_level":20}