{"gold_per_floor":[118,118,135,135,155,155,14,0,0,0,0,0,35,46,46,120,120,20,20,20,20,20],"floor_reached":22,"playtime":570,"items_purged":[],"score":360,"play_id":"8c70e080-5bd1-4b9b-aa1f-32c34ef372ac","local_time":"20181226001544","is_ascension_mode":true,"campfire_choices":[{"data":"Neutralize","floor":6,"key":"SMITH"},{"data":"Noxious Fumes","floor":12,"key":"SMITH"},{"data":"Caltrops","floor":15,"key":"SMITH"}],"neow_cost":"NONE","seed_source_timestamp":221510182643620,"circlet_count":0,"master_deck":["AscendersBane","Defend_G","Defend_G","Defend_G","Defend_G","Defend_G","Strike_G+1","Strike_G","Strike_G+1","Survivor","Neutralize+1","Noxious Fumes+1","PiercingWail","Caltrops+1","Dagger Spray","Cloak And Dagger","Backflip","Doppelganger","Backstab"],"relics":["Ring of the Snake","NeowsBlessing","Whetstone","Meat on the Bone","Ectoplasm"],"potions_floor_usage":[16],"damage_taken":[{"damage":0,"enemies":"Small Slimes","floor":1,"turns":1},{"damage":0,"enemies":"Cultist","floor":3,"turns":1},{"damage":0,"enemies":"Jaw Worm","floor":5,"turns":1},{"damage":0,"enemies":"Looter","floor":8,"turns":4},{"damage":9,"enemies":"Lagavulin","floor":13,"turns":8},{"damage":5,"enemies":"2 Fungi Beasts","floor":14,"turns":4},{"damage":37,"enemies":"Hexaghost","floor":16,"turns":10},{"damage":10,"enemies":"2 Thieves","floor":18,"turns":5},{"damage":16,"enemies":"Shell Parasite","floor":20,"turns":6},{"damage":25,"enemies":"Snecko","floor":22,"turns":5}],"seed_played":"-1371392279146116307","potions_obtained":[{"floor":1,"key":"Regen Potion"},{"floor":13,"key":"GhostInAJar"}],"is_trial":false,"path_per_floor":["M","?","M","?","M","R","$","M","T","T","?","R","E","M","R","B",null,"M","$","M","?","M"],"character_chosen":"THE_SILENT","items_purchased":["Caltrops","Dagger Spray"],"campfire_rested":0,"item_purchase_floors":[7,7],"current_hp_per_floor":[59,52,52,52,52,52,52,52,52,52,52,52,43,38,38,28,57,47,47,43,25,0],"gold":20,"neow_bonus":"THREE_ENEMY_KILL","is_prod":false,"is_daily":false,"chose_seed":false,"campfire_upgraded":3,"win_rate":0,"timestamp":1545808544,"path_taken":["M","?","M","?","M","R","$","?","T","?","?","R","E","M","R","BOSS","M","$","M","?","M"],"build_version":"2018-12-25","purchased_purges":0,"victory":false,"max_hp_per_floor":[66,66,66,66,66,66,66,66,66,66,66,66,66,66,66,66,66,66,66,66,71,71],"card_choices":[{"not_picked":["Crippling Poison","Acrobatics"],"picked":"Noxious Fumes","floor":1},{"not_picked":["Deadly Poison","Prepared","Acrobatics"],"picked":"SKIP","floor":3},{"not_picked":["Concentrate","Outmaneuver","Underhanded Strike"],"picked":"SKIP","floor":5},{"not_picked":["Flying Knee","Prepared"],"picked":"Cloak And Dagger","floor":8},{"not_picked":["Deflect","Expertise","Slice"],"picked":"SKIP","floor":13},{"not_picked":["Deadly Poison","Poisoned Stab"],"picked":"Backflip","floor":14},{"not_picked":["Envenom","Phantasmal Killer"],"picked":"Doppelganger","floor":16},{"not_picked":["Predator","Slice+1","Dagger Throw"],"picked":"SKIP","floor":18},{"not_picked":["Dodge and Roll","Quick Slash"],"picked":"Backstab","floor":20}],"player_experience":996479,"relics_obtained":[{"floor":9,"key":"Whetstone"},{"floor":13,"key":"Meat on the Bone"}],"event_choices":[{"cards_removed":["Strike_G"],"damage_healed":0,"gold_gain":0,"player_choice":"Card Removal","damage_taken":7,"max_hp_gain":0,"max_hp_loss":0,"event_name":"Golden Wing","floor":2,"gold_loss":0},{"damage_healed":0,"gold_gain":0,"player_choice":"1 cards matched","damage_taken":0,"max_hp_gain":0,"max_hp_loss":0,"event_name":"Match and Keep!","floor":4,"gold_loss":0,"cards_obtained":["PiercingWail"]},{"cards_removed":["Strike_G"],"damage_healed":0,"gold_gain":0,"player_choice":"Forget","damage_taken":0,"max_hp_gain":0,"max_hp_loss":0,"event_name":"Living Wall","floor":11,"gold_loss":0},{"damage_healed":0,"gold_gain":0,"player_choice":"Shed Blood","damage_taken":23,"max_hp_gain":5,"max_hp_loss":0,"event_name":"Forgotten Altar","floor":21,"gold_loss":0}],"is_beta":true,"boss_relics":[{"not_picked":["Velvet Choker","HoveringKite"],"picked":"Ectoplasm"}],"items_purged_floors":[],"is_endless":false,"potions_floor_spawned":[1,13],"killed_by":"Snecko","ascension_level":20}