{"path_per_floor":["M","$","M","?","T","R","E","R","T","E","M","M","?","E","R","B",null,"M","$","T","?","M","R","M","E","T","M","$","R","E","?","R"],"character_chosen":"IRONCLAD","items_purchased":["Toxic Egg 2","Pummel","Carnage"],"gold_per_floor":[110,35,53,53,53,53,85,85,108,143,156,176,176,210,210,310,310,329,49,49,49,61,61,77,102,171,186,117,117,142,142,142],"floor_reached":33,"campfire_rested":0,"playtime":1232,"current_hp_per_floor":[72,72,70,70,70,70,49,49,56,28,34,33,33,42,42,26,67,73,73,73,73,71,71,65,71,71,81,81,81,76,76,76],"items_purged":["Parasite"],"gold":142,"score":452,"play_id":"4e01fed0-8be4-4651-9550-ba64284b7877","local_time":"20180317141721","is_prod":false,"is_daily":false,"is_ascension_mode":true,"campfire_upgraded":3,"timestamp":1521310641,"path_taken":["M","$","M","?","?","R","E","R","T","E","M","M","?","E","R","BOSS","M","$","?","?","?","R","M","E","T","M","?","R","E","?","R","BOSS"],"build_version":"2018-03-15v2","purchased_purges":2,"victory":false,"master_deck":["Strike_R","Strike_R","Strike_R","Strike_R","Defend_R","Defend_R","Defend_R","Defend_R","Bash","Thunderclap","Shrug It Off","Reaper","Body Slam+1","Sword Boomerang","Armaments+1","Sword Boomerang","Impervious","Pummel","Body Slam+1","Body Slam+1","Pommel Strike+1","Carnage+1","Sword Boomerang+1"],"max_hp_per_floor":[80,77,77,74,74,74,74,74,81,81,81,81,81,81,81,81,81,81,81,81,81,81,81,81,81,81,81,81,81,81,81,81],"relics":["Burning Blood","Charon\u0027s Ashes","Girya","Paper Frog","Strawberry","Shovel","Oddly Smooth Stone","Sozu","Toxic Egg 2","Frozen Eye","Darkstone Periapt","Molten Egg 2","Centennial Puzzle"],"card_choices":[{"not_picked":["Shrug It Off","Dropkick"],"picked":"Thunderclap"},{"not_picked":["Power Through","Headbutt"],"picked":"Shrug It Off"},{"not_picked":["Headbutt","Shrug It Off"],"picked":"Reaper"},{"not_picked":["Armaments","Intimidate"],"picked":"Body Slam"},{"not_picked":["Warcry","Flex"],"picked":"Sword Boomerang"},{"not_picked":["Rage","Twin Strike"],"picked":"Armaments"},{"not_picked":["Perfected Strike","Sentinel"],"picked":"Sword Boomerang"},{"not_picked":["Feed","Berserk"],"picked":"Impervious"},{"not_picked":["Anger","Warcry"],"picked":"Body Slam"},{"not_picked":["Wild Strike","Warcry"],"picked":"Body Slam"},{"not_picked":["Thunderclap","Shrug It Off"],"picked":"Pommel Strike"},{"not_picked":["Feel No Pain","True Grit"],"picked":"Sword Boomerang"}],"player_experience":537493,"potions_floor_usage":[12,14,18],"damage_taken":[{"damage":6,"enemies":"2 Louse","floor":1,"turns":3},{"damage":8,"enemies":"Jaw Worm","floor":3,"turns":6},{"damage":27,"enemies":"3 Sentries","floor":7,"turns":6},{"damage":40,"enemies":"Lagavulin","floor":10,"turns":6},{"damage":10,"enemies":"Small Slimes","floor":11,"turns":3},{"damage":13,"enemies":"Red Slaver","floor":12,"turns":3},{"damage":19,"enemies":"3 Sentries","floor":14,"turns":6},{"damage":29,"enemies":"The Guardian","floor":16,"turns":9},{"damage":0,"enemies":"Chosen","floor":18,"turns":3},{"damage":8,"enemies":"Shell Parasite","floor":22,"turns":3},{"damage":12,"enemies":"Snecko","floor":24,"turns":3},{"damage":24,"enemies":"Gremlin Leader","floor":25,"turns":6},{"damage":0,"enemies":"Cultist and Chosen","floor":27,"turns":3},{"damage":18,"enemies":"Book of Stabbing","floor":30,"turns":4},{"damage":92,"enemies":"Collector","floor":33,"turns":7}],"event_choices":[{"event_name":"Living Wall","player_choice":"Forget","floor":4,"damage_taken":0},{"event_name":"Purifier","player_choice":"One Purge","floor":13,"damage_taken":0},{"event_name":"Beggar","player_choice":"Ignored","floor":21,"damage_taken":0},{"event_name":"The Lab","player_choice":"Got Potions","floor":31,"damage_taken":0}],"boss_relics":[{"not_picked":["Ectoplasm","Mark of Pain"],"picked":"Sozu"}],"potions_floor_spawned":[11,12,16,18,25],"seed_played":"7745266884788089665","killed_by":"Collector","ascension_level":10,"is_trial":false}