{"gold_per_floor":[218,64,79,46,46,81,81,113,113,113,128,128,56,82,82,153,153,164,164,175,100,110,110,120,120,143,143,30,30,64,64,64,136,136,156,156,156,174,174],"floor_reached":39,"playtime":1194,"items_purged":["Strike_B"],"score":723,"play_id":"35c056ed-d02f-4ac3-9931-5d61af491296","local_time":"20190401233300","is_ascension_mode":true,"campfire_choices":[{"data":"Barrage","floor":7.0,"key":"SMITH"},{"floor":10.0,"key":"REST"},{"floor":12.0,"key":"REST"},{"data":"Defragment","floor":15.0,"key":"SMITH"},{"data":"Zap","floor":23.0,"key":"SMITH"},{"floor":27.0,"key":"REST"},{"floor":29.0,"key":"REST"},{"data":"Defragment","floor":32.0,"key":"SMITH"}],"neow_cost":"NONE","seed_source_timestamp":1685572482200450,"circlet_count":0,"master_deck":["AscendersBane","Strike_B","Strike_B","Strike_B+1","Defend_B","Defend_B","Defend_B","Defend_B","Zap+1","Dualcast","Compile Driver+1","Defragment+1","Barrage+1","Genetic Algorithm","Cold Snap","Rebound","Rainbow","Hologram","Coolheaded","Glacier","Defragment+1","Genetic Algorithm","Core Surge","Master of Strategy","Magnetism","Ball Lightning+1"],"special_seed":0,"relics":["Cracked Core","Oddly Smooth Stone","Pear","Happy Flower","Bottled Lightning","Whetstone","Inserter","NlothsMask","Peace Pipe","Snecko Eye"],"potions_floor_usage":[39],"damage_taken":[{"damage":0.0,"enemies":"Small Slimes","floor":1.0,"turns":3.0},{"damage":0.0,"enemies":"Cultist","floor":3.0,"turns":3.0},{"damage":16.0,"enemies":"Lagavulin","floor":6.0,"turns":7.0},{"damage":48.0,"enemies":"Gremlin Nob","floor":8.0,"turns":5.0},{"damage":7.0,"enemies":"2 Louse","floor":11.0,"turns":3.0},{"damage":9.0,"enemies":"3 Sentries","floor":14.0,"turns":8.0},{"damage":13.0,"enemies":"The Guardian","floor":16.0,"turns":15.0},{"damage":0.0,"enemies":"Chosen","floor":18.0,"turns":4.0},{"damage":8.0,"enemies":"Spheric Guardian","floor":20.0,"turns":5.0},{"damage":14.0,"enemies":"Snake Plant","floor":22.0,"turns":6.0},{"damage":2.0,"enemies":"Cultist and Chosen","floor":24.0,"turns":6.0},{"damage":42.0,"enemies":"Gremlin Leader","floor":30.0,"turns":9.0},{"damage":8.0,"enemies":"Champ","floor":33.0,"turns":12.0},{"damage":36,"enemies":"3 Shapes","floor":35,"turns":5},{"damage":5,"enemies":"Orb Walker","floor":38,"turns":5},{"damage":29,"enemies":"Spire Growth","floor":39,"turns":4}],"seed_played":"-10475680697477294","potions_obtained":[{"floor":1.0,"key":"Weak Potion"},{"floor":3.0,"key":"Weak Potion"},{"floor":14.0,"key":"Dexterity Potion"},{"floor":16.0,"key":"Strength Potion"},{"floor":24.0,"key":"Block Potion"},{"floor":35,"key":"SpeedPotion"}],"is_trial":false,"path_per_floor":["M","$","M","$","?","E","R","E","T","R","M","R","$","E","R","B",null,"M","?","M","$","M","R","M","?","T","R","$","R","E","?","R","B",null,"M","?","?","M","M"],"character_chosen":"DEFECT","items_purchased":["Oddly Smooth Stone","Defragment","Cold Snap","Fire Potion","Glacier","Defragment"],"campfire_rested":4,"item_purchase_floors":[2,4,13,13,28,28],"current_hp_per_floor":[64,64,64,64,64,58,58,10,10,34,27,51,51,42,42,29,68,68,68,60,60,46,46,44,21,21,46,46,71,29,29,29,21,70,34,24,24,19,0],"gold":174,"neow_bonus":"HUNDRED_GOLD","is_prod":false,"is_daily":false,"chose_seed":false,"campfire_upgraded":4,"win_rate":0,"timestamp":1554175980,"path_taken":["M","$","M","$","?","E","R","E","T","R","M","R","$","E","R","BOSS","M","?","?","$","M","R","M","?","T","R","$","R","E","?","R","BOSS","M","?","?","M","M"],"build_version":"2019-03-15","purchased_purges":1,"victory":false,"max_hp_per_floor":[71,71,71,71,71,81,81,81,81,81,81,81,81,81,81,81,81,81,81,81,81,81,81,81,86,86,86,86,86,86,86,86,86,86,86,86,86,86,86],"card_choices":[{"not_picked":["Darkness","Go for the Eyes"],"picked":"Compile Driver","floor":1.0},{"not_picked":["Go for the Eyes","Chaos","Compile Driver"],"picked":"SKIP","floor":3.0},{"not_picked":["Heatsinks","Turbo"],"picked":"Barrage","floor":6.0},{"not_picked":["Hologram","Rip and Tear"],"picked":"Genetic Algorithm","floor":8.0},{"not_picked":["Storm","Scrape","Turbo"],"picked":"SKIP","floor":11.0},{"not_picked":["Reboot","Fusion"],"picked":"Rebound","floor":14.0},{"not_picked":["Meteor Strike","Buffer"],"picked":"Rainbow","floor":16.0},{"not_picked":["Gash","Compile Driver"],"picked":"Hologram","floor":18.0},{"not_picked":["Hello World","Storm","Streamline+1"],"picked":"SKIP","floor":20.0},{"not_picked":["Reprogram","Static Discharge","Scrape"],"picked":"SKIP","floor":22.0},{"not_picked":["Cold Snap","Streamline"],"picked":"Coolheaded","floor":24.0},{"not_picked":["Aggregate+1","Defragment"],"picked":"Genetic Algorithm","floor":30.0},{"not_picked":["Hyperbeam","Creative AI"],"picked":"Core Surge","floor":33.0},{"not_picked":["Streamline","White Noise","Rebound"],"picked":"SKIP","floor":35},{"not_picked":["Madness","Flash of Steel"],"picked":"Master of Strategy","floor":36},{"not_picked":["Violence","Discovery"],"picked":"Magnetism","floor":36},{"not_picked":["Stack","Go for the Eyes"],"picked":"Ball Lightning+1","floor":38}],"player_experience":2343012,"relics_obtained":[{"floor":6.0,"key":"Pear"},{"floor":8.0,"key":"Happy Flower"},{"floor":9.0,"key":"Bottled Lightning"},{"floor":14.0,"key":"Whetstone"},{"floor":30.0,"key":"Peace Pipe"}],"event_choices":[{"damage_healed":0.0,"max_hp_gain":0.0,"max_hp_loss":0.0,"gold_gain":0.0,"event_name":"The Cleric","player_choice":"Leave","floor":5.0,"gold_loss":0.0,"damage_taken":0.0},{"damage_healed":0.0,"max_hp_gain":0.0,"max_hp_loss":0.0,"gold_gain":0.0,"event_name":"FaceTrader","player_choice":"Trade","floor":19.0,"gold_loss":0.0,"damage_taken":0.0,"relics_obtained":["NlothsMask"]},{"damage_healed":0.0,"max_hp_gain":5.0,"max_hp_loss":0.0,"gold_gain":0.0,"event_name":"Forgotten Altar","player_choice":"Shed Blood","floor":25.0,"gold_loss":0.0,"damage_taken":28.0},{"damage_healed":0.0,"max_hp_gain":0.0,"max_hp_loss":0.0,"gold_gain":0.0,"event_name":"Vampires","player_choice":"Ignored","floor":31.0,"gold_loss":0.0,"damage_taken":0.0},{"damage_healed":0,"gold_gain":0,"player_choice":"Memory 3","damage_taken":10,"max_hp_gain":0,"max_hp_loss":0,"event_name":"SensoryStone","floor":36,"gold_loss":0},{"damage_healed":0,"gold_gain":0,"player_choice":"Ignored","damage_taken":0,"max_hp_gain":0,"max_hp_loss":0,"event_name":"Mysterious Sphere","floor":37,"gold_loss":0}],"is_beta":true,"boss_relics":[{"not_picked":["Sozu","Fusion Hammer"],"picked":"Inserter"},{"not_picked":["Philosopher\u0027s Stone","Empty Cage"],"picked":"Snecko Eye"}],"items_purged_floors":[21],"is_endless":false,"potions_floor_spawned":[1,3,14,16,24,35],"killed_by":"Spire Growth","ascension_level":15}