{"gold_per_floor":[111,111,127,52,102,102,130,130,153,169,169,184,184,200,200,274,274,284,284,209,226,245,245,263,263,317,317],"floor_reached":27,"playtime":1208,"items_purged":[],"score":398,"play_id":"406910c6-e815-4496-97cd-beb72a2afdb7","local_time":"20180803093554","is_ascension_mode":true,"campfire_choices":[{"data":"Footwork","floor":6,"key":"SMITH"},{"data":"Deadly Poison","floor":8,"key":"SMITH"},{"data":"Footwork","floor":11,"key":"SMITH"},{"data":"PiercingWail","floor":13,"key":"SMITH"},{"data":"Sucker Punch","floor":15,"key":"SMITH"},{"data":"A Thousand Cuts","floor":23,"key":"SMITH"}],"neow_cost":"NONE","seed_source_timestamp":87570736954971,"circlet_count":0,"master_deck":["Defend_G+1","Defend_G","Defend_G","Defend_G+1","Defend_G","Strike_G","Strike_G","Strike_G","Strike_G","Survivor","Neutralize+1","AscendersBane","Deadly Poison+1","Footwork+1","Footwork+1","PiercingWail+1","Sucker Punch+1","A Thousand Cuts+1","Quick Slash"],"relics":["Ring of the Snake","Mango","War Paint","Runic Dome","Lantern"],"potions_floor_usage":[7,16,27],"damage_taken":[{"damage":4,"enemies":"Jaw Worm","floor":1,"turns":6},{"damage":9,"enemies":"Small Slimes","floor":3,"turns":5},{"damage":24,"enemies":"3 Sentries","floor":7,"turns":14},{"damage":0,"enemies":"2 Louse","floor":10,"turns":3},{"damage":0,"enemies":"Red Slaver","floor":12,"turns":6},{"damage":0,"enemies":"Looter","floor":14,"turns":5},{"damage":36,"enemies":"Hexaghost","floor":16,"turns":13},{"damage":9,"enemies":"Spheric Guardian","floor":18,"turns":7},{"damage":13,"enemies":"3 Byrds","floor":21,"turns":7},{"damage":22,"enemies":"Centurion and Healer","floor":22,"turns":8},{"damage":18,"enemies":"Snake Plant","floor":24,"turns":5},{"damage":7,"enemies":"3 Cultists","floor":27,"turns":5}],"seed_played":"-8947356606910521216","potions_obtained":[{"floor":3,"key":"Regen Potion"},{"floor":7,"key":"Fire Potion"},{"floor":12,"key":"Strength Potion"}],"is_trial":false,"path_per_floor":["M","?","M","?","?","R","E","R","T","M","R","M","R","M","R","B",null,"M","?","?","M","M","R","M","?","T"],"character_chosen":"THE_SILENT","items_purchased":[],"campfire_rested":0,"item_purchase_floors":[],"current_hp_per_floor":[55,60,51,51,51,51,56,56,56,56,56,56,56,56,56,20,69,60,60,60,47,25,25,7,7,7,0],"gold":317,"neow_bonus":"UPGRADE_CARD","is_prod":false,"is_daily":false,"chose_seed":false,"campfire_upgraded":6,"win_rate":0,"timestamp":1533314154,"path_taken":["M","?","M","?","?","R","E","R","T","?","R","M","R","M","R","BOSS","M","?","?","M","M","R","M","?","T","M"],"build_version":"2018-08-01","purchased_purges":0,"victory":false,"max_hp_per_floor":[66,71,71,71,71,71,85,85,85,85,85,85,85,85,85,85,85,85,85,85,85,85,85,85,85,85,85],"card_choices":[{"not_picked":["Poisoned Stab","Flechettes"],"picked":"Deadly Poison","floor":1},{"not_picked":["Poisoned Stab","Dagger Throw"],"picked":"Footwork","floor":3},{"not_picked":["Underhanded Strike","Poisoned Stab","Acrobatics"],"picked":"SKIP","floor":7},{"not_picked":["Poisoned Stab","Tactician"],"picked":"Footwork","floor":10},{"not_picked":["Escape Plan","Slice"],"picked":"PiercingWail","floor":12},{"not_picked":["Dodge and Roll","Blur"],"picked":"Sucker Punch","floor":14},{"not_picked":["Tools of the Trade","Grand Finale"],"picked":"A Thousand Cuts","floor":16},{"not_picked":["Reflex","Poisoned Stab+1","Outmaneuver"],"picked":"SKIP","floor":18},{"not_picked":["Masterful Stab","Underhanded Strike"],"picked":"Quick Slash","floor":21},{"not_picked":["Poisoned Stab","Acrobatics","Blade Dance"],"picked":"SKIP","floor":22},{"not_picked":["Bane","Heel Hook","Dagger Throw"],"picked":"SKIP","floor":24}],"player_experience":829316,"relics_obtained":[{"floor":7,"key":"Mango"},{"floor":9,"key":"War Paint"},{"floor":26,"key":"Lantern"}],"event_choices":[{"event_name":"Big Fish","player_choice":"Donut","floor":2,"damage_taken":0},{"event_name":"The Cleric","player_choice":"Card Removal","floor":4,"damage_taken":0},{"event_name":"Golden Shrine","player_choice":"Pray","floor":5,"damage_taken":0},{"event_name":"Forgotten Altar","player_choice":"Smashed Altar","floor":19,"damage_taken":0},{"event_name":"Beggar","player_choice":"Gave Gold","floor":20,"damage_taken":0},{"event_name":"The Mausoleum","player_choice":"No","floor":25,"damage_taken":0}],"is_beta":true,"boss_relics":[{"not_picked":["Fusion Hammer","Lizard Tail"],"picked":"Runic Dome"}],"items_purged_floors":[],"is_endless":false,"potions_floor_spawned":[3,7,12],"killed_by":"3 Cultists","ascension_level":15}