{"gold_per_floor":[20,20,95,107,122,122,152,152,206,225,248,248,0,25,25,96,96,116,116,128,143,58,58,86,86,112,112,127,127,1,72,72,143,143,153,153,153,53,64,89,89,100,124,150,150,165,183,209,209,209,209,209,64,98,98],"floor_reached":56,"playtime":1740,"items_purged":["Strike_R","Normality"],"score":2051,"play_id":"8ea95cf8-5e11-44c3-985e-b6bdda889cc6","local_time":"20190330175345","is_ascension_mode":true,"campfire_choices":[{"data":"Bash","floor":6,"key":"SMITH"},{"data":"Pommel Strike","floor":8,"key":"SMITH"},{"floor":12,"key":"REST"},{"data":"Rage","floor":15,"key":"SMITH"},{"data":"Fiend Fire","floor":23,"key":"SMITH"},{"floor":25,"key":"REST"},{"data":"Spot Weakness","floor":27,"key":"SMITH"},{"floor":32,"key":"REST"},{"floor":41,"key":"RECALL"},{"data":"Spot Weakness","floor":45,"key":"SMITH"},{"data":"Immolate","floor":49,"key":"SMITH"},{"floor":52,"key":"REST"}],"neow_cost":"NO_GOLD","seed_source_timestamp":1491873786876246,"circlet_count":0,"master_deck":["AscendersBane","Defend_R","Defend_R","Defend_R","Defend_R","Bash+1","Clothesline","Pommel Strike+1","Headbutt","Rage+1","Anger","Fiend Fire+1","Whirlwind+1","Spot Weakness+1","Shrug It Off","Clumsy","Shrug It Off+1","Reaper","Berserk+1","Thunderclap+1","Intimidate+1","Immolate+1","True Grit+1","Spot Weakness+1","Shockwave+1","Injury","Shrug It Off+1","Flame Barrier+1","Reaper"],"relics":["Burning Blood","Regal Pillow","PreservedInsect","Odd Mushroom","Singing Bowl","StoneCalendar","Cursed Key","Oddly Smooth Stone","Ginger","Enchiridion","Self Forming Clay","Astrolabe","Bottled Lightning","Ancient Tea Set","Calipers","Dead Branch","Bag of Marbles","Lantern"],"potions_floor_usage":[7,11,21,55,55],"damage_taken":[{"damage":6,"enemies":"Small Slimes","floor":1,"turns":3},{"damage":12,"enemies":"Jaw Worm","floor":4,"turns":3},{"damage":5,"enemies":"2 Louse","floor":5,"turns":3},{"damage":30,"enemies":"Lagavulin","floor":7,"turns":8},{"damage":12,"enemies":"Blue Slaver","floor":10,"turns":4},{"damage":26,"enemies":"The Mushroom Lair","floor":11,"turns":5},{"damage":12,"enemies":"Gremlin Nob","floor":14,"turns":3},{"damage":51,"enemies":"Hexaghost","floor":16,"turns":9},{"damage":4,"enemies":"Shell Parasite","floor":18,"turns":4},{"damage":6,"enemies":"3 Byrds","floor":20,"turns":4},{"damage":27,"enemies":"Snake Plant","floor":21,"turns":5},{"damage":21,"enemies":"Gremlin Leader","floor":24,"turns":4},{"damage":34,"enemies":"Centurion and Healer","floor":28,"turns":7},{"damage":26,"enemies":"Champ","floor":33,"turns":6},{"damage":13,"enemies":"3 Shapes","floor":35,"turns":6},{"damage":27,"enemies":"3 Darklings","floor":39,"turns":3},{"damage":40,"enemies":"Nemesis","floor":40,"turns":7},{"damage":0,"enemies":"Jaw Worm Horde","floor":42,"turns":2},{"damage":35,"enemies":"Reptomancer","floor":44,"turns":7},{"damage":19,"enemies":"4 Shapes","floor":46,"turns":5},{"damage":28,"enemies":"Sphere and 2 Shapes","floor":47,"turns":7},{"damage":21,"enemies":"Nemesis","floor":48,"turns":7},{"damage":40,"enemies":"Donu and Deca","floor":50,"turns":6},{"damage":20,"enemies":"Shield and Spear","floor":54,"turns":5},{"damage":3,"enemies":"The Heart","floor":55,"turns":6}],"seed_played":"-2354784706886097926","potions_obtained":[{"floor":4,"key":"Block Potion"},{"floor":7,"key":"Fruit Juice"},{"floor":10,"key":"Ancient Potion"},{"floor":20,"key":"SneckoOil"},{"floor":21,"key":"Dexterity Potion"}],"is_trial":false,"path_per_floor":["M","?","?","M","M","R","E","R","T","M","?","R","$","E","R","B",null,"M","?","M","M","?","R","E","R","T","R","M","?","$","T","R","B",null,"M","?","?","$","M","E","R","M","T","E","R","M","M","E","R","B",null,"R","$","E","B",null],"character_chosen":"IRONCLAD","items_purchased":["Singing Bowl","SteroidPotion","Bag of Marbles"],"campfire_rested":4,"item_purchase_floors":[13,30,53],"current_hp_per_floor":[82,82,71,65,66,66,42,42,42,36,21,64,64,58,58,13,74,76,76,76,55,55,55,42,85,85,85,57,36,36,36,79,59,87,89,89,89,89,76,54,54,60,60,72,72,87,85,88,88,72,95,102,102,88,102],"gold":98,"neow_bonus":"TWENTY_PERCENT_HP_BONUS","is_prod":false,"is_daily":false,"chose_seed":false,"campfire_upgraded":7,"win_rate":0,"timestamp":1553982825,"path_taken":["M","?","?","?","M","R","E","R","T","M","?","R","$","E","R","BOSS","M","?","?","M","?","R","E","R","T","R","M","?","?","?","R","BOSS","M","?","?","$","?","E","R","M","T","E","R","M","M","E","R","BOSS","R","$","E","BOSS"],"build_version":"2019-03-15","purchased_purges":2,"victory":true,"max_hp_per_floor":[89,89,89,89,89,89,89,89,89,89,94,94,94,94,94,94,94,94,94,94,94,94,94,96,96,96,96,96,96,96,96,96,96,96,98,98,98,98,98,98,98,98,98,100,100,100,102,102,102,102,102,102,102,102,102],"card_choices":[{"not_picked":["Flex","Burning Pact"],"picked":"Clothesline","floor":1},{"not_picked":["Sword Boomerang","Iron Wave"],"picked":"Pommel Strike","floor":4},{"not_picked":["Sever Soul","Iron Wave","Dual Wield"],"picked":"SKIP","floor":5},{"not_picked":["Rupture","Dual Wield"],"picked":"Headbutt","floor":7},{"not_picked":["Warcry","Perfected Strike"],"picked":"Rage","floor":10},{"not_picked":["Rage","Sword Boomerang"],"picked":"Anger","floor":14},{"not_picked":["Exhume","Juggernaut"],"picked":"Fiend Fire","floor":16},{"not_picked":["Entrench","Armaments"],"picked":"Whirlwind","floor":18},{"not_picked":["Flex","Sever Soul"],"picked":"Spot Weakness","floor":20},{"not_picked":["Sword Boomerang","Anger+1"],"picked":"Shrug It Off","floor":21},{"not_picked":["Pummel","Barricade","Infernal Blade"],"picked":"Singing Bowl","floor":24},{"not_picked":["Flex","Headbutt"],"picked":"Shrug It Off+1","floor":28},{"not_picked":["Limit Break","Berserk"],"picked":"Reaper","floor":33},{"not_picked":["Searing Blow","Anger+1","Dropkick"],"picked":"Singing Bowl","floor":35},{"not_picked":["Shrug It Off+1","Heavy Blade"],"picked":"True Grit+1","floor":39},{"not_picked":["Searing Blow+1","Flex"],"picked":"Spot Weakness","floor":40},{"not_picked":["Body Slam","Perfected Strike"],"picked":"Shockwave+1","floor":42},{"not_picked":["Anger","Clothesline","Ghostly Armor"],"picked":"Singing Bowl","floor":44},{"not_picked":["Anger","Armaments"],"picked":"Shrug It Off+1","floor":46},{"not_picked":["Pommel Strike+1","Havoc","Dual Wield"],"picked":"Singing Bowl","floor":47},{"not_picked":["Bludgeon","Iron Wave"],"picked":"Flame Barrier+1","floor":48},{"not_picked":["Perfected Strike","Metallicize+1"],"picked":"Reaper","floor":54}],"player_experience":2315884,"relics_obtained":[{"floor":7,"key":"Regal Pillow"},{"floor":9,"key":"PreservedInsect"},{"floor":11,"key":"Odd Mushroom"},{"floor":14,"key":"StoneCalendar"},{"floor":24,"key":"Ginger"},{"floor":29,"key":"Enchiridion"},{"floor":31,"key":"Self Forming Clay"},{"floor":40,"key":"Bottled Lightning"},{"floor":43,"key":"Ancient Tea Set"},{"floor":44,"key":"Calipers"},{"floor":48,"key":"Dead Branch"},{"floor":54,"key":"Lantern"}],"event_choices":[{"damage_healed":0,"gold_gain":0,"player_choice":"Leave","damage_taken":0,"max_hp_gain":0,"max_hp_loss":0,"event_name":"The Cleric","floor":2,"gold_loss":0},{"damage_healed":0,"gold_gain":75,"player_choice":"Gather Gold","damage_taken":11,"max_hp_gain":0,"max_hp_loss":0,"event_name":"World of Goop","floor":3,"gold_loss":0},{"damage_healed":0,"gold_gain":0,"player_choice":"Fought Mushrooms","damage_taken":0,"max_hp_gain":0,"max_hp_loss":0,"event_name":"Mushrooms","floor":11,"gold_loss":0},{"damage_healed":0,"gold_gain":0,"player_choice":"Upgraded","damage_taken":0,"max_hp_gain":0,"max_hp_loss":0,"event_name":"Upgrade Shrine","floor":19,"gold_loss":0,"cards_upgraded":["Whirlwind"]},{"damage_healed":0,"gold_gain":0,"player_choice":"Obtained Relic","damage_taken":0,"relics_obtained":["Oddly Smooth Stone"],"max_hp_gain":0,"max_hp_loss":0,"event_name":"Addict","floor":22,"gold_loss":85},{"damage_healed":0,"gold_gain":0,"player_choice":"Obtained Book","damage_taken":21,"max_hp_gain":0,"max_hp_loss":0,"event_name":"Cursed Tome","floor":29,"gold_loss":0},{"damage_healed":0,"gold_gain":0,"player_choice":"Ignored","damage_taken":0,"max_hp_gain":0,"max_hp_loss":0,"event_name":"Mysterious Sphere","floor":36,"gold_loss":0},{"damage_healed":0,"gold_gain":0,"cards_transformed":["Strike_R"],"player_choice":"Transformed","damage_taken":0,"max_hp_gain":0,"max_hp_loss":0,"event_name":"Transmorgrifier","floor":37,"gold_loss":0,"cards_obtained":["Immolate"]}],"is_beta":true,"boss_relics":[{"not_picked":["Coffee Dripper","Ectoplasm"],"picked":"Cursed Key"},{"not_picked":["Black Blood","Busted Crown"],"picked":"Astrolabe"}],"items_purged_floors":[30,38],"is_endless":false,"potions_floor_spawned":[4,7,10,20,21,24,35,40,42,46],"ascension_level":15}