{"path_per_floor":["M","$","M","$","?","E","R","M","T","M","M","?","$","E","R","B",null,"M","?","?","M","?","R","M","T","T","R","M","M","R","E","R","B",null,"M","M","?","M","$","R","M","R","T","?","R","M","M","?","R","B"],"character_chosen":"THE_SILENT","items_purchased":["Infinite Blades","Fire Potion"],"gold_per_floor":[117,4,16,16,16,46,46,56,80,92,108,78,29,56,56,158,158,176,176,176,188,103,103,119,119,119,119,132,147,147,173,173,274,274,287,304,304,317,217,217,237,237,237,288,288,302,318,318,318,318],"floor_reached":51,"campfire_rested":0,"playtime":3200,"current_hp_per_floor":[70,70,70,70,70,34,34,34,41,41,41,41,41,35,35,32,77,77,77,77,77,77,77,77,77,77,77,77,77,77,75,75,75,77,72,70,77,76,76,76,76,76,76,62,62,47,48,48,48,19],"items_purged":["Strike_G","Writhe"],"gold":318,"score":702,"play_id":"f6f97563-e15c-4dce-9d8a-3fd0b45142c3","local_time":"20180407164540","is_prod":false,"is_daily":false,"is_ascension_mode":false,"campfire_upgraded":8,"timestamp":1523133940,"path_taken":["M","?","M","?","?","E","R","M","T","M","?","?","$","E","R","BOSS","M","?","?","?","?","R","M","?","T","R","M","M","R","E","R","BOSS","M","M","?","M","$","R","M","R","T","?","R","M","M","?","R","BOSS"],"build_version":"2018-04-05v2","purchased_purges":2,"victory":true,"master_deck":["Defend_G","Defend_G","Survivor+1","Neutralize+1","Infinite Blades+1","Die Die Die+1","After Image+1","Storm of Steel+1","Expertise+1","After Image+1","Sucker Punch+1","Malaise+1","Dash+1","Slice+1","Doppelganger+1","Choke+1","Slice+1","Flying Knee+1","PiercingWail+1","Riddle With Holes+1"],"max_hp_per_floor":[70,70,70,70,70,70,70,70,77,77,77,77,77,77,77,77,77,77,77,77,77,77,77,77,77,77,77,77,77,77,77,77,77,77,77,77,77,77,77,77,77,77,77,77,77,77,77,77,77,77],"relics":["Ring of the Snake","Kunai","Strawberry","Molten Egg 2","Astrolabe","Meat on the Bone","Gambling Chip","Calipers","Mercury Hourglass","Lizard Tail","Torii","Peace Pipe"],"card_choices":[{"not_picked":["Eviscerate","Quick Slash"],"picked":"Blade Dance","floor":1},{"not_picked":["Slice","Poisoned Stab"],"picked":"Die Die Die","floor":10},{"not_picked":["Venomology","Envenom"],"picked":"After Image","floor":16},{"not_picked":["Acrobatics","Bouncing Flask"],"picked":"Sucker Punch","floor":18},{"not_picked":["Underhanded Strike","Eviscerate"],"picked":"Malaise","floor":21},{"not_picked":["Dagger Throw","Dodge and Roll"],"picked":"Dash","floor":28},{"not_picked":["PiercingWail","Sucker Punch"],"picked":"Slice","floor":29},{"not_picked":["Corpse Explosion","Storm of Steel"],"picked":"Doppelganger","floor":33},{"not_picked":["Dodge and Roll","Backflip"],"picked":"Blade Dance","floor":35},{"not_picked":["Bane","Bouncing Flask"],"picked":"Choke","floor":36},{"not_picked":["Poisoned Stab","Flying Knee"],"picked":"Slice","floor":38},{"not_picked":["Deadly Poison","Sucker Punch"],"picked":"Flying Knee","floor":44},{"not_picked":["Distraction","Cloak And Dagger"],"picked":"PiercingWail","floor":46},{"not_picked":["Dagger Spray","Poisoned Stab"],"picked":"Riddle With Holes","floor":47}],"player_experience":720297,"potions_floor_usage":[6,14,16,24,28,31,35,47,47,50],"damage_taken":[{"damage":0,"enemies":"Cultist","floor":1,"turns":4},{"damage":0,"enemies":"Small Slimes","floor":3,"turns":2},{"damage":36,"enemies":"Lagavulin","floor":6,"turns":12},{"damage":0,"enemies":"2 Louse","floor":8,"turns":3},{"damage":0,"enemies":"Blue Slaver","floor":10,"turns":5},{"damage":0,"enemies":"3 Louse","floor":11,"turns":1},{"damage":6,"enemies":"Gremlin Nob","floor":14,"turns":3},{"damage":3,"enemies":"Hexaghost","floor":16,"turns":11},{"damage":0,"enemies":"3 Byrds","floor":18,"turns":6},{"damage":0,"enemies":"Spheric Guardian","floor":21,"turns":4},{"damage":0,"enemies":"Centurion and Healer","floor":24,"turns":8},{"damage":0,"enemies":"Cultist and Chosen","floor":28,"turns":7},{"damage":0,"enemies":"Snecko","floor":29,"turns":6},{"damage":2,"enemies":"Gremlin Leader","floor":31,"turns":5},{"damage":0,"enemies":"Automaton","floor":33,"turns":14},{"damage":5,"enemies":"3 Shapes","floor":35,"turns":4},{"damage":2,"enemies":"Orb Walker","floor":36,"turns":6},{"damage":1,"enemies":"Sphere and 2 Shapes","floor":38,"turns":5},{"damage":0,"enemies":"Maw","floor":41,"turns":8},{"damage":14,"enemies":"Mysterious Sphere","floor":44,"turns":5},{"damage":15,"enemies":"4 Shapes","floor":46,"turns":6},{"damage":11,"enemies":"3 Darklings","floor":47,"turns":7},{"damage":41,"enemies":"Time Eater","floor":50,"turns":21}],"event_choices":[{"event_name":"Purifier","player_choice":"One Purge","floor":5,"damage_taken":0},{"event_name":"The Woman in Blue","player_choice":"Bought 2 Potions","floor":12,"damage_taken":0},{"event_name":"Purifier","player_choice":"One Purge","floor":19,"damage_taken":0},{"event_name":"Back to Basics","player_choice":"Elegance","floor":20,"damage_taken":0},{"event_name":"Addict","player_choice":"Obtained Relic","floor":22,"damage_taken":0},{"event_name":"Winding Halls","player_choice":"Writhe","floor":37,"damage_taken":0},{"event_name":"Mysterious Sphere","player_choice":"Fight","floor":44,"damage_taken":0}],"boss_relics":[{"not_picked":["Philosopher\u0027s Stone","White Beast Statue"],"picked":"Astrolabe"},{"not_picked":["Runic Dome","Black Star"],"picked":"Lizard Tail"}],"potions_floor_spawned":[1,8,14,24,28,31,41,44,46],"seed_played":"326209202982061810","ascension_level":0,"is_trial":false}