{"gold_per_floor":[116,126,126,176,189,189,189,216,243,274,349,349,362,55,55,55],"floor_reached":16,"playtime":593,"items_purged":["Strike_B"],"score":216,"play_id":"c6f79732-8821-41eb-87c5-f476906057bd","local_time":"20190509155534","is_ascension_mode":true,"campfire_choices":[{"floor":7,"key":"REST"},{"floor":12,"key":"REST"},{"data":"Beam Cell","floor":15,"key":"SMITH"}],"neow_cost":"NONE","seed_source_timestamp":19108170687797,"circlet_count":0,"master_deck":["AscendersBane","Strike_B","Strike_B","Strike_B","Defend_B","Defend_B","Defend_B","Defend_B","Zap","Dualcast","Hologram","Sunder+1","Self Repair","Steam+1","Steam Power+1","Defragment","Beam Cell+1"],"relics":["Cracked Core","NeowsBlessing","Regal Pillow","Gambling Chip","Blood Vial","Toxic Egg 2","Membership Card"],"potions_floor_usage":[8],"damage_taken":[{"damage":0,"enemies":"2 Louse","floor":1,"turns":1},{"damage":0,"enemies":"Jaw Worm","floor":2,"turns":1},{"damage":0,"enemies":"Small Slimes","floor":5,"turns":1},{"damage":25,"enemies":"Lagavulin","floor":8,"turns":7},{"damage":30,"enemies":"3 Sentries","floor":10,"turns":10},{"damage":8,"enemies":"2 Fungi Beasts","floor":13,"turns":3},{"damage":65,"enemies":"Hexaghost","floor":16,"turns":9}],"seed_played":"989310863698211538","potions_obtained":[{"floor":1,"key":"Energy Potion"},{"floor":5,"key":"Dexterity Potion"},{"floor":13,"key":"Weak Potion"}],"is_trial":false,"path_per_floor":["M","M","?","?","M","?","R","E","T","E","?","R","M","$","R","B"],"character_chosen":"DEFECT","items_purchased":["Membership Card","Defragment","Beam Cell"],"campfire_rested":2,"item_purchase_floors":[14,14,14],"current_hp_per_floor":[64,64,46,46,46,46,71,53,53,32,21,57,58,58,58,0],"gold":55,"neow_bonus":"THREE_ENEMY_KILL","is_prod":false,"is_daily":false,"chose_seed":false,"campfire_upgraded":1,"win_rate":0,"timestamp":1557410134,"path_taken":["M","M","?","?","M","?","R","E","T","E","?","R","M","$","R","BOSS"],"build_version":"2019-01-23","purchased_purges":1,"victory":false,"max_hp_per_floor":[71,71,71,71,71,71,71,71,71,71,71,71,71,71,71,71],"card_choices":[{"not_picked":["Blizzard","Aggregate"],"picked":"Hologram","floor":1},{"not_picked":["Streamline","Barrage"],"picked":"Sunder","floor":2},{"not_picked":["Turbo","Gash"],"picked":"Self Repair","floor":5},{"not_picked":["Conserve Battery","Fission","Force Field"],"picked":"SKIP","floor":8},{"not_picked":["Leap","Heatsinks"],"picked":"Steam","floor":10},{"not_picked":["Steam+1","Stack+1"],"picked":"Steam Power+1","floor":13}],"player_experience":345523,"relics_obtained":[{"floor":8,"key":"Gambling Chip"},{"floor":9,"key":"Blood Vial"},{"floor":10,"key":"Toxic Egg 2"}],"event_choices":[{"damage_healed":0,"gold_gain":0,"player_choice":"Success","damage_taken":18,"relics_obtained":["Regal Pillow"],"max_hp_gain":0,"max_hp_loss":0,"event_name":"Scrap Ooze","floor":3,"gold_loss":0},{"damage_healed":0,"gold_gain":50,"player_choice":"Gained Gold","damage_taken":0,"max_hp_gain":0,"max_hp_loss":0,"event_name":"Golden Wing","floor":4,"gold_loss":0},{"damage_healed":0,"gold_gain":0,"player_choice":"Grow","damage_taken":0,"max_hp_gain":0,"max_hp_loss":0,"event_name":"Living Wall","floor":6,"gold_loss":0,"cards_upgraded":["Sunder"]},{"damage_healed":0,"gold_gain":75,"player_choice":"Gather Gold","damage_taken":11,"max_hp_gain":0,"max_hp_loss":0,"event_name":"World of Goop","floor":11,"gold_loss":0}],"is_beta":false,"boss_relics":[],"items_purged_floors":[14],"is_endless":false,"potions_floor_spawned":[1,5,13],"killed_by":"Hexaghost","ascension_level":20}