{"gold_per_floor":[17,17,70,70,82,82,116,131,131,159,159,178,207,221,221,292,292,305,321,271,288,298,298,324,324,374,416,428,122,137,147,147,225,225,245,245,345,135,148,174,174,117,117,130,130,130,145,163,163,163,163],"floor_reached":52,"playtime":3032,"items_purged":["Strike_G"],"score":1814,"play_id":"b12bc7f9-b386-4965-953f-e2a198750e6c","local_time":"20181206215232","is_ascension_mode":true,"campfire_choices":[{"data":"Neutralize","floor":6,"key":"SMITH"},{"floor":11,"key":"REST"},{"floor":15,"key":"REST"},{"data":"Footwork","floor":23,"key":"SMITH"},{"floor":25,"key":"REST"},{"floor":28,"key":"REST"},{"data":"Panache","floor":32,"key":"SMITH"},{"data":"Envenom","floor":41,"key":"SMITH"},{"data":"Dodge and Roll","floor":46,"key":"SMITH"},{"data":"Well Laid Plans","floor":49,"key":"SMITH"}],"neow_cost":"NO_GOLD","seed_source_timestamp":553453281944130,"circlet_count":0,"master_deck":["AscendersBane","Defend_G+1","Defend_G+1","Defend_G","Defend_G","Defend_G","Strike_G","Strike_G","Survivor","Neutralize+1","Backflip","Dagger Throw","Dagger Spray","Backflip","Poisoned Stab","Footwork+1","Well Laid Plans+1","Doppelganger","Backflip","Cloak And Dagger","Dodge and Roll+1","Panache+1","Deflect+1","Leg Sweep","Envenom+1","Footwork+1","Cloak And Dagger","Crippling Poison","Backflip","Dash","Flash of Steel","Impatience","Dodge and Roll"],"relics":["Ring of the Snake","Torii","War Paint","Bird Faced Urn","Gremlin Horn","Odd Mushroom","Letter Opener","Runic Dome","Ancient Tea Set","MawBank","Gambling Chip","Coffee Dripper","Incense Burner","DollysMirror","Ornamental Fan","Smiling Mask"],"potions_floor_usage":[7,13,13,21,24,24,31,33],"damage_taken":[{"damage":0,"enemies":"Small Slimes","floor":1,"turns":5},{"damage":0,"enemies":"Jaw Worm","floor":5,"turns":6},{"damage":36,"enemies":"Lagavulin","floor":7,"turns":11},{"damage":0,"enemies":"2 Louse","floor":8,"turns":3},{"damage":1,"enemies":"The Mushroom Lair","floor":10,"turns":3},{"damage":12,"enemies":"Gremlin Gang","floor":12,"turns":3},{"damage":22,"enemies":"Gremlin Nob","floor":13,"turns":5},{"damage":0,"enemies":"3 Louse","floor":14,"turns":4},{"damage":9,"enemies":"The Guardian","floor":16,"turns":19},{"damage":2,"enemies":"Spheric Guardian","floor":18,"turns":8},{"damage":1,"enemies":"Shell Parasite","floor":19,"turns":11},{"damage":17,"enemies":"Centurion and Healer","floor":21,"turns":10},{"damage":1,"enemies":"Shelled Parasite and Fungi","floor":22,"turns":8},{"damage":21,"enemies":"Slavers","floor":24,"turns":8},{"damage":12,"enemies":"Book of Stabbing","floor":27,"turns":10},{"damage":2,"enemies":"Snecko","floor":30,"turns":7},{"damage":0,"enemies":"Chosen and Byrds","floor":31,"turns":4},{"damage":7,"enemies":"Automaton","floor":33,"turns":12},{"damage":1,"enemies":"Orb Walker","floor":35,"turns":6},{"damage":0,"enemies":"Mind Bloom Boss Battle","floor":37,"turns":5},{"damage":23,"enemies":"3 Darklings","floor":39,"turns":4},{"damage":1,"enemies":"Giant Head","floor":40,"turns":12},{"damage":0,"enemies":"Transient","floor":44,"turns":6},{"damage":0,"enemies":"Maw","floor":47,"turns":8},{"damage":1,"enemies":"3 Darklings","floor":48,"turns":3},{"damage":15,"enemies":"Donu and Deca","floor":50,"turns":13},{"damage":13,"enemies":"Awakened One","floor":51,"turns":22}],"seed_played":"4174777687863838750","potions_obtained":[{"floor":1,"key":"PowerPotion"},{"floor":7,"key":"Swift Potion"},{"floor":8,"key":"Dexterity Potion"},{"floor":14,"key":"Dexterity Potion"},{"floor":16,"key":"AttackPotion"},{"floor":21,"key":"AttackPotion"},{"floor":30,"key":"LiquidBronze"},{"floor":31,"key":"Weak Potion"},{"floor":33,"key":"Weak Potion"}],"is_trial":false,"path_per_floor":["M","?","T","$","M","R","E","M","T","?","R","M","E","M","R","B",null,"M","M","?","M","M","R","E","R","T","E","R","$","M","M","R","B",null,"M","?","?","$","M","E","R","$","T","M","?","R","M","M","R","B","B",null],"character_chosen":"THE_SILENT","items_purchased":["Panache","PowerPotion","DollysMirror","Backflip"],"campfire_rested":4,"item_purchase_floors":[29,29,38,42],"current_hp_per_floor":[59,59,59,59,59,59,23,23,23,22,41,29,7,7,26,21,55,57,60,60,47,50,50,33,52,52,44,63,63,64,66,66,59,64,65,65,66,66,45,54,54,54,54,64,54,54,64,66,66,53,50],"gold":163,"neow_bonus":"ONE_RARE_RELIC","is_prod":false,"is_daily":false,"chose_seed":false,"campfire_upgraded":6,"win_rate":0,"timestamp":1544158352,"path_taken":["M","?","?","$","M","R","E","M","T","?","R","M","E","M","R","BOSS","M","M","?","M","?","R","E","R","T","E","R","$","M","M","R","BOSS","M","?","?","?","?","E","R","$","T","M","?","R","M","M","R","BOSS","BOSS"],"build_version":"2018-12-06","purchased_purges":1,"victory":true,"max_hp_per_floor":[66,66,66,66,66,66,66,66,66,66,66,66,66,66,66,66,66,66,66,66,66,66,66,66,66,66,66,66,66,66,66,66,66,66,66,66,66,66,66,66,66,66,66,66,66,66,66,66,66,66,66],"card_choices":[{"not_picked":["Bouncing Flask","All Out Attack"],"picked":"Backflip","floor":1},{"not_picked":["Concentrate","Deflect","Underhanded Strike"],"picked":"SKIP","floor":5},{"not_picked":["Skewer","Accuracy"],"picked":"Dagger Throw","floor":7},{"not_picked":["Skewer","All Out Attack"],"picked":"Dagger Spray","floor":8},{"not_picked":["Skewer","Dodge and Roll"],"picked":"Backflip","floor":10},{"not_picked":["Calculated Gamble","Quick Slash"],"picked":"Poisoned Stab","floor":12},{"not_picked":["PiercingWail","Dagger Spray"],"picked":"Footwork","floor":13},{"not_picked":["Endless Agony","Prepared"],"picked":"Well Laid Plans","floor":14},{"not_picked":["Bullet Time","Storm of Steel"],"picked":"Doppelganger","floor":16},{"not_picked":["Blade Dance","Dagger Spray"],"picked":"Backflip","floor":18},{"not_picked":["Quick Slash","Poisoned Stab","Well Laid Plans"],"picked":"SKIP","floor":19},{"not_picked":["Quick Slash","Masterful Stab"],"picked":"Cloak And Dagger","floor":21},{"not_picked":["Setup+1","Poisoned Stab"],"picked":"Dodge and Roll","floor":22},{"not_picked":["Dagger Throw","Poisoned Stab","Outmaneuver"],"picked":"SKIP","floor":24},{"not_picked":["Outmaneuver","Setup+1","Grand Finale"],"picked":"SKIP","floor":27},{"not_picked":["Bouncing Flask+1","Dagger Throw"],"picked":"Deflect+1","floor":30},{"not_picked":["Underhanded Strike","Outmaneuver"],"picked":"Leg Sweep","floor":31},{"not_picked":["Phantasmal Killer","Unload"],"picked":"Envenom","floor":33},{"not_picked":["Crippling Poison","Blade Dance+1","Sucker Punch"],"picked":"SKIP","floor":35},{"not_picked":["Bane","PiercingWail"],"picked":"Cloak And Dagger","floor":39},{"not_picked":["Terror","Poisoned Stab"],"picked":"Crippling Poison","floor":40},{"not_picked":["Heel Hook+1","Cloak And Dagger"],"picked":"Dash","floor":44},{"not_picked":["Bandage Up","Forethought"],"picked":"Flash of Steel","floor":45},{"not_picked":["Dark Shackles","Trip"],"picked":"Impatience","floor":45},{"not_picked":["Outmaneuver","Phantasmal Killer","Blade Dance"],"picked":"SKIP","floor":47},{"not_picked":["Slice","Finisher"],"picked":"Dodge and Roll","floor":48}],"player_experience":979322,"relics_obtained":[{"floor":3,"key":"War Paint"},{"floor":7,"key":"Bird Faced Urn"},{"floor":9,"key":"Gremlin Horn"},{"floor":10,"key":"Odd Mushroom"},{"floor":13,"key":"Letter Opener"},{"floor":24,"key":"Ancient Tea Set"},{"floor":26,"key":"MawBank"},{"floor":27,"key":"Gambling Chip"},{"floor":37,"key":"Incense Burner"},{"floor":40,"key":"Ornamental Fan"},{"floor":43,"key":"Smiling Mask"}],"event_choices":[{"cards_removed":["Strike_G"],"damage_healed":0,"gold_gain":0,"player_choice":"Forget","damage_taken":0,"max_hp_gain":0,"max_hp_loss":0,"event_name":"Living Wall","floor":2,"gold_loss":0},{"damage_healed":0,"gold_gain":0,"player_choice":"Fought Mushrooms","damage_taken":0,"max_hp_gain":0,"max_hp_loss":0,"event_name":"Mushrooms","floor":10,"gold_loss":0},{"damage_healed":0,"gold_gain":0,"player_choice":"Bet on Owner","damage_taken":0,"max_hp_gain":0,"max_hp_loss":0,"event_name":"The Joust","floor":20,"gold_loss":50},{"cards_removed":["Strike_G"],"damage_healed":0,"gold_gain":0,"player_choice":"Removed Attack","damage_taken":0,"max_hp_gain":0,"max_hp_loss":0,"event_name":"Falling","floor":36,"gold_loss":0},{"damage_healed":0,"gold_gain":0,"player_choice":"Fight","damage_taken":0,"max_hp_gain":0,"max_hp_loss":0,"event_name":"MindBloom","floor":37,"gold_loss":0},{"damage_healed":0,"gold_gain":0,"player_choice":"Memory 3","damage_taken":10,"max_hp_gain":0,"max_hp_loss":0,"event_name":"SensoryStone","floor":45,"gold_loss":0}],"is_beta":true,"boss_relics":[{"not_picked":["Calling Bell","Fusion Hammer"],"picked":"Runic Dome"},{"not_picked":["Philosopher\u0027s Stone","White Beast Statue"],"picked":"Coffee Dripper"}],"items_purged_floors":[29],"is_endless":false,"potions_floor_spawned":[1,7,8,14,16,19,21,30,31,33,40,44,48],"ascension_level":20}