{"gold_per_floor":[117,267,283,283,358,390,413,428,451,451,176,176,195,215,215,292,292,312,312],"floor_reached":19,"playtime":575,"items_purged":["Strike_G"],"score":384,"play_id":"b25643e8-4b49-47bc-9960-e25a508ad23c","local_time":"20190221144703","is_ascension_mode":true,"campfire_choices":[{"data":"Neutralize","floor":12,"key":"SMITH"},{"data":"A Thousand Cuts","floor":15,"key":"SMITH"}],"neow_cost":"NONE","seed_source_timestamp":279175033289520,"circlet_count":0,"master_deck":["AscendersBane","Defend_G","Defend_G","Defend_G","Defend_G","Defend_G","Strike_G","Strike_G","Strike_G","Strike_G","Survivor","Neutralize+1","Predator","Dagger Spray","Infinite Blades","A Thousand Cuts+1","Backflip","Tools of the Trade","Underhanded Strike+1"],"relics":["Ring of the Snake","NeowsBlessing","Gremlin Horn","Ancient Tea Set","Blood Vial","Membership Card","Runic Pyramid"],"potions_floor_usage":[16,16],"damage_taken":[{"damage":0,"enemies":"2 Louse","floor":1,"turns":2},{"damage":0,"enemies":"Jaw Worm","floor":3,"turns":1},{"damage":0,"enemies":"Lagavulin","floor":6,"turns":1},{"damage":7,"enemies":"Small Slimes","floor":8,"turns":3},{"damage":0,"enemies":"Looter","floor":13,"turns":3},{"damage":17,"enemies":"Large Slime","floor":14,"turns":10},{"damage":23,"enemies":"Slime Boss","floor":16,"turns":6},{"damage":58,"enemies":"Spheric Guardian","floor":18,"turns":8},{"damage":4,"enemies":"3 Byrds","floor":19,"turns":2}],"seed_played":"5239631961202155808","potions_obtained":[{"floor":3,"key":"Fire Potion"},{"floor":6,"key":"Poison Potion"}],"is_trial":false,"path_per_floor":["M","?","M","?","?","E","T","M","T","?","$","R","M","M","R","B",null,"M","M"],"character_chosen":"THE_SILENT","items_purchased":["Membership Card","Infinite Blades"],"campfire_rested":0,"item_purchase_floors":[11,11],"current_hp_per_floor":[59,59,59,59,48,48,48,41,41,66,66,66,66,49,49,28,57,1,0],"gold":312,"neow_bonus":"THREE_ENEMY_KILL","is_prod":false,"is_daily":false,"chose_seed":false,"campfire_upgraded":2,"win_rate":0,"timestamp":1550785623,"path_taken":["M","?","M","?","?","E","?","M","T","?","$","R","M","M","R","BOSS","M","M"],"build_version":"2019-02-06","purchased_purges":1,"victory":false,"max_hp_per_floor":[66,66,66,66,66,66,66,66,66,66,66,66,66,66,66,66,66,66,66],"card_choices":[{"not_picked":["Outmaneuver","Bouncing Flask"],"picked":"All Out Attack","floor":1},{"not_picked":["All Out Attack","Quick Slash"],"picked":"Predator","floor":3},{"not_picked":["Masterful Stab","Deflect","Bane"],"picked":"SKIP","floor":6},{"not_picked":["Deflect","Outmaneuver"],"picked":"Dagger Spray","floor":8},{"not_picked":["Caltrops","Terror"],"picked":"A Thousand Cuts","floor":13},{"not_picked":["Accuracy","Bane"],"picked":"Backflip","floor":14},{"not_picked":["Envenom","Unload"],"picked":"Tools of the Trade","floor":16},{"not_picked":["Riddle With Holes","Slice"],"picked":"Underhanded Strike+1","floor":18}],"player_experience":1120604,"relics_obtained":[{"floor":6,"key":"Gremlin Horn"},{"floor":7,"key":"Ancient Tea Set"},{"floor":9,"key":"Blood Vial"}],"event_choices":[{"damage_healed":0,"gold_gain":150,"player_choice":"AGREE","damage_taken":0,"max_hp_gain":0,"max_hp_loss":0,"event_name":"Liars Game","floor":2,"gold_loss":0,"cards_obtained":["Doubt"]},{"cards_removed":["Doubt"],"damage_healed":0,"gold_gain":0,"player_choice":"Forget","damage_taken":0,"max_hp_gain":0,"max_hp_loss":0,"event_name":"Living Wall","floor":4,"gold_loss":0},{"damage_healed":0,"gold_gain":75,"player_choice":"Gather Gold","damage_taken":11,"max_hp_gain":0,"max_hp_loss":0,"event_name":"World of Goop","floor":5,"gold_loss":0},{"cards_removed":["All Out Attack"],"damage_healed":25,"gold_gain":0,"player_choice":"Offered Uncommon","damage_taken":0,"max_hp_gain":0,"max_hp_loss":0,"event_name":"Bonfire Elementals","floor":10,"gold_loss":0}],"is_beta":true,"boss_relics":[{"not_picked":["White Beast Statue","HoveringKite"],"picked":"Runic Pyramid"}],"items_purged_floors":[11],"is_endless":false,"potions_floor_spawned":[3,6],"killed_by":"3 Byrds","ascension_level":20}