{"gold_per_floor":[110,127,127,202,216,216,48,48,75,75,85,85],"floor_reached":12,"playtime":323,"items_purged":[],"score":136,"play_id":"ba3dcc95-b252-4d1d-8ce6-1622ce395cac","local_time":"20190428090128","is_ascension_mode":true,"campfire_choices":[{"data":"Bash","floor":6,"key":"SMITH"},{"data":"Armaments","floor":8,"key":"SMITH"},{"data":"Shrug It Off","floor":10,"key":"SMITH"}],"neow_cost":"NONE","seed_source_timestamp":486342813882798,"circlet_count":0,"master_deck":["AscendersBane","Strike_R","Strike_R","Strike_R","Strike_R","Strike_R","Defend_R","Defend_R","Defend_R","Defend_R","Bash+1","Armaments+1","Shrug It Off+1","Feel No Pain"],"relics":["Burning Blood","Oddly Smooth Stone"],"potions_floor_usage":[12],"damage_taken":[{"damage":7,"enemies":"Small Slimes","floor":1,"turns":4},{"damage":4,"enemies":"2 Louse","floor":2,"turns":3},{"damage":7,"enemies":"Cultist","floor":5,"turns":4},{"damage":34,"enemies":"Exordium Wildlife","floor":11,"turns":10},{"damage":54,"enemies":"Gremlin Nob","floor":12,"turns":4}],"seed_played":"3175272557558534311","potions_obtained":[{"floor":11,"key":"Poison Potion"}],"is_trial":false,"path_per_floor":["M","M","?","?","M","R","$","R","T","R","M","E"],"character_chosen":"IRONCLAD","items_purchased":["Oddly Smooth Stone"],"campfire_rested":0,"item_purchase_floors":[7],"current_hp_per_floor":[67,69,62,51,50,50,50,50,50,50,22,0],"gold":85,"neow_bonus":"RANDOM_COLORLESS","is_prod":false,"is_daily":false,"chose_seed":false,"campfire_upgraded":3,"win_rate":0,"timestamp":1556456488,"path_taken":["M","M","?","?","M","R","$","R","T","R","M","E"],"build_version":"2019-01-23","purchased_purges":0,"victory":false,"max_hp_per_floor":[75,75,75,75,75,75,75,75,75,75,75,75],"card_choices":[{"not_picked":["Flex","Rage"],"picked":"Armaments","floor":1},{"not_picked":["Entrench","Bloodletting","Havoc"],"picked":"SKIP","floor":2},{"not_picked":["Pommel Strike","Feel No Pain"],"picked":"Shrug It Off","floor":5},{"not_picked":["Anger","Thunderclap"],"picked":"Feel No Pain","floor":11}],"player_experience":2046397,"relics_obtained":[],"event_choices":[{"cards_removed":["Forethought"],"damage_healed":0,"gold_gain":0,"player_choice":"Card Removal","damage_taken":7,"max_hp_gain":0,"max_hp_loss":0,"event_name":"Golden Wing","floor":3,"gold_loss":0},{"damage_healed":0,"gold_gain":75,"player_choice":"Gather Gold","damage_taken":11,"max_hp_gain":0,"max_hp_loss":0,"event_name":"World of Goop","floor":4,"gold_loss":0}],"is_beta":false,"boss_relics":[],"items_purged_floors":[],"is_endless":false,"potions_floor_spawned":[11],"killed_by":"Gremlin Nob","ascension_level":20}