{"gold_per_floor":[116,44,44,44,219,254,254,280,280,280,3,3,3,15,15,117,117,131,161,161,173,173,200,200,200],"floor_reached":25,"playtime":675,"items_purged":["Doubt"],"score":396,"play_id":"4ebb38ba-f250-4da6-82f1-61359e3ca473","local_time":"20190506120824","is_ascension_mode":true,"campfire_choices":[{"data":"Shockwave","floor":7,"key":"SMITH"},{"data":"Carnage","floor":10,"key":"SMITH"},{"data":"Bash","floor":12,"key":"SMITH"},{"data":"Seeing Red","floor":15,"key":"SMITH"},{"data":"Bloodletting","floor":24,"key":"SMITH"}],"neow_cost":"NONE","seed_source_timestamp":146977411761895,"circlet_count":0,"master_deck":["Strike_R","Strike_R","Strike_R","Strike_R+1","Strike_R","Defend_R","Defend_R","Defend_R","Defend_R+1","Bash+1","Battle Trance","Shockwave+1","Headbutt","Carnage+1","Battle Trance","Seeing Red+1","Demon Form","Bloodletting+1"],"relics":["Burning Blood","NeowsBlessing","Bag of Marbles","Pantograph","Torii","Membership Card","Busted Crown","Tiny Chest","Regal Pillow","Dream Catcher"],"potions_floor_usage":[21,25],"damage_taken":[{"damage":0,"enemies":"2 Louse","floor":1,"turns":1},{"damage":0,"enemies":"Lagavulin","floor":6,"turns":1},{"damage":0,"enemies":"Gremlin Nob","floor":8,"turns":1},{"damage":0,"enemies":"Jaw Worm","floor":14,"turns":1},{"damage":16,"enemies":"Hexaghost","floor":16,"turns":8},{"damage":27,"enemies":"3 Byrds","floor":18,"turns":6},{"damage":0,"enemies":"Shell Parasite","floor":21,"turns":1},{"damage":16,"enemies":"Book of Stabbing","floor":23,"turns":4},{"damage":40,"enemies":"Slavers","floor":25,"turns":3}],"seed_played":"-8392474719177261166","potions_obtained":[{"floor":6,"key":"Explosive Potion"},{"floor":23,"key":"Weak Potion"}],"is_trial":false,"path_per_floor":["M","$","?","?","?","E","R","E","T","R","$","R","$","M","R","B",null,"M","?","?","M","T","E","R","E"],"character_chosen":"IRONCLAD","items_purchased":["Shockwave","Membership Card","Battle Trance"],"campfire_rested":0,"item_purchase_floors":[2,11,11],"current_hp_per_floor":[78,78,62,62,62,68,68,74,74,74,74,74,74,80,80,70,78,57,57,42,48,48,38,38,0],"gold":200,"neow_bonus":"THREE_ENEMY_KILL","is_prod":false,"is_daily":false,"chose_seed":false,"campfire_upgraded":5,"win_rate":0,"timestamp":1557140904,"path_taken":["M","$","?","?","?","E","R","E","T","R","$","R","$","M","R","BOSS","M","?","?","M","?","E","R","E"],"build_version":"2019-01-23","purchased_purges":1,"victory":false,"max_hp_per_floor":[80,80,80,80,80,80,80,80,80,80,80,80,80,80,80,80,80,80,80,85,85,85,85,85,85],"card_choices":[{"not_picked":["Body Slam","Flex"],"picked":"Battle Trance","floor":1},{"not_picked":["Wild Strike","Dual Wield"],"picked":"Headbutt","floor":6},{"not_picked":["Flex","Cleave"],"picked":"Carnage","floor":8},{"not_picked":["Wild Strike","Sever Soul"],"picked":"Seeing Red","floor":14},{"not_picked":["Exhume","Juggernaut"],"picked":"Demon Form","floor":16},{"not_picked":[],"picked":"Bloodletting","floor":18},{"not_picked":["Searing Blow"],"picked":"SKIP","floor":21},{"not_picked":["Twin Strike+1"],"picked":"SKIP","floor":23}],"player_experience":319188,"relics_obtained":[{"floor":6,"key":"Bag of Marbles"},{"floor":8,"key":"Pantograph"},{"floor":9,"key":"Torii"},{"floor":22,"key":"Regal Pillow"},{"floor":23,"key":"Dream Catcher"}],"event_choices":[{"damage_healed":0,"gold_gain":0,"player_choice":"Entered Light","damage_taken":16,"max_hp_gain":0,"max_hp_loss":0,"event_name":"Shining Light","floor":3,"gold_loss":0,"cards_upgraded":["Strike_R","Defend_R"]},{"damage_healed":0,"gold_gain":0,"player_choice":"Leave","damage_taken":0,"max_hp_gain":0,"max_hp_loss":0,"event_name":"The Cleric","floor":4,"gold_loss":0},{"damage_healed":0,"gold_gain":175,"player_choice":"AGREE","damage_taken":0,"max_hp_gain":0,"max_hp_loss":0,"event_name":"Liars Game","floor":5,"gold_loss":0,"cards_obtained":["Doubt"]},{"damage_healed":0,"gold_gain":0,"player_choice":"Opened","damage_taken":0,"relics_obtained":["Tiny Chest"],"max_hp_gain":0,"max_hp_loss":0,"event_name":"The Mausoleum","floor":19,"gold_loss":0},{"damage_healed":0,"gold_gain":0,"player_choice":"Shed Blood","damage_taken":20,"max_hp_gain":5,"max_hp_loss":0,"event_name":"Forgotten Altar","floor":20,"gold_loss":0}],"is_beta":false,"boss_relics":[{"not_picked":["Calling Bell","Black Star"],"picked":"Busted Crown"}],"items_purged_floors":[11],"is_endless":false,"potions_floor_spawned":[6,23],"killed_by":"Slavers","ascension_level":9}