{"path_per_floor":["M","$","M","?","?","E","R","E","T","E","R","?","M","?","R","B",null,"M","M","?","?","T","E","R","E","T","M","R","?","$","M","R","B",null,"M","$","M"],"character_chosen":"THE_SILENT","items_purchased":["Distraction","Footwork","Oddly Smooth Stone"],"gold_per_floor":[116,41,58,58,58,86,86,113,160,186,186,186,200,227,227,302,302,316,327,252,252,275,304,304,331,331,348,348,348,198,214,214,288,288,301,155,170,170],"floor_reached":38,"campfire_rested":3,"playtime":2333,"current_hp_per_floor":[55,55,50,37,37,7,26,20,20,12,31,31,31,31,31,9,52,41,42,42,42,42,33,33,35,35,13,47,35,35,32,32,22,59,59,59,32,0],"items_purged":["Doubt"],"gold":170,"score":728,"play_id":"dc18cdf0-811a-4c94-bf64-64293a2eb07e","local_time":"20180406195021","is_prod":false,"is_daily":false,"is_ascension_mode":true,"campfire_upgraded":3,"timestamp":1523058621,"path_taken":["M","$","M","?","?","E","R","E","T","E","R","?","M","?","R","BOSS","M","M","?","?","?","E","R","E","T","M","R","?","$","M","R","BOSS","M","$","M","M"],"build_version":"2018-04-05v2","purchased_purges":3,"victory":false,"master_deck":["Defend_G","Defend_G","Defend_G","Defend_G","Defend_G","Strike_G","Strike_G","Strike_G+1","Strike_G","Strike_G","Survivor+1","Neutralize","AscendersBane","Tools of the Trade+1","Dagger Spray+1","Escape Plan","Acrobatics","Die Die Die","Noxious Fumes+1","Leg Sweep","Unload","Burst+1","Predator+1","Distraction+1","Footwork","Night Terror","Deadly Poison+1","Dagger Spray+1"],"max_hp_per_floor":[66,66,66,66,66,66,66,66,66,66,66,66,66,66,66,66,66,66,66,66,66,66,66,66,66,66,66,66,71,71,71,71,71,71,71,71,71,71],"relics":["Ring of the Snake","Tough Bandages","Happy Flower","Bag of Preparation","Toolbox","Odd Mushroom","Sozu","Anchor","Dream Catcher","Regal Pillow","Pantograph","Eternal Feather","Oddly Smooth Stone"],"card_choices":[{"not_picked":["Adrenaline","Die Die Die"],"picked":"Tools of the Trade","floor":0},{"not_picked":["Terror","Bane"],"picked":"Dagger Spray","floor":1},{"not_picked":["Flechettes","Setup"],"picked":"Escape Plan","floor":3},{"not_picked":["Dagger Spray","Deadly Poison"],"picked":"Acrobatics","floor":6},{"not_picked":["Cloak And Dagger","Dagger Spray"],"picked":"Die Die Die","floor":8},{"not_picked":["PiercingWail","Distraction"],"picked":"Noxious Fumes","floor":10},{"not_picked":["Dodge and Roll","Backflip"],"picked":"Leg Sweep","floor":13},{"not_picked":["A Thousand Cuts","Adrenaline"],"picked":"Unload","floor":16},{"not_picked":["Flying Knee","All Out Attack"],"picked":"Burst","floor":23},{"not_picked":["Prepared","Quick Slash"],"picked":"Predator","floor":27},{"not_picked":["After Image","Burst"],"picked":"Night Terror","floor":33},{"not_picked":["Cloak And Dagger","Footwork"],"picked":"Deadly Poison","floor":35},{"not_picked":["Choke","Poisoned Stab"],"picked":"Dagger Spray","floor":37}],"player_experience":697549,"potions_floor_usage":[8,16,16,19],"damage_taken":[{"damage":4,"enemies":"Small Slimes","floor":1,"turns":4},{"damage":5,"enemies":"2 Louse","floor":3,"turns":5},{"damage":30,"enemies":"Lagavulin","floor":6,"turns":8},{"damage":6,"enemies":"3 Sentries","floor":8,"turns":5},{"damage":8,"enemies":"Lagavulin","floor":10,"turns":8},{"damage":0,"enemies":"Cultist","floor":13,"turns":2},{"damage":0,"enemies":"The Mushroom Lair","floor":14,"turns":2},{"damage":22,"enemies":"Slime Boss","floor":16,"turns":9},{"damage":11,"enemies":"2 Thieves","floor":18,"turns":4},{"damage":5,"enemies":"Spheric Guardian","floor":19,"turns":3},{"damage":13,"enemies":"Slavers","floor":23,"turns":5},{"damage":2,"enemies":"Gremlin Leader","floor":25,"turns":7},{"damage":22,"enemies":"Cultist and Chosen","floor":27,"turns":7},{"damage":3,"enemies":"Snake Plant","floor":31,"turns":5},{"damage":35,"enemies":"Collector","floor":33,"turns":13},{"damage":0,"enemies":"3 Shapes","floor":35,"turns":4},{"damage":27,"enemies":"Orb Walker","floor":37,"turns":5},{"damage":45,"enemies":"4 Shapes","floor":38,"turns":3}],"event_choices":[{"event_name":"Shining Light","player_choice":"Entered Light","floor":4,"damage_taken":0},{"event_name":"Living Wall","player_choice":"Grow","floor":5,"damage_taken":0},{"event_name":"Wheel of Change","player_choice":"Curse","floor":12,"damage_taken":0},{"event_name":"Mushrooms","player_choice":"Fought Mushrooms","floor":14,"damage_taken":0},{"event_name":"Beggar","player_choice":"Gave Gold","floor":20,"damage_taken":0},{"event_name":"Upgrade Shrine","player_choice":"Upgraded","floor":21,"damage_taken":0},{"event_name":"Forgotten Altar","player_choice":"Shed Blood","floor":29,"damage_taken":0}],"boss_relics":[{"not_picked":["Philosopher\u0027s Stone","Black Star"],"picked":"Sozu"},{"not_picked":["Orrery","Runic Pyramid"],"picked":"Eternal Feather"}],"potions_floor_spawned":[6,10,14,16,23,31,35],"seed_played":"-2930135240353913782","killed_by":"4 Shapes","ascension_level":14,"is_trial":false}