{"gold_per_floor":[111,129,204,217,231,231,231,231,231,262,287,314,4,21,21,94,94,107,207,207,257,37,37],"floor_reached":23,"playtime":1119,"items_purged":[],"score":394,"play_id":"23daec47-a230-4c46-80b6-686541dd591d","local_time":"20190428061830","is_ascension_mode":true,"campfire_choices":[{"data":"Coolheaded","floor":6,"key":"SMITH"},{"floor":8,"key":"REST"},{"data":"Defragment","floor":15,"key":"SMITH"}],"neow_cost":"NONE","seed_source_timestamp":475767530943322,"circlet_count":0,"master_deck":["AscendersBane","Strike_B","Strike_B","Strike_B","Strike_B","Defend_B","Defend_B","Defend_B","Defend_B","Zap+1","Dualcast","Ball Lightning+1","Steam+1","Compile Driver","Coolheaded+1","Defragment+1","Hologram","Defragment","Biased Cognition","Sweeping Beam","Double Energy","Machine Learning","Conserve Battery","Loop","Decay"],"relics":["Cracked Core","Thread and Needle","Mango","Odd Mushroom","Ancient Tea Set","Bronze Scales","Lizard Tail","Pocketwatch","Ornamental Fan","MealTicket"],"potions_floor_usage":[11,16,19],"damage_taken":[{"damage":1,"enemies":"Cultist","floor":1,"turns":3},{"damage":0,"enemies":"Small Slimes","floor":2,"turns":2},{"damage":5,"enemies":"2 Louse","floor":4,"turns":3},{"damage":1,"enemies":"Looter","floor":5,"turns":3},{"damage":4,"enemies":"Lagavulin","floor":10,"turns":5},{"damage":15,"enemies":"The Mushroom Lair","floor":11,"turns":3},{"damage":24,"enemies":"Gremlin Nob","floor":12,"turns":4},{"damage":0,"enemies":"Large Slime","floor":14,"turns":3},{"damage":6,"enemies":"The Guardian","floor":16,"turns":11},{"damage":19,"enemies":"2 Thieves","floor":18,"turns":4},{"damage":25,"enemies":"Colosseum Slavers","floor":19,"turns":3},{"damage":91,"enemies":"Colosseum Nobs","floor":19,"turns":5},{"damage":5,"enemies":"Gremlin Leader","floor":23,"turns":2}],"seed_played":"-8853685465067887654","potions_obtained":[{"floor":5,"key":"Energy Potion"},{"floor":12,"key":"FocusPotion"},{"floor":14,"key":"Regen Potion"}],"is_trial":false,"path_per_floor":["M","M","?","M","M","R","?","R","T","E","?","E","$","M","R","B",null,"M","?","?","?","$","E"],"character_chosen":"DEFECT","items_purchased":["Bronze Scales","Biased Cognition","Sweeping Beam","MealTicket"],"campfire_rested":1,"item_purchase_floors":[13,13,13,22],"current_hp_per_floor":[63,63,52,47,46,46,25,46,46,56,41,17,17,17,17,26,70,51,3,3,3,3,0],"gold":37,"neow_bonus":"UPGRADE_CARD","is_prod":false,"is_daily":false,"chose_seed":false,"campfire_upgraded":2,"win_rate":0,"timestamp":1556446710,"path_taken":["M","M","?","M","M","R","?","R","T","E","?","E","?","M","R","BOSS","M","?","?","?","?","E"],"build_version":"2019-01-23","purchased_purges":0,"victory":false,"max_hp_per_floor":[71,71,71,71,71,71,71,71,71,85,85,85,85,85,85,85,85,85,85,85,85,85,85],"card_choices":[{"not_picked":["Sweeping Beam","Cold Snap"],"picked":"Ball Lightning","floor":1},{"not_picked":["Chaos","Blizzard"],"picked":"Steam","floor":2},{"not_picked":["Redo","Consume"],"picked":"Compile Driver","floor":4},{"not_picked":["Auto Shields","Sweeping Beam"],"picked":"Coolheaded","floor":5},{"not_picked":["Rebound","Redo"],"picked":"Defragment","floor":10},{"not_picked":["Turbo","White Noise"],"picked":"Hologram","floor":11},{"not_picked":["Leap","Gash"],"picked":"Defragment","floor":12},{"not_picked":["Streamline","Machine Learning"],"picked":"Double Energy","floor":14},{"not_picked":["Rainbow","Echo Form"],"picked":"Machine Learning","floor":16},{"not_picked":["Melter","Sunder"],"picked":"Conserve Battery","floor":18},{"not_picked":["Barrage","Conserve Battery"],"picked":"Loop","floor":19}],"player_experience":2036001,"relics_obtained":[{"floor":9,"key":"Thread and Needle"},{"floor":10,"key":"Mango"},{"floor":11,"key":"Odd Mushroom"},{"floor":12,"key":"Ancient Tea Set"},{"floor":19,"key":"Pocketwatch"},{"floor":19,"key":"Ornamental Fan"}],"event_choices":[{"damage_healed":0,"gold_gain":75,"player_choice":"Gather Gold","damage_taken":11,"max_hp_gain":0,"max_hp_loss":0,"event_name":"World of Goop","floor":3,"gold_loss":0},{"damage_healed":0,"gold_gain":0,"player_choice":"Entered Light","damage_taken":21,"max_hp_gain":0,"max_hp_loss":0,"event_name":"Shining Light","floor":7,"gold_loss":0,"cards_upgraded":["Ball Lightning","Steam"]},{"damage_healed":0,"gold_gain":0,"player_choice":"Fought Mushrooms","damage_taken":0,"max_hp_gain":0,"max_hp_loss":0,"event_name":"Mushrooms","floor":11,"gold_loss":0},{"damage_healed":0,"gold_gain":0,"player_choice":"Fight","damage_taken":0,"max_hp_gain":0,"max_hp_loss":0,"event_name":"Colosseum","floor":19,"gold_loss":0},{"damage_healed":0,"gold_gain":0,"player_choice":"Fought Nobs","damage_taken":0,"max_hp_gain":0,"max_hp_loss":0,"event_name":"Colosseum","floor":19,"gold_loss":0},{"damage_healed":0,"gold_gain":0,"player_choice":"Smashed Altar","damage_taken":0,"max_hp_gain":0,"max_hp_loss":0,"event_name":"Forgotten Altar","floor":20,"gold_loss":0,"cards_obtained":["Decay"]},{"damage_healed":0,"gold_gain":50,"player_choice":"Stole From Cult","damage_taken":0,"max_hp_gain":0,"max_hp_loss":0,"event_name":"Nest","floor":21,"gold_loss":0}],"is_beta":false,"boss_relics":[{"not_picked":["White Beast Statue","Orrery"],"picked":"Lizard Tail"}],"items_purged_floors":[],"is_endless":false,"potions_floor_spawned":[5,12,14],"killed_by":"Gremlin Leader","ascension_level":20}