{"gold_per_floor":[109,109,120,40,40,40,72,85,85,85,114,114,144,161,161,235,235,245,245,245,260,2,27,43,57,82,82,132,132,47,61,61,134,134,149,0,54,66,166,166,184,184,184,219,35,35,54,69,69,69,69,69,69,12,40,40],"floor_reached":57,"playtime":3995,"items_purged":["Strike_G"],"score":2566,"play_id":"f31d845b-4edf-4756-941c-af9bb18338bf","local_time":"20190426092914","is_ascension_mode":true,"campfire_choices":[{"data":"Noxious Fumes","floor":6,"key":"SMITH"},{"data":"Neutralize","floor":10,"key":"SMITH"},{"data":"After Image","floor":12,"key":"SMITH"},{"data":"Caltrops","floor":15,"key":"SMITH"},{"data":"Malaise","floor":27,"key":"SMITH"},{"data":"Footwork","floor":29,"key":"SMITH"},{"data":"Well Laid Plans","floor":32,"key":"SMITH"},{"data":"Wraith Form v2","floor":40,"key":"SMITH"},{"data":"Strike_G","floor":42,"key":"PURGE"},{"floor":46,"key":"RECALL"},{"data":"Strike_G","floor":49,"key":"PURGE"},{"data":"Footwork","floor":53,"key":"SMITH"}],"neow_cost":"NONE","seed_source_timestamp":311498543739032,"circlet_count":0,"master_deck":["AscendersBane","Defend_G","Defend_G","Defend_G","Defend_G","Defend_G+1","Survivor+1","Neutralize+1","Poisoned Stab+1","Noxious Fumes+1","Caltrops+1","After Image+1","Well Laid Plans+1","Cloak And Dagger","Cloak And Dagger","Die Die Die","PiercingWail","After Image+1","Crippling Poison+1","Adrenaline","Footwork+1","Malaise+1","Wraith Form v2+1","Catalyst+1","Backflip","Dodge and Roll+1","PiercingWail","Escape Plan","Footwork+1","Night Terror"],"relics":["Ring of the Snake","NeowsBlessing","Pocketwatch","Peace Pipe","War Paint","Empty Cage","Snake Skull","Meat on the Bone","The Specimen","Velvet Choker","Red Mask","StoneCalendar","FossilizedHelix","Bag of Marbles","Smiling Mask","Happy Flower"],"potions_floor_usage":[11,23,33,38,44,44,50,55],"damage_taken":[{"damage":0,"enemies":"Small Slimes","floor":1,"turns":1},{"damage":0,"enemies":"2 Louse","floor":3,"turns":1},{"damage":0,"enemies":"Gremlin Nob","floor":7,"turns":1},{"damage":5,"enemies":"Jaw Worm","floor":8,"turns":4},{"damage":11,"enemies":"3 Sentries","floor":11,"turns":7},{"damage":0,"enemies":"Exordium Wildlife","floor":14,"turns":4},{"damage":1,"enemies":"Hexaghost","floor":16,"turns":9},{"damage":0,"enemies":"Chosen","floor":18,"turns":5},{"damage":0,"enemies":"Spheric Guardian","floor":21,"turns":6},{"damage":19,"enemies":"Gremlin Leader","floor":23,"turns":7},{"damage":4,"enemies":"Cultist and Chosen","floor":24,"turns":5},{"damage":7,"enemies":"Centurion and Healer","floor":25,"turns":8},{"damage":8,"enemies":"Sentry and Sphere","floor":31,"turns":6},{"damage":25,"enemies":"Champ","floor":33,"turns":15},{"damage":3,"enemies":"3 Darklings","floor":35,"turns":4},{"damage":37,"enemies":"2 Orb Walkers","floor":37,"turns":7},{"damage":4,"enemies":"3 Shapes","floor":38,"turns":5},{"damage":0,"enemies":"Mind Bloom Boss Battle","floor":39,"turns":7},{"damage":0,"enemies":"Maw","floor":41,"turns":8},{"damage":25,"enemies":"Reptomancer","floor":44,"turns":7},{"damage":0,"enemies":"Jaw Worm Horde","floor":47,"turns":4},{"damage":0,"enemies":"3 Darklings","floor":48,"turns":5},{"damage":4,"enemies":"Donu and Deca","floor":50,"turns":11},{"damage":15,"enemies":"Time Eater","floor":51,"turns":15},{"damage":30,"enemies":"Shield and Spear","floor":55,"turns":7},{"damage":19,"enemies":"The Heart","floor":56,"turns":12}],"seed_played":"-9189727042101530483","potions_obtained":[{"floor":3,"key":"Dexterity Potion"},{"floor":7,"key":"AttackPotion"},{"floor":11,"key":"GhostInAJar"},{"floor":23,"key":"SpeedPotion"},{"floor":35,"key":"Fire Potion"},{"floor":38,"key":"SneckoOil"},{"floor":39,"key":"EssenceOfSteel"}],"is_trial":false,"path_per_floor":["M","?","M","$","?","R","E","M","T","R","E","R","?","M","R","B",null,"M","?","?","M","$","E","M","M","T","R","?","R","?","M","R","B",null,"M","?","?","M","?","R","M","R","T","E","$","R","M","M","R","B","B",null,"R","$","E","B",null],"character_chosen":"THE_SILENT","items_purchased":["Caltrops","Snake Skull","Adrenaline","Footwork","Energy Potion","Dexterity Potion"],"campfire_rested":0,"item_purchase_floors":[4,22,22,45,45,54],"current_hp_per_floor":[59,59,59,59,64,64,64,59,59,59,48,48,48,48,48,47,65,65,65,65,65,65,46,42,47,47,47,47,47,47,39,39,26,60,57,57,32,40,40,40,40,40,40,27,27,27,39,39,39,47,44,64,64,64,46,39],"gold":40,"neow_bonus":"THREE_ENEMY_KILL","is_prod":false,"is_daily":false,"chose_seed":false,"campfire_upgraded":9,"win_rate":0,"timestamp":1556285354,"path_taken":["M","?","M","$","?","R","E","M","T","R","E","R","?","M","R","BOSS","M","?","?","?","$","E","M","?","T","R","?","R","?","M","R","BOSS","M","?","?","M","?","R","M","R","T","E","?","R","?","M","R","BOSS","BOSS","R","$","E","BOSS"],"build_version":"2019-01-23","purchased_purges":1,"victory":true,"max_hp_per_floor":[66,66,66,66,71,71,71,71,71,71,71,71,71,71,71,71,71,71,71,71,71,71,71,71,71,71,71,71,71,71,71,71,71,71,71,71,71,71,71,71,71,71,71,71,71,71,71,71,71,71,71,71,71,71,71,71],"card_choices":[{"not_picked":["Outmaneuver","Slice"],"picked":"Poisoned Stab","floor":1},{"not_picked":["Accuracy","Prepared"],"picked":"Noxious Fumes","floor":3},{"not_picked":["Expertise","Flying Knee"],"picked":"After Image","floor":7},{"not_picked":["Distraction","Poisoned Stab"],"picked":"Well Laid Plans","floor":8},{"not_picked":["Poisoned Stab","Tactician"],"picked":"Cloak And Dagger","floor":11},{"not_picked":["Outmaneuver","Accuracy"],"picked":"Cloak And Dagger","floor":14},{"not_picked":["Storm of Steel","Grand Finale"],"picked":"Die Die Die","floor":16},{"not_picked":["Underhanded Strike","Flying Knee"],"picked":"PiercingWail","floor":18},{"not_picked":["Blur","Backstab+1"],"picked":"Crippling Poison+1","floor":21},{"not_picked":["All Out Attack","Flying Knee+1","Bouncing Flask"],"picked":"SKIP","floor":23},{"not_picked":["Predator","Bouncing Flask"],"picked":"Footwork","floor":24},{"not_picked":["PiercingWail","Accuracy"],"picked":"Malaise","floor":25},{"not_picked":["Accuracy","Quick Slash","Acrobatics"],"picked":"SKIP","floor":31},{"not_picked":["Accuracy","Quick Slash","Acrobatics"],"picked":"SKIP","floor":31},{"not_picked":["Bullet Time","Envenom"],"picked":"Wraith Form v2","floor":33},{"not_picked":["Eviscerate","Bane","Underhanded Strike"],"picked":"SKIP","floor":35},{"not_picked":["Footwork","Bane"],"picked":"Catalyst+1","floor":37},{"not_picked":["Predator","Blade Dance"],"picked":"Backflip","floor":38},{"not_picked":["Escape Plan","Dagger Throw"],"picked":"Dodge and Roll+1","floor":39},{"not_picked":["Bane","Dash"],"picked":"PiercingWail","floor":41},{"not_picked":["Phantasmal Killer","Skewer"],"picked":"Escape Plan","floor":44},{"not_picked":["Infinite Blades+1","Backflip","Dodge and Roll"],"picked":"SKIP","floor":47},{"not_picked":["Reflex","Eviscerate","Slice+1"],"picked":"SKIP","floor":48},{"not_picked":["Blade Dance","Prepared+1"],"picked":"Night Terror","floor":55}],"player_experience":1959857,"relics_obtained":[{"floor":7,"key":"Pocketwatch"},{"floor":9,"key":"Peace Pipe"},{"floor":11,"key":"War Paint"},{"floor":23,"key":"Meat on the Bone"},{"floor":37,"key":"StoneCalendar"},{"floor":39,"key":"FossilizedHelix"},{"floor":43,"key":"Bag of Marbles"},{"floor":44,"key":"Smiling Mask"},{"floor":55,"key":"Happy Flower"}],"event_choices":[{"damage_healed":0,"gold_gain":0,"player_choice":"Grow","damage_taken":0,"max_hp_gain":0,"max_hp_loss":0,"event_name":"Living Wall","floor":2,"gold_loss":0,"cards_upgraded":["Poisoned Stab"]},{"damage_healed":0,"gold_gain":0,"player_choice":"Donut","damage_taken":0,"max_hp_gain":5,"max_hp_loss":0,"event_name":"Big Fish","floor":5,"gold_loss":0},{"damage_healed":0,"gold_gain":30,"player_choice":"Searched \u00271\u0027 times","damage_taken":0,"max_hp_gain":0,"max_hp_loss":0,"event_name":"Dead Adventurer","floor":13,"gold_loss":0},{"damage_healed":0,"gold_gain":0,"player_choice":"Ignored","damage_taken":0,"max_hp_gain":0,"max_hp_loss":0,"event_name":"Ghosts","floor":19,"gold_loss":0},{"damage_healed":0,"gold_gain":0,"player_choice":"Copied","damage_taken":0,"max_hp_gain":0,"max_hp_loss":0,"event_name":"Duplicator","floor":20,"gold_loss":0,"cards_obtained":["After Image"]},{"damage_healed":0,"gold_gain":50,"player_choice":"Stole From Cult","damage_taken":0,"max_hp_gain":0,"max_hp_loss":0,"event_name":"Nest","floor":28,"gold_loss":0},{"damage_healed":0,"gold_gain":0,"player_choice":"Obtained Relic","damage_taken":0,"relics_obtained":["The Specimen"],"max_hp_gain":0,"max_hp_loss":0,"event_name":"Addict","floor":30,"gold_loss":85},{"damage_healed":0,"gold_gain":0,"player_choice":"Paid","damage_taken":0,"relics_obtained":["Red Mask"],"max_hp_gain":0,"max_hp_loss":0,"event_name":"Tomb of Lord Red Mask","floor":36,"gold_loss":149},{"damage_healed":0,"gold_gain":0,"player_choice":"Fight","damage_taken":0,"max_hp_gain":0,"max_hp_loss":0,"event_name":"Mysterious Sphere","floor":37,"gold_loss":0},{"damage_healed":0,"gold_gain":0,"player_choice":"Fight","damage_taken":0,"max_hp_gain":0,"max_hp_loss":0,"event_name":"MindBloom","floor":39,"gold_loss":0}],"is_beta":false,"boss_relics":[{"not_picked":["Eternal Feather","Orrery"],"picked":"Empty Cage"},{"not_picked":["White Beast Statue","Lizard Tail"],"picked":"Velvet Choker"}],"items_purged_floors":[45],"is_endless":false,"potions_floor_spawned":[3,7,11,14,16,18,23,35,38,39],"ascension_level":20}