{"path_per_floor":["M","?","?","M","$","R","M","R","T","M","M","M","R","M","R","B",null,"M","M","?","?","?","$","M"],"character_chosen":"THE_SILENT","items_purchased":["Medical Kit","Leg Sweep","Escape Plan","Noxious Fumes"],"gold_per_floor":[109,59,234,251,10,10,24,24,95,113,123,134,134,150,150,252,252,270,282,197,197,197,14,25],"floor_reached":25,"campfire_rested":0,"playtime":1576,"current_hp_per_floor":[66,66,66,57,57,57,55,55,55,47,44,44,44,21,21,17,57,39,37,37,43,43,43,40],"items_purged":["Doubt"],"gold":25,"score":244,"play_id":"a3f9bf0e-356f-4f45-83a4-d4e488625df5","is_prod":false,"is_daily":false,"is_ascension_mode":true,"campfire_upgraded":4,"path_taken":["M","?","?","M","$","R","M","R","T","M","M","?","R","M","R","BOSS","M","M","?","?","?","?","M","M"],"build_version":"2018-02-15-PROD1","purchased_purges":2,"victory":false,"master_deck":["Survivor","Neutralize","Cloak And Dagger","Calculated Gamble+1","Flying Knee","Masterful Stab","Footwork+1","Sucker Punch","Eviscerate","Finisher","Outmaneuver","Well Laid Plans","Poisoned Stab","Leg Sweep","Choke+1","Cloak And Dagger","Dagger Throw","A Thousand Cuts+1","Backstab","Die Die Die","Acrobatics","Decay","Escape Plan","Noxious Fumes","Quick Slash+1"],"max_hp_per_floor":[70,70,70,70,70,70,70,70,70,70,70,70,70,70,70,70,70,70,70,70,76,76,76,76],"relics":["Pandora\u0027s Box","Medical Kit","Darkstone Periapt","Eternal Feather","Art of War"],"card_choices":[{"not_picked":["Flying Knee","Slice"],"picked":"Well Laid Plans"},{"not_picked":["Outmaneuver","Accuracy"],"picked":"Poisoned Stab"},{"not_picked":["Cloak And Dagger","Outmaneuver"],"picked":"Choke"},{"not_picked":["Predator","Bane"],"picked":"Cloak And Dagger"},{"not_picked":["Escape Plan","Choke"],"picked":"Dagger Throw"},{"not_picked":["Backflip","Backstab"],"picked":"A Thousand Cuts"},{"not_picked":["Bane","Flying Knee"],"picked":"Backstab"},{"not_picked":["Wraith Form","A Thousand Cuts"],"picked":"Die Die Die"},{"not_picked":["Outmaneuver","Eviscerate"],"picked":"Acrobatics"},{"not_picked":["Sucker Punch","Caltrops"],"picked":"Quick Slash"}],"player_experience":345059,"potions_floor_usage":[14,16,24,24,25,25],"damage_taken":[{"damage":4,"enemies":"Small Slimes","floor":1,"turns":4},{"damage":9,"enemies":"Jaw Worm","floor":4,"turns":3},{"damage":2,"enemies":"2 Louse","floor":7,"turns":3},{"damage":8,"enemies":"Looter","floor":10,"turns":3},{"damage":3,"enemies":"Exordium Thugs","floor":11,"turns":4},{"damage":0,"enemies":"Large Slime","floor":12,"turns":5},{"damage":35,"enemies":"3 Louse","floor":14,"turns":5},{"damage":4,"enemies":"Slime Boss","floor":16,"turns":6},{"damage":18,"enemies":"3 Byrds","floor":18,"turns":3},{"damage":2,"enemies":"Spheric Guardian","floor":19,"turns":3},{"damage":3,"enemies":"Centurion and Healer","floor":24,"turns":4},{"damage":40,"enemies":"Slaver and Parasite","floor":25,"turns":4}],"event_choices":[{"event_name":"The Cleric","player_choice":"Card Removal","floor":2,"damage_taken":0},{"event_name":"Liars Game","player_choice":"agreed","floor":3,"damage_taken":0},{"event_name":"Addict","player_choice":"Obtained Relic","floor":20,"damage_taken":0},{"event_name":"Forgotten Altar","player_choice":"Smashed Altar","floor":21,"damage_taken":0},{"event_name":"The Lab","player_choice":"Got Potions","floor":22,"damage_taken":0}],"boss_relics":[{"not_picked":["Runic Pyramid","Philosopher\u0027s Stone"],"picked":"Eternal Feather"}],"potions_floor_spawned":[4,7,10,12,24],"seed_played":"-6933834329675118180","killed_by":"Slaver and Parasite","ascension_level":5,"is_trial":false}