{"gold_per_floor":[211,226,301,301,30,30,47,47,92,92,17,35,35,67,67,143,143,161,175,192,24,39,39,50,69,96,96,96,96,96,114,114,188,188,205,91,91,107,125,152,163,183,183,183,210,228,228,240,240,240],"floor_reached":50,"playtime":1839,"items_purged":["Pain"],"score":982,"play_id":"7adf785e-769e-4dd5-87ed-9bea01863a62","local_time":"20190110171600","is_ascension_mode":true,"campfire_choices":[{"data":"Mayhem","floor":6.0,"key":"SMITH"},{"data":"Corruption","floor":8.0,"key":"SMITH"},{"data":"Bash","floor":15.0,"key":"SMITH"},{"floor":23.0,"key":"REST"},{"floor":27.0,"key":"REST"},{"floor":29.0,"key":"REST"},{"floor":32,"key":"REST"},{"floor":44,"key":"REST"},{"floor":47,"key":"REST"},{"floor":49,"key":"RECALL"}],"neow_cost":"NONE","seed_source_timestamp":114597062966615,"circlet_count":0,"master_deck":["AscendersBane","Strike_R","Strike_R","Strike_R","Strike_R","Defend_R","Defend_R","Defend_R","Defend_R","Bash+1","Whirlwind","Shrug It Off","Corruption+1","Mayhem+1","Shrug It Off","Exhume","Offering","Pommel Strike","Clothesline","Barricade","True Grit","Power Through+1","Entrench","Limit Break","Body Slam","Feel No Pain","Entrench","Metallicize","Shockwave","Metallicize","Shame","Ghostly Armor","True Grit"],"special_seed":0,"relics":["Burning Blood","Red Skull","WarpedTongs","Pear","Fusion Hammer","Bag of Preparation","Happy Flower","Cursed Key","Anchor","Paper Frog"],"potions_floor_usage":[50,50],"damage_taken":[{"damage":7.0,"enemies":"Jaw Worm","floor":1.0,"turns":4.0},{"damage":9.0,"enemies":"2 Louse","floor":2.0,"turns":3.0},{"damage":10.0,"enemies":"Small Slimes","floor":7.0,"turns":4.0},{"damage":0.0,"enemies":"Gremlin Gang","floor":12.0,"turns":2.0},{"damage":24.0,"enemies":"Gremlin Nob","floor":14.0,"turns":4.0},{"damage":40.0,"enemies":"Hexaghost","floor":16.0,"turns":8.0},{"damage":12.0,"enemies":"3 Byrds","floor":18.0,"turns":6.0},{"damage":22.0,"enemies":"Chosen","floor":19.0,"turns":4.0},{"damage":26.0,"enemies":"Shelled Parasite and Fungi","floor":20.0,"turns":4.0},{"damage":24.0,"enemies":"Centurion and Healer","floor":22.0,"turns":6.0},{"damage":12.0,"enemies":"3 Cultists","floor":24.0,"turns":3.0},{"damage":19.0,"enemies":"Snake Plant","floor":25.0,"turns":5.0},{"damage":40.0,"enemies":"Cultist and Chosen","floor":31.0,"turns":6.0},{"damage":42,"enemies":"Automaton","floor":33,"turns":14},{"damage":48,"enemies":"3 Darklings","floor":35,"turns":6},{"damage":31,"enemies":"3 Shapes","floor":38,"turns":7},{"damage":6,"enemies":"Maw","floor":39,"turns":6},{"damage":18,"enemies":"Nemesis","floor":40,"turns":7},{"damage":12,"enemies":"Transient","floor":41,"turns":6},{"damage":30,"enemies":"Spire Growth","floor":42,"turns":5},{"damage":39,"enemies":"Reptomancer","floor":45,"turns":8},{"damage":10,"enemies":"Jaw Worm Horde","floor":46,"turns":4},{"damage":6,"enemies":"Transient","floor":48,"turns":6},{"damage":43,"enemies":"Awakened One","floor":50,"turns":3}],"seed_played":"-6929179201984859894","potions_obtained":[{"floor":1.0,"key":"Ancient Potion"},{"floor":7.0,"key":"Swift Potion"},{"floor":16.0,"key":"Fruit Juice"},{"floor":18.0,"key":"EssenceOfSteel"},{"floor":20.0,"key":"FearPotion"},{"floor":24.0,"key":"Swift Potion"},{"floor":38,"key":"SteroidPotion"},{"floor":41,"key":"Strength Potion"}],"is_trial":false,"path_per_floor":["M","M","?","?","$","R","M","R","T","?","$","M","?","E","R","B",null,"M","M","M","$","M","R","M","M","T","R","$","R","?","M","R","B",null,"M","$","?","M","M","E","M","M","T","R","E","M","R","M","R","B"],"character_chosen":"IRONCLAD","items_purchased":["Corruption","Mayhem","Barricade","Feel No Pain","Entrench"],"campfire_rested":6,"item_purchase_floors":[5,5,21,36,36],"current_hp_per_floor":[67,64,53,53,53,53,49,49,49,49,49,55,75,67,67,33,72,71,55,35,35,17,44,38,25,25,52,52,79,79,45,72,36,77,35,35,90,65,65,53,47,23,23,50,17,13,40,40,40,0],"gold":240,"neow_bonus":"HUNDRED_GOLD","is_prod":false,"is_daily":false,"chose_seed":false,"campfire_upgraded":3,"win_rate":0,"timestamp":1547165760,"path_taken":["M","M","?","?","$","R","M","R","T","?","$","?","?","E","R","BOSS","M","?","M","$","M","R","M","M","T","R","$","R","?","?","R","BOSS","M","$","?","?","M","E","?","M","T","R","E","?","R","M","R","BOSS"],"build_version":"2019-01-09","purchased_purges":1,"victory":false,"max_hp_per_floor":[75,75,75,75,75,75,75,75,75,75,75,75,75,85,85,85,85,90,90,90,90,90,90,90,90,90,90,90,90,90,90,90,90,90,90,90,90,90,90,90,90,90,90,90,90,90,90,90,90,90],"card_choices":[{"not_picked":["Cleave","Bloodletting"],"picked":"Whirlwind","floor":1.0},{"not_picked":["Uppercut","Searing Blow"],"picked":"Shrug It Off","floor":2.0},{"not_picked":["Thunderclap","Perfected Strike"],"picked":"Shrug It Off","floor":7.0},{"not_picked":["Perfected Strike","Twin Strike","Heavy Blade"],"picked":"SKIP","floor":12.0},{"not_picked":["Sentinel","Body Slam"],"picked":"Exhume","floor":14.0},{"not_picked":["Barricade","Juggernaut"],"picked":"Offering","floor":16.0},{"not_picked":["Whirlwind","Anger","Corruption"],"picked":"SKIP","floor":18.0},{"not_picked":["Entrench","Combust"],"picked":"Pommel Strike","floor":19.0},{"not_picked":["Wild Strike+1","Headbutt"],"picked":"Clothesline","floor":20.0},{"not_picked":["Flex","Evolve"],"picked":"Inflame","floor":22.0},{"not_picked":["Sword Boomerang","Dropkick"],"picked":"True Grit","floor":24.0},{"not_picked":["Iron Wave","Heavy Blade"],"picked":"Power Through+1","floor":25.0},{"not_picked":["Pommel Strike","Dropkick"],"picked":"Entrench","floor":31.0},{"not_picked":["Immolate","Berserk"],"picked":"Limit Break","floor":33},{"not_picked":["Pummel","Second Wind"],"picked":"Body Slam","floor":35},{"not_picked":["Havoc","Body Slam"],"picked":"Metallicize","floor":38},{"not_picked":["Iron Wave+1","Pommel Strike"],"picked":"Shockwave","floor":39},{"not_picked":["Anger","Flex","Perfected Strike"],"picked":"SKIP","floor":40},{"not_picked":["Searing Blow","Inflame","Heavy Blade+1"],"picked":"SKIP","floor":41},{"not_picked":["Uppercut+1","Pommel Strike"],"picked":"Metallicize","floor":42},{"not_picked":["Bludgeon","Bloodletting","Cleave"],"picked":"SKIP","floor":45},{"not_picked":["Dropkick+1","Headbutt"],"picked":"Ghostly Armor","floor":46},{"not_picked":["Clash","Twin Strike"],"picked":"True Grit","floor":48}],"player_experience":1033083,"relics_obtained":[{"floor":9.0,"key":"Red Skull"},{"floor":14.0,"key":"Pear"},{"floor":26.0,"key":"Bag of Preparation"},{"floor":40,"key":"Anchor"},{"floor":45,"key":"Paper Frog"}],"event_choices":[{"damage_healed":0.0,"max_hp_gain":0.0,"max_hp_loss":0.0,"gold_gain":75.0,"event_name":"World of Goop","player_choice":"Gather Gold","floor":3.0,"gold_loss":0.0,"damage_taken":11.0},{"cards_removed":["Strike_R"],"damage_healed":0.0,"max_hp_gain":0.0,"max_hp_loss":0.0,"gold_gain":0.0,"event_name":"Living Wall","player_choice":"Forget","floor":4.0,"gold_loss":0.0,"damage_taken":0.0},{"damage_healed":0.0,"max_hp_gain":0.0,"max_hp_loss":0.0,"gold_gain":0.0,"event_name":"Accursed Blacksmith","player_choice":"Rummage","floor":10.0,"gold_loss":0.0,"damage_taken":0.0,"relics_obtained":["WarpedTongs"],"cards_obtained":["Pain"]},{"damage_healed":20.0,"max_hp_gain":0.0,"max_hp_loss":0.0,"gold_gain":0.0,"event_name":"Wheel of Change","player_choice":"Full Heal","floor":13.0,"gold_loss":0.0,"damage_taken":0.0},{"damage_healed":0.0,"max_hp_gain":0.0,"max_hp_loss":0.0,"gold_gain":0.0,"event_name":"WeMeetAgain","player_choice":"Gave Potion","floor":30.0,"gold_loss":0.0,"damage_taken":0.0,"relics_obtained":["Happy Flower"]},{"cards_removed":["Inflame"],"damage_healed":55,"gold_gain":0,"player_choice":"Offered Uncommon","damage_taken":0,"max_hp_gain":0,"max_hp_loss":0,"event_name":"Bonfire Elementals","floor":37,"gold_loss":0}],"is_beta":true,"boss_relics":[{"not_picked":["Mark of Pain","Snecko Eye"],"picked":"Fusion Hammer"},{"not_picked":["Runic Cube","Black Star"],"picked":"Cursed Key"}],"items_purged_floors":[11],"is_endless":false,"potions_floor_spawned":[1,7,16,18,20,24,38,41,45],"killed_by":"Awakened One","ascension_level":17}