{"gold_per_floor":[365,232,244,14,14,14,47,47,70,70,103,115,135,135,135,207,207,225,237,237,0,0,0,29,29,29,46,46],"floor_reached":28,"playtime":690,"items_purged":["Strike_G","Strike_G"],"score":476,"play_id":"1020c0ba-23db-4808-a951-5d73e3bf39fc","local_time":"20180827001735","is_ascension_mode":true,"campfire_choices":[{"data":"Neutralize","floor":6,"key":"SMITH"},{"floor":8,"key":"REST"},{"data":"Noxious Fumes","floor":10,"key":"SMITH"},{"floor":15,"key":"REST"},{"floor":23,"key":"REST"},{"floor":25,"key":"REST"}],"neow_cost":"TEN_PERCENT_HP_LOSS","seed_source_timestamp":1002435962746392,"circlet_count":0,"master_deck":["Defend_G","Defend_G","Defend_G","Defend_G","Defend_G","Strike_G","Survivor","Neutralize+1","AscendersBane","Cloak And Dagger","Noxious Fumes+1","Backstab","Masterful Stab","Backflip","Predator+1","Dash","Noxious Fumes","Riddle With Holes","Die Die Die+1","Noxious Fumes+1","Backstab","Injury"],"relics":["Ring of the Snake","Strawberry","Vajra","Ancient Tea Set","Cursed Key","TwistedFunnel","Whetstone","Question Card"],"potions_floor_usage":[11,11,16,19,28],"damage_taken":[{"damage":2,"enemies":"Jaw Worm","floor":1,"turns":7},{"damage":4,"enemies":"Small Slimes","floor":3,"turns":4},{"damage":45,"enemies":"Lagavulin","floor":7,"turns":9},{"damage":15,"enemies":"3 Sentries","floor":11,"turns":8},{"damage":0,"enemies":"2 Louse","floor":12,"turns":1},{"damage":0,"enemies":"Blue Slaver","floor":13,"turns":2},{"damage":13,"enemies":"Slime Boss","floor":16,"turns":9},{"damage":31,"enemies":"3 Byrds","floor":18,"turns":4},{"damage":0,"enemies":"2 Thieves","floor":19,"turns":4},{"damage":12,"enemies":"Colosseum Slavers","floor":20,"turns":4},{"damage":24,"enemies":"Slavers","floor":24,"turns":4},{"damage":26,"enemies":"Shelled Parasite and Fungi","floor":27,"turns":3},{"damage":2,"enemies":"Snake Plant","floor":28,"turns":2}],"seed_played":"-5831951903029196719","potions_obtained":[{"floor":7,"key":"EntropicBrew"},{"floor":18,"key":"Block Potion"},{"floor":24,"key":"Strength Potion"}],"is_trial":false,"path_per_floor":["M","$","M","$","?","R","E","R","T","R","E","M","M","?","R","B",null,"M","M","?","$","?","R","E","R","T","M"],"character_chosen":"THE_SILENT","items_purchased":["Cloak And Dagger","Backstab","Masterful Stab","TwistedFunnel"],"campfire_rested":4,"item_purchase_floors":[2,4,4,21],"current_hp_per_floor":[57,57,53,53,46,46,8,28,28,28,13,13,13,13,33,20,55,24,24,12,12,12,32,8,28,28,2,0],"gold":46,"neow_bonus":"TWO_FIFTY_GOLD","is_prod":false,"is_daily":false,"chose_seed":false,"campfire_upgraded":2,"win_rate":0,"timestamp":1535354255,"path_taken":["M","$","M","$","?","R","E","R","T","R","E","M","M","?","R","BOSS","M","M","?","$","?","R","E","R","T","M","M"],"build_version":"2018-08-23v2","purchased_purges":2,"victory":false,"max_hp_per_floor":[60,60,60,60,60,60,67,67,67,67,67,67,67,67,67,67,67,67,67,67,67,67,67,67,67,67,67,67],"card_choices":[{"not_picked":["Blade Dance","Expertise","Terror"],"picked":"SKIP","floor":1},{"not_picked":["Flying Knee","Finisher"],"picked":"Noxious Fumes","floor":3},{"not_picked":["Quick Slash","Underhanded Strike"],"picked":"Backflip","floor":7},{"not_picked":["Slice","Prepared"],"picked":"Predator","floor":11},{"not_picked":["Burst","Escape Plan"],"picked":"Dash","floor":12},{"not_picked":["Setup","Expertise"],"picked":"Noxious Fumes","floor":13},{"not_picked":["Corpse Explosion","Glass Knife"],"picked":"Die Die Die","floor":16},{"not_picked":["Dodge and Roll","Bane+1"],"picked":"Noxious Fumes+1","floor":18},{"not_picked":["Quick Slash","Concentrate","Choke"],"picked":"SKIP","floor":19},{"not_picked":["Bane","Masterful Stab"],"picked":"Backstab","floor":24},{"not_picked":["Eviscerate","Choke","Calculated Gamble","Acrobatics"],"picked":"SKIP","floor":27}],"player_experience":907502,"relics_obtained":[{"floor":7,"key":"Strawberry"},{"floor":9,"key":"Vajra"},{"floor":11,"key":"Ancient Tea Set"},{"floor":24,"key":"Whetstone"},{"floor":26,"key":"Question Card"}],"event_choices":[{"event_name":"Golden Wing","player_choice":"Card Removal","floor":5,"damage_taken":0},{"event_name":"Transmorgrifier","player_choice":"Transform","floor":14,"damage_taken":0},{"event_name":"Colosseum","player_choice":"Fight","floor":20,"damage_taken":0},{"event_name":"Colosseum","player_choice":"Fled From Nobs","floor":20,"damage_taken":0},{"event_name":"Cursed Tome","player_choice":"Ignored","floor":22,"damage_taken":0}],"is_beta":true,"boss_relics":[{"not_picked":["Fusion Hammer","HoveringKite"],"picked":"Cursed Key"}],"items_purged_floors":[2,4],"is_endless":false,"potions_floor_spawned":[7,18,24],"killed_by":"Snake Plant","ascension_level":19}