{"gold_per_floor":[115,115,134,144,157,157,169,186,211,211,3,21,21,50,50,50],"floor_reached":16,"playtime":660,"items_purged":[],"score":104,"play_id":"c3db3a4b-6901-404c-9ba0-2320b59c702e","local_time":"20190427020449","is_ascension_mode":false,"campfire_choices":[{"data":"Dualcast","floor":6,"key":"SMITH"},{"data":"Blizzard","floor":10,"key":"SMITH"},{"floor":13,"key":"REST"},{"floor":15,"key":"REST"}],"neow_cost":"NONE","seed_source_timestamp":55710529676174,"circlet_count":0,"master_deck":["Strike_B","Strike_B","Strike_B","Strike_B","Defend_B","Defend_B","Defend_B","Zap","Dualcast+1","Blizzard+1","Turbo","Capacitor","Ball Lightning","Loop"],"relics":["Cracked Core","Membership Card","Dream Catcher"],"potions_floor_usage":[7,8,14,14],"damage_taken":[{"damage":1,"enemies":"2 Louse","floor":1,"turns":2},{"damage":1,"enemies":"Cultist","floor":3,"turns":3},{"damage":6,"enemies":"Jaw Worm","floor":4,"turns":3},{"damage":14,"enemies":"Large Slime","floor":5,"turns":6},{"damage":0,"enemies":"Lots of Slimes","floor":7,"turns":1},{"damage":5,"enemies":"Gremlin Gang","floor":8,"turns":4},{"damage":9,"enemies":"Blue Slaver","floor":12,"turns":3},{"damage":39,"enemies":"Lagavulin","floor":14,"turns":9},{"damage":44,"enemies":"Hexaghost","floor":16,"turns":8}],"seed_played":"-6364081165196824119","potions_obtained":[{"floor":2,"key":"AttackPotion"},{"floor":2,"key":"Weak Potion"},{"floor":2,"key":"GamblersBrew"},{"floor":5,"key":"PowerPotion"},{"floor":7,"key":"AttackPotion"},{"floor":14,"key":"Explosive Potion"}],"is_trial":false,"path_per_floor":["M","?","M","M","M","R","M","M","T","R","$","M","R","E","R","B"],"character_chosen":"DEFECT","items_purchased":["Membership Card"],"campfire_rested":2,"item_purchase_floors":[11],"current_hp_per_floor":[74,74,73,67,53,53,53,48,48,48,48,39,61,22,44,0],"gold":50,"neow_bonus":"REMOVE_CARD","is_prod":false,"is_daily":false,"chose_seed":false,"campfire_upgraded":2,"win_rate":0,"timestamp":1556345089,"path_taken":["M","?","M","M","M","R","?","M","T","R","$","M","R","E","R","BOSS"],"build_version":"2019-01-23","purchased_purges":0,"victory":false,"max_hp_per_floor":[75,75,75,75,75,75,75,75,75,75,75,75,75,75,75,75],"card_choices":[{"not_picked":["Go for the Eyes","Rebound","Chaos"],"picked":"SKIP","floor":1},{"not_picked":["Aggregate","Leap","Skim"],"picked":"SKIP","floor":3},{"not_picked":["Ball Lightning","Recycle"],"picked":"Blizzard","floor":4},{"not_picked":["Tempest","Streamline","Stack"],"picked":"SKIP","floor":5},{"not_picked":["Go for the Eyes","Leap"],"picked":"Turbo","floor":7},{"not_picked":["Gash","Streamline","Turbo"],"picked":"SKIP","floor":8},{"not_picked":["Melter","Coolheaded"],"picked":"Capacitor","floor":12},{"not_picked":["Undo","Capacitor"],"picked":"Ball Lightning","floor":14},{"not_picked":["Go for the Eyes","Beam Cell"],"picked":"Loop","floor":15}],"player_experience":913040,"relics_obtained":[{"floor":14,"key":"Dream Catcher"}],"event_choices":[{"damage_healed":0,"gold_gain":0,"player_choice":"Got Potions","damage_taken":0,"max_hp_gain":0,"max_hp_loss":0,"event_name":"Lab","floor":2,"gold_loss":0}],"is_beta":false,"boss_relics":[],"items_purged_floors":[],"is_endless":false,"potions_floor_spawned":[3,5,7,14],"killed_by":"Hexaghost","ascension_level":0}