{"gold_per_floor":[117,117,140,45,45,45,79,79,79,79,24,65,80,98,98,191,191,204,50,50,50,70,70,105,105,105,143,162,77,110,2,2,92,92,117,117,130,145,145,176,176,215,215,85,85,85,35,49,49,49],"floor_reached":50,"playtime":2318,"items_purged":["Pain"],"score":1204,"play_id":"c0fb81d3-c055-4fea-83f2-e91a3bc45618","local_time":"20190402160224","is_ascension_mode":true,"campfire_choices":[{"data":"Zap","floor":6,"key":"SMITH"},{"data":"Barrage","floor":8,"key":"SMITH"},{"data":"Dualcast","floor":10,"key":"SMITH"},{"data":"Go for the Eyes","floor":15,"key":"SMITH"},{"floor":23,"key":"REST"},{"floor":25,"key":"REST"},{"floor":32,"key":"REST"},{"floor":41,"key":"REST"},{"floor":46,"key":"RECALL"},{"floor":49,"key":"REST"}],"neow_cost":"NONE","seed_source_timestamp":105506244471748,"circlet_count":0,"master_deck":["AscendersBane","Defend_B","Defend_B","Zap+1","Dualcast+1","Auto Shields","Barrage+1","Defragment+1","Coolheaded","Compile Driver","Go for the Eyes+1","Sweeping Beam","Ball Lightning","Biased Cognition","Hologram","Buffer","Bite","Bite","Bite","Bite","Bite","Defragment+1","FTL+1","Seek","Go for the Eyes+1","Core Surge","Undo","Biased Cognition","Consume+1","Loop+1","Compile Driver+1","Leap+1","Cold Snap","Hologram","Blizzard+1"],"relics":["Cracked Core","Golden Idol","Odd Mushroom","PreservedInsect","Mercury Hourglass","Cursed Key","Regal Pillow","Potion Belt","Ornamental Fan","Shuriken","Sozu","Nunchaku","Meat on the Bone"],"potions_floor_usage":[7,12,14,27,28,33,33,33,37],"damage_taken":[{"damage":8,"enemies":"2 Louse","floor":1,"turns":3},{"damage":7,"enemies":"Jaw Worm","floor":3,"turns":3},{"damage":16,"enemies":"The Mushroom Lair","floor":7,"turns":4},{"damage":0,"enemies":"Gremlin Nob","floor":12,"turns":2},{"damage":6,"enemies":"Small Slimes","floor":13,"turns":2},{"damage":6,"enemies":"Gremlin Gang","floor":14,"turns":3},{"damage":26,"enemies":"The Guardian","floor":16,"turns":10},{"damage":23,"enemies":"2 Thieves","floor":18,"turns":3},{"damage":17,"enemies":"Spheric Guardian","floor":22,"turns":4},{"damage":38,"enemies":"Book of Stabbing","floor":24,"turns":4},{"damage":6,"enemies":"Gremlin Leader","floor":27,"turns":5},{"damage":8,"enemies":"Snake Plant","floor":28,"turns":4},{"damage":39,"enemies":"Book of Stabbing","floor":30,"turns":5},{"damage":6,"enemies":"Automaton","floor":33,"turns":8},{"damage":0,"enemies":"Orb Walker","floor":35,"turns":2},{"damage":20,"enemies":"3 Darklings","floor":37,"turns":5},{"damage":16,"enemies":"Transient","floor":38,"turns":6},{"damage":41,"enemies":"Giant Head","floor":40,"turns":7},{"damage":6,"enemies":"Nemesis","floor":42,"turns":5},{"damage":21,"enemies":"Spire Growth","floor":48,"turns":4},{"damage":59,"enemies":"Awakened One","floor":50,"turns":3}],"seed_played":"-1051648167416870192","potions_obtained":[{"floor":1,"key":"Strength Potion"},{"floor":13,"key":"Dexterity Potion"},{"floor":24,"key":"Block Potion"},{"floor":27,"key":"FocusPotion"},{"floor":28,"key":"SpeedPotion"},{"floor":30,"key":"Block Potion"}],"is_trial":false,"path_per_floor":["M","?","M","$","?","R","?","R","T","R","$","E","M","M","R","B",null,"M","$","?","?","M","R","E","R","T","E","M","?","E","$","R","B",null,"M","?","M","M","?","E","R","E","T","$","?","R","$","M","R","B"],"character_chosen":"DEFECT","items_purchased":["Defragment","Coolheaded","FearPotion","Buffer","AttackPotion","Swift Potion","Cold Snap","Hologram"],"campfire_rested":5,"item_purchase_floors":[4,4,11,19,31,31,44,47],"current_hp_per_floor":[63,63,56,56,56,56,40,40,40,40,40,40,34,28,28,2,54,31,31,31,31,24,38,8,37,37,43,45,45,18,18,47,49,49,49,49,39,39,39,12,41,43,43,43,43,43,43,36,49,0],"gold":49,"neow_bonus":"TEN_PERCENT_HP_BONUS","is_prod":false,"is_daily":false,"chose_seed":false,"campfire_upgraded":4,"win_rate":0,"timestamp":1554235344,"path_taken":["M","?","M","$","?","R","?","R","T","R","?","E","?","M","R","BOSS","M","$","?","?","?","R","E","R","T","E","M","?","E","$","R","BOSS","M","?","?","M","?","E","R","E","T","$","?","R","$","M","R","BOSS"],"build_version":"2019-01-23","purchased_purges":1,"victory":false,"max_hp_per_floor":[78,71,71,71,71,71,71,71,71,71,71,71,71,71,71,71,71,71,71,49,49,49,49,49,49,49,49,49,49,49,49,49,49,49,49,49,49,49,49,49,49,49,49,49,49,49,49,49,49,49],"card_choices":[{"not_picked":["Double Energy","Barrage"],"picked":"Auto Shields","floor":1},{"not_picked":["Stack","Rebound"],"picked":"Barrage","floor":3},{"not_picked":["Force Field","Streamline"],"picked":"Compile Driver","floor":7},{"not_picked":["Steam","Thunder Strike","Go for the Eyes"],"picked":"SKIP","floor":12},{"not_picked":["Steam","Thunder Strike"],"picked":"Go for the Eyes","floor":12},{"not_picked":["Conserve Battery","Go for the Eyes"],"picked":"Sweeping Beam","floor":13},{"not_picked":["Rebound","Rip and Tear"],"picked":"Ball Lightning","floor":14},{"not_picked":["Multi-Cast","Machine Learning"],"picked":"Biased Cognition","floor":16},{"not_picked":["Coolheaded","Go for the Eyes"],"picked":"Hologram","floor":18},{"not_picked":["Loop","Aggregate","Redo"],"picked":"SKIP","floor":22},{"not_picked":["Rebound","Stack"],"picked":"FTL+1","floor":24},{"not_picked":["Stack","Streamline"],"picked":"Seek","floor":27},{"not_picked":["Beam Cell","Heatsinks"],"picked":"Go for the Eyes+1","floor":28},{"not_picked":["Auto Shields+1","Force Field","Steam"],"picked":"SKIP","floor":30},{"not_picked":["Hyperbeam","Reboot"],"picked":"Core Surge","floor":33},{"not_picked":["Turbo","Rebound"],"picked":"Undo","floor":35},{"not_picked":["Beam Cell+1","Darkness"],"picked":"Consume+1","floor":37},{"not_picked":["Beam Cell+1","Chaos"],"picked":"Loop+1","floor":38},{"not_picked":["Go for the Eyes+1","Turbo+1"],"picked":"Compile Driver+1","floor":40},{"not_picked":["Stack","Conserve Battery"],"picked":"Leap+1","floor":42},{"not_picked":["Multi-Cast","Hologram"],"picked":"Blizzard+1","floor":48}],"player_experience":1531737,"relics_obtained":[{"floor":7,"key":"Odd Mushroom"},{"floor":9,"key":"PreservedInsect"},{"floor":12,"key":"Mercury Hourglass"},{"floor":24,"key":"Regal Pillow"},{"floor":27,"key":"Potion Belt"},{"floor":30,"key":"Shuriken"},{"floor":40,"key":"Nunchaku"},{"floor":42,"key":"Meat on the Bone"}],"event_choices":[{"damage_healed":0,"gold_gain":0,"player_choice":"Lose Max HP","damage_taken":0,"relics_obtained":["Golden Idol"],"max_hp_gain":0,"max_hp_loss":7,"event_name":"Golden Idol","floor":2,"gold_loss":0},{"damage_healed":0,"gold_gain":0,"player_choice":"Grow","damage_taken":0,"max_hp_gain":0,"max_hp_loss":0,"event_name":"Living Wall","floor":5,"gold_loss":0,"cards_upgraded":["Defragment"]},{"damage_healed":0,"gold_gain":0,"player_choice":"Fought Mushrooms","damage_taken":0,"max_hp_gain":0,"max_hp_loss":0,"event_name":"Mushrooms","floor":7,"gold_loss":0},{"damage_healed":0,"gold_gain":0,"player_choice":"Became a vampire","damage_taken":0,"max_hp_gain":0,"max_hp_loss":22,"event_name":"Vampires","floor":20,"gold_loss":0,"cards_obtained":["Bite","Bite","Bite","Bite","Bite"]},{"damage_healed":0,"gold_gain":0,"player_choice":"Copied","damage_taken":0,"max_hp_gain":0,"max_hp_loss":0,"event_name":"Duplicator","floor":21,"gold_loss":0,"cards_obtained":["Defragment"]},{"damage_healed":0,"gold_gain":0,"player_choice":"Obtained Relic","damage_taken":0,"relics_obtained":["Ornamental Fan"],"max_hp_gain":0,"max_hp_loss":0,"event_name":"Addict","floor":29,"gold_loss":85},{"damage_healed":0,"gold_gain":0,"cards_transformed":["Defend_B"],"player_choice":"Transformed","damage_taken":0,"max_hp_gain":0,"max_hp_loss":0,"event_name":"Transmorgrifier","floor":36,"gold_loss":0,"cards_obtained":["Biased Cognition"]},{"damage_healed":0,"gold_gain":0,"player_choice":"Ignored","damage_taken":0,"max_hp_gain":0,"max_hp_loss":0,"event_name":"Mysterious Sphere","floor":39,"gold_loss":0},{"cards_removed":["Defend_B"],"damage_healed":0,"gold_gain":0,"player_choice":"Purged","damage_taken":0,"max_hp_gain":0,"max_hp_loss":0,"event_name":"Purifier","floor":45,"gold_loss":0}],"is_beta":false,"boss_relics":[{"not_picked":["Busted Crown","Calling Bell"],"picked":"Cursed Key"},{"not_picked":["Lizard Tail","Snecko Eye"],"picked":"Sozu"}],"items_purged_floors":[44],"is_endless":false,"potions_floor_spawned":[1,13,24,27,28,30,35,38],"killed_by":"Awakened One","ascension_level":20}