{"gold_per_floor":[119,119,40,54,64,64,92,92,92,121,139,157,168,186,186,265,265,205,205,205,61,61,61,61,61,61,61,61,61,61,61,61,61,61,61,61,0,0,0,0,0,0,0,0,0,0,0,0,0,0],"floor_reached":51,"playtime":3332,"items_purged":[],"score":1309,"play_id":"1537f8d9-cd4f-4c4d-b323-bdd375baca42","local_time":"20190415154935","is_ascension_mode":true,"campfire_choices":[{"data":"Defragment","floor":6,"key":"SMITH"},{"data":"Dualcast","floor":8,"key":"SMITH"},{"data":"Hello World","floor":15,"key":"SMITH"},{"data":"Defragment","floor":23,"key":"SMITH"},{"data":"Creative AI","floor":28,"key":"SMITH"},{"floor":32,"key":"REST"},{"data":"Seek","floor":40,"key":"SMITH"},{"data":"Hologram","floor":45,"key":"SMITH"},{"data":"Loop","floor":49,"key":"SMITH"}],"neow_cost":"TEN_PERCENT_HP_LOSS","seed_source_timestamp":8021199651109,"circlet_count":0,"master_deck":["AscendersBane","Strike_B","Strike_B","Strike_B","Defend_B","Defend_B","Defend_B","Defend_B","Zap+1","Dualcast+1","Cold Snap","Defragment+1","Self Repair","FTL","Capacitor","Hologram+1","Sweeping Beam","Hello World+1","Conserve Battery","Creative AI+1","Defragment+1","White Noise","Compile Driver","Glacier","Ball Lightning+1","Cold Snap","Force Field","Seek+1","Loop+1","Heatsinks","Electrodynamics","Double Energy+1"],"relics":["Cracked Core","Nunchaku","Mango","Mummified Hand","Boot","Ectoplasm","Bottled Lightning","Juzu Bracelet","Tiny Chest","Unceasing Top","Dream Catcher","Nuclear Battery","Red Mask","Toxic Egg 2","Mercury Hourglass","Strawberry"],"potions_floor_usage":[12,16,18,24,24,29,50],"damage_taken":[{"damage":0,"enemies":"2 Louse","floor":1,"turns":4},{"damage":0,"enemies":"Cultist","floor":4,"turns":3},{"damage":7,"enemies":"Jaw Worm","floor":5,"turns":3},{"damage":13,"enemies":"3 Sentries","floor":7,"turns":7},{"damage":24,"enemies":"Gremlin Nob","floor":10,"turns":4},{"damage":2,"enemies":"Exordium Thugs","floor":11,"turns":4},{"damage":7,"enemies":"3 Louse","floor":12,"turns":2},{"damage":0,"enemies":"2 Fungi Beasts","floor":13,"turns":2},{"damage":4,"enemies":"Blue Slaver","floor":14,"turns":2},{"damage":14,"enemies":"The Guardian","floor":16,"turns":9},{"damage":23,"enemies":"2 Thieves","floor":18,"turns":4},{"damage":9,"enemies":"Gremlin Leader","floor":24,"turns":5},{"damage":16,"enemies":"Spheric Guardian","floor":25,"turns":4},{"damage":11,"enemies":"3 Cultists","floor":29,"turns":5},{"damage":40,"enemies":"Slavers","floor":31,"turns":4},{"damage":0,"enemies":"Champ","floor":33,"turns":10},{"damage":19,"enemies":"3 Darklings","floor":35,"turns":5},{"damage":6,"enemies":"Orb Walker","floor":36,"turns":3},{"damage":5,"enemies":"4 Shapes","floor":39,"turns":5},{"damage":7,"enemies":"Nemesis","floor":41,"turns":7},{"damage":18,"enemies":"3 Darklings","floor":44,"turns":4},{"damage":0,"enemies":"Reptomancer","floor":47,"turns":4},{"damage":26,"enemies":"Donu and Deca","floor":50,"turns":5}],"seed_played":"-6092610471099517592","potions_obtained":[{"floor":1,"key":"FearPotion"},{"floor":10,"key":"Regen Potion"},{"floor":11,"key":"Fire Potion"},{"floor":14,"key":"PowerPotion"},{"floor":16,"key":"Block Potion"},{"floor":18,"key":"Regen Potion"},{"floor":24,"key":"AttackPotion"},{"floor":29,"key":"SpeedPotion"},{"floor":33,"key":"LiquidBronze"},{"floor":47,"key":"Ancient Potion"}],"is_trial":false,"path_per_floor":["M","?","$","M","M","R","E","R","T","E","M","M","M","M","R","B",null,"M","?","T","$","?","R","E","M","T","?","R","M","$","E","R","B",null,"M","M","?","?","M","R","E","?","T","M","R","$","E","?","R","B",null],"character_chosen":"DEFECT","items_purchased":["Defragment","Juzu Bracelet"],"campfire_rested":1,"item_purchase_floors":[3,21],"current_hp_per_floor":[68,68,68,68,68,68,76,76,76,59,64,64,64,67,67,60,77,61,61,61,61,61,61,82,73,73,73,73,69,69,36,60,67,78,66,67,67,67,69,69,69,69,69,58,58,58,72,72,72,53],"gold":0,"neow_bonus":"ONE_RARE_RELIC","is_prod":false,"is_daily":false,"chose_seed":false,"campfire_upgraded":8,"win_rate":0,"timestamp":1555336175,"path_taken":["M","?","$","M","M","R","E","R","T","E","?","M","M","M","R","BOSS","M","?","?","$","?","R","E","M","T","?","R","M","$","E","R","BOSS","M","M","?","?","M","R","E","?","T","M","R","?","E","?","R","BOSS"],"build_version":"2019-01-23","purchased_purges":0,"victory":true,"max_hp_per_floor":[68,68,68,68,68,68,82,82,82,82,82,82,82,82,82,82,82,82,82,82,82,82,82,82,82,82,82,82,82,82,82,82,82,82,82,82,82,82,82,82,82,82,82,82,82,82,89,85,85,85],"card_choices":[{"not_picked":["Melter","Skim"],"picked":"Cold Snap","floor":1},{"not_picked":["Glacier","Go for the Eyes"],"picked":"Self Repair","floor":4},{"not_picked":["Chill","Barrage"],"picked":"FTL","floor":5},{"not_picked":["Go for the Eyes","Stack"],"picked":"Capacitor","floor":7},{"not_picked":["Force Field","Capacitor"],"picked":"Hologram","floor":10},{"not_picked":["Skim","Streamline"],"picked":"Sweeping Beam","floor":11},{"not_picked":["Gash","Doom and Gloom","Turbo"],"picked":"SKIP","floor":12},{"not_picked":["Leap","Sweeping Beam"],"picked":"Hello World","floor":13},{"not_picked":["FTL","Chill"],"picked":"Conserve Battery","floor":14},{"not_picked":["Hyperbeam","Core Surge"],"picked":"Creative AI","floor":16},{"not_picked":["FTL+1","White Noise"],"picked":"Defragment","floor":18},{"not_picked":["Steam","Doom and Gloom"],"picked":"White Noise","floor":24},{"not_picked":["Sunder","Aggregate+1"],"picked":"Compile Driver","floor":25},{"not_picked":["Conserve Battery+1","Beam Cell"],"picked":"Ball Lightning+1","floor":29},{"not_picked":["Go for the Eyes","Streamline"],"picked":"Cold Snap","floor":31},{"not_picked":["Turbo+1","Leap"],"picked":"Force Field","floor":32},{"not_picked":["Buffer","Echo Form"],"picked":"Seek","floor":33},{"not_picked":["Go for the Eyes","Sweeping Beam","Gash"],"picked":"SKIP","floor":35},{"not_picked":["Compile Driver","Hologram"],"picked":"Loop","floor":36},{"not_picked":["Sweeping Beam+1","Leap"],"picked":"Heatsinks","floor":39},{"not_picked":["Capacitor","Sweeping Beam","Recycle"],"picked":"SKIP","floor":41},{"not_picked":["Coolheaded+1","Ball Lightning"],"picked":"Electrodynamics","floor":44},{"not_picked":["Sunder","Aggregate+1"],"picked":"Double Energy+1","floor":47}],"player_experience":260137,"relics_obtained":[{"floor":7,"key":"Mango"},{"floor":9,"key":"Mummified Hand"},{"floor":10,"key":"Boot"},{"floor":20,"key":"Bottled Lightning"},{"floor":24,"key":"Tiny Chest"},{"floor":26,"key":"Unceasing Top"},{"floor":31,"key":"Dream Catcher"},{"floor":41,"key":"Toxic Egg 2"},{"floor":43,"key":"Mercury Hourglass"},{"floor":47,"key":"Strawberry"}],"event_choices":[{"damage_healed":0,"gold_gain":0,"player_choice":"Upgraded","damage_taken":0,"max_hp_gain":0,"max_hp_loss":0,"event_name":"Upgrade Shrine","floor":2,"gold_loss":0,"cards_upgraded":["Zap"]},{"damage_healed":0,"gold_gain":0,"player_choice":"Ignored","damage_taken":0,"max_hp_gain":0,"max_hp_loss":0,"event_name":"Ghosts","floor":19,"gold_loss":0},{"damage_healed":0,"gold_gain":99,"player_choice":"Stole From Cult","damage_taken":0,"max_hp_gain":0,"max_hp_loss":0,"event_name":"Nest","floor":22,"gold_loss":0},{"damage_healed":0,"gold_gain":0,"player_choice":"Read","damage_taken":0,"max_hp_gain":0,"max_hp_loss":0,"event_name":"The Library","floor":27,"gold_loss":0,"cards_obtained":["Glacier"]},{"damage_healed":0,"gold_gain":0,"player_choice":"Paid","damage_taken":0,"relics_obtained":["Red Mask"],"max_hp_gain":0,"max_hp_loss":0,"event_name":"Tomb of Lord Red Mask","floor":37,"gold_loss":61},{"cards_removed":["Strike_B"],"damage_healed":0,"gold_gain":0,"player_choice":"Purged","damage_taken":0,"max_hp_gain":0,"max_hp_loss":0,"event_name":"Purifier","floor":38,"gold_loss":0},{"damage_healed":0,"gold_gain":0,"player_choice":"Leave","damage_taken":0,"max_hp_gain":0,"max_hp_loss":0,"event_name":"FaceTrader","floor":42,"gold_loss":0},{"damage_healed":0,"gold_gain":0,"player_choice":"Max HP","damage_taken":0,"max_hp_gain":0,"max_hp_loss":4,"event_name":"Winding Halls","floor":48,"gold_loss":0}],"is_beta":false,"boss_relics":[{"not_picked":["Philosopher\u0027s Stone","Runic Dome"],"picked":"Ectoplasm"},{"not_picked":["Tiny House","Fusion Hammer"],"picked":"Nuclear Battery"}],"items_purged_floors":[],"is_endless":false,"potions_floor_spawned":[1,10,11,14,16,18,24,29,33,35,36,47],"ascension_level":13}