{"gold_per_floor":[111,111,111,124,124,124,153,168,239,253,269,269,303,13,13,13],"floor_reached":16,"playtime":686,"items_purged":["Strike_B"],"score":270,"play_id":"6b6c1bd6-62d0-4193-a778-9abafa37e203","local_time":"20190330001304","is_ascension_mode":true,"campfire_choices":[{"data":"Capacitor","floor":6,"key":"SMITH"},{"data":"Coolheaded","floor":12,"key":"SMITH"},{"data":"Dualcast","floor":15,"key":"SMITH"}],"neow_cost":"NONE","seed_source_timestamp":1118283123906049,"circlet_count":0,"master_deck":["AscendersBane","Strike_B","Strike_B","Defend_B","Defend_B","Defend_B+1","Defend_B","Zap+1","Dualcast+1","Chill","Glacier","Capacitor+1","Seek","Coolheaded+1","Fission+1"],"relics":["Cracked Core","NeowsBlessing","PreservedInsect","Nunchaku","Pantograph","War Paint","Tiny Chest"],"potions_floor_usage":[10,13,13,16],"damage_taken":[{"damage":0,"enemies":"Small Slimes","floor":1,"turns":1},{"damage":0,"enemies":"2 Louse","floor":4,"turns":1},{"damage":0,"enemies":"3 Sentries","floor":7,"turns":1},{"damage":0,"enemies":"Cultist","floor":8,"turns":4},{"damage":8,"enemies":"Large Slime","floor":10,"turns":10},{"damage":2,"enemies":"2 Fungi Beasts","floor":11,"turns":4},{"damage":24,"enemies":"Gremlin Nob","floor":13,"turns":5},{"damage":47,"enemies":"Hexaghost","floor":16,"turns":16}],"seed_played":"2601520364065665157","potions_obtained":[{"floor":7,"key":"Regen Potion"},{"floor":8,"key":"GamblersBrew"},{"floor":10,"key":"SteroidPotion"},{"floor":11,"key":"FocusPotion"}],"is_trial":false,"path_per_floor":["M","?","?","M","?","R","E","M","T","M","M","R","E","$","R","B"],"character_chosen":"DEFECT","items_purchased":["Tiny Chest","FocusPotion"],"campfire_rested":0,"item_purchase_floors":[14,14],"current_hp_per_floor":[64,64,64,64,38,38,38,38,38,45,43,43,19,19,19,0],"gold":13,"neow_bonus":"THREE_ENEMY_KILL","is_prod":false,"is_daily":false,"chose_seed":false,"campfire_upgraded":3,"win_rate":0,"timestamp":1553919184,"path_taken":["M","?","?","?","?","R","E","M","T","M","M","R","E","$","R","BOSS"],"build_version":"2019-01-23","purchased_purges":1,"victory":false,"max_hp_per_floor":[71,71,71,71,71,71,71,71,71,71,71,71,71,71,71,71],"card_choices":[{"not_picked":["Rebound","Turbo"],"picked":"Chill","floor":1},{"not_picked":["Gash","Chill"],"picked":"Capacitor","floor":4},{"not_picked":["Rip and Tear","Recycle"],"picked":"Seek","floor":7},{"not_picked":["Gash","Compile Driver"],"picked":"Coolheaded","floor":8},{"not_picked":["Streamline","Steam","Aggregate"],"picked":"SKIP","floor":10},{"not_picked":["Darkness","Capacitor","Rebound"],"picked":"SKIP","floor":11},{"not_picked":["Conserve Battery","Turbo"],"picked":"Fission","floor":13}],"player_experience":1491135,"relics_obtained":[{"floor":7,"key":"Nunchaku"},{"floor":9,"key":"Pantograph"},{"floor":13,"key":"War Paint"}],"event_choices":[{"damage_healed":0,"gold_gain":0,"player_choice":"Grow","damage_taken":0,"max_hp_gain":0,"max_hp_loss":0,"event_name":"Living Wall","floor":2,"gold_loss":0,"cards_upgraded":["Zap"]},{"damage_healed":0,"gold_gain":0,"cards_transformed":["Strike_B"],"player_choice":"Transformed","damage_taken":0,"max_hp_gain":0,"max_hp_loss":0,"event_name":"Transmorgrifier","floor":3,"gold_loss":0,"cards_obtained":["Glacier"]},{"damage_healed":0,"gold_gain":0,"player_choice":"Success","damage_taken":26,"relics_obtained":["PreservedInsect"],"max_hp_gain":0,"max_hp_loss":0,"event_name":"Scrap Ooze","floor":5,"gold_loss":0}],"is_beta":false,"boss_relics":[],"items_purged_floors":[14],"is_endless":false,"potions_floor_spawned":[7,8,10,11],"killed_by":"Hexaghost","ascension_level":20}