{"gold_per_floor":[110,123,95,154,154,154,181,197,197,209,224,251,251,265,265,342,342,362,309,261,296,296,296,296,296,296,296,346,37,62,81,81,152,152,170,170,170,270,270],"floor_reached":39,"playtime":2774,"items_purged":[],"score":810,"play_id":"018ba219-ec3e-49c5-93f3-2cc150338b7f","local_time":"20190409003715","is_ascension_mode":true,"campfire_choices":[{"data":"Neutralize","floor":6,"key":"SMITH"},{"data":"Dagger Spray","floor":13,"key":"SMITH"},{"data":"Adrenaline","floor":15,"key":"SMITH"},{"floor":23,"key":"REST"},{"floor":25,"key":"REST"},{"floor":27,"key":"REST"},{"floor":32,"key":"REST"}],"neow_cost":"PERCENT_DAMAGE","seed_source_timestamp":654426156538540,"circlet_count":0,"master_deck":["AscendersBane","Defend_G","Defend_G","Defend_G","Defend_G","Defend_G","Strike_G","Strike_G","Survivor","Neutralize+1","PanicButton","Apotheosis+1","Dagger Spray+1","Dash","PiercingWail","Footwork","Leg Sweep","Well Laid Plans+1","PiercingWail","Adrenaline+1","Infinite Blades+1","After Image+1","Flying Knee","Noxious Fumes+1","Caltrops+1","PiercingWail","Night Terror","Deadly Poison+1"],"relics":["Ring of the Snake","Centennial Puzzle","Frozen Egg 2","Bottled Flame","Fusion Hammer","Red Mask","Sling","Juzu Bracelet","Sozu","Gambling Chip"],"potions_floor_usage":[11,12,20,21,37,39],"damage_taken":[{"damage":1,"enemies":"Small Slimes","floor":1,"turns":4},{"damage":0,"enemies":"2 Louse","floor":2,"turns":2},{"damage":20,"enemies":"3 Sentries","floor":7,"turns":9},{"damage":0,"enemies":"Cultist","floor":8,"turns":4},{"damage":0,"enemies":"Looter","floor":10,"turns":4},{"damage":0,"enemies":"3 Louse","floor":11,"turns":2},{"damage":10,"enemies":"Gremlin Nob","floor":12,"turns":4},{"damage":5,"enemies":"2 Fungi Beasts","floor":14,"turns":3},{"damage":6,"enemies":"Slime Boss","floor":16,"turns":10},{"damage":0,"enemies":"Chosen","floor":18,"turns":8},{"damage":7,"enemies":"2 Thieves","floor":20,"turns":5},{"damage":32,"enemies":"Masked Bandits","floor":21,"turns":7},{"damage":12,"enemies":"Book of Stabbing","floor":30,"turns":6},{"damage":19,"enemies":"Cultist and Chosen","floor":31,"turns":7},{"damage":12,"enemies":"Automaton","floor":33,"turns":13},{"damage":6,"enemies":"Orb Walker","floor":35,"turns":6},{"damage":43,"enemies":"2 Orb Walkers","floor":37,"turns":7},{"damage":0,"enemies":"Mind Bloom Boss Battle","floor":38,"turns":7},{"damage":13,"enemies":"3 Darklings","floor":39,"turns":3}],"seed_played":"5923555270940866888","potions_obtained":[{"floor":7,"key":"FearPotion"},{"floor":8,"key":"Strength Potion"},{"floor":14,"key":"SpeedPotion"},{"floor":21,"key":"SpeedPotion"},{"floor":33,"key":"SmokeBomb"}],"is_trial":false,"path_per_floor":["M","M","$","?","?","R","E","M","T","M","M","E","R","M","R","B",null,"M","$","M","?","?","R","?","R","T","R","?","$","E","M","R","B",null,"M","?","?","?","M"],"character_chosen":"THE_SILENT","items_purchased":["PiercingWail","Fire Potion","Caltrops+1","Sling"],"campfire_rested":4,"item_purchase_floors":[3,19,29,29],"current_hp_per_floor":[43,43,43,43,43,43,23,23,23,23,23,13,13,8,8,2,50,50,50,43,11,11,30,12,33,33,54,54,54,42,23,44,32,61,55,55,12,12,0],"gold":270,"neow_bonus":"RANDOM_COLORLESS_2","is_prod":false,"is_daily":false,"chose_seed":false,"campfire_upgraded":3,"win_rate":0,"timestamp":1554784635,"path_taken":["M","M","$","?","?","R","E","M","T","M","?","E","R","M","R","BOSS","M","$","M","?","?","R","?","R","T","R","?","$","E","M","R","BOSS","M","?","?","?","M"],"build_version":"2019-01-23","purchased_purges":0,"victory":false,"max_hp_per_floor":[66,66,66,66,66,66,66,66,66,66,66,66,66,66,66,66,66,66,66,66,66,66,66,71,71,71,71,71,71,71,71,71,71,71,71,71,71,71,71],"card_choices":[{"not_picked":["Outmaneuver","Underhanded Strike"],"picked":"Dagger Spray","floor":1},{"not_picked":["Prepared","Backflip"],"picked":"Dash","floor":2},{"not_picked":["Deadly Poison","Corpse Explosion"],"picked":"Footwork","floor":7},{"not_picked":["Dodge and Roll","Reflex"],"picked":"Leg Sweep","floor":8},{"not_picked":["Flying Knee","Noxious Fumes+1"],"picked":"Well Laid Plans+1","floor":10},{"not_picked":["Catalyst","Skewer"],"picked":"PiercingWail","floor":11},{"not_picked":["Poisoned Stab","Bane"],"picked":"Adrenaline","floor":12},{"not_picked":["Backstab","Endless Agony"],"picked":"Infinite Blades+1","floor":14},{"not_picked":["Night Terror","Glass Knife"],"picked":"After Image+1","floor":16},{"not_picked":["All Out Attack","Riddle With Holes","Calculated Gamble+1"],"picked":"SKIP","floor":18},{"not_picked":["Infinite Blades+1","Deadly Poison","Underhanded Strike"],"picked":"SKIP","floor":20},{"not_picked":["Cloak And Dagger","Concentrate"],"picked":"PiercingWail","floor":30},{"not_picked":["Eviscerate","Dagger Spray","Endless Agony"],"picked":"SKIP","floor":31},{"not_picked":["Tools of the Trade+1","Envenom+1"],"picked":"Night Terror","floor":33},{"not_picked":["Finisher","Deflect","Cloak And Dagger"],"picked":"SKIP","floor":35},{"not_picked":["Outmaneuver","Backflip"],"picked":"Deadly Poison+1","floor":38}],"player_experience":1759209,"relics_obtained":[{"floor":7,"key":"Centennial Puzzle"},{"floor":9,"key":"Frozen Egg 2"},{"floor":12,"key":"Bottled Flame"},{"floor":21,"key":"Red Mask"},{"floor":30,"key":"Juzu Bracelet"},{"floor":38,"key":"Gambling Chip"}],"event_choices":[{"damage_healed":0,"gold_gain":59,"player_choice":"Gained Gold","damage_taken":0,"max_hp_gain":0,"max_hp_loss":0,"event_name":"Golden Wing","floor":4,"gold_loss":0},{"damage_healed":0,"gold_gain":0,"player_choice":"Forge","damage_taken":0,"max_hp_gain":0,"max_hp_loss":0,"event_name":"Accursed Blacksmith","floor":5,"gold_loss":0,"cards_upgraded":["Apotheosis"]},{"damage_healed":0,"gold_gain":0,"player_choice":"Fought Bandits","damage_taken":0,"max_hp_gain":0,"max_hp_loss":0,"event_name":"Masked Bandits","floor":21,"gold_loss":0},{"damage_healed":0,"gold_gain":0,"cards_transformed":["Strike_G","Strike_G"],"player_choice":"Became Test Subject","damage_taken":0,"max_hp_gain":0,"max_hp_loss":0,"event_name":"Drug Dealer","floor":22,"gold_loss":0,"cards_obtained":["Flying Knee","Noxious Fumes"]},{"damage_healed":0,"gold_gain":0,"player_choice":"Shed Blood","damage_taken":23,"max_hp_gain":5,"max_hp_loss":0,"event_name":"Forgotten Altar","floor":24,"gold_loss":0},{"damage_healed":0,"gold_gain":50,"player_choice":"Stole From Cult","damage_taken":0,"max_hp_gain":0,"max_hp_loss":0,"event_name":"Nest","floor":28,"gold_loss":0},{"cards_removed":["Strike_G"],"damage_healed":0,"gold_gain":0,"player_choice":"Purged","damage_taken":0,"max_hp_gain":0,"max_hp_loss":0,"event_name":"Purifier","floor":36,"gold_loss":0},{"damage_healed":0,"gold_gain":0,"player_choice":"Fight","damage_taken":0,"max_hp_gain":0,"max_hp_loss":0,"event_name":"Mysterious Sphere","floor":37,"gold_loss":0},{"damage_healed":0,"gold_gain":0,"player_choice":"Fight","damage_taken":0,"max_hp_gain":0,"max_hp_loss":0,"event_name":"MindBloom","floor":38,"gold_loss":0}],"is_beta":false,"boss_relics":[{"not_picked":["Calling Bell","Ring of the Serpent"],"picked":"Fusion Hammer"},{"not_picked":["Tiny House","Lizard Tail"],"picked":"Sozu"}],"items_purged_floors":[],"is_endless":false,"potions_floor_spawned":[7,8,14,21,33,35],"killed_by":"3 Darklings","ascension_level":20}