{"gold_per_floor":[112,125,142,155,37,64,64,64,64,64,64,64,39,80,80,178,178,197,222,257,257,282,318,338,359,359,359,402,402,402],"floor_reached":30,"playtime":1499,"items_purged":[],"score":570,"play_id":"1a292dcd-3ef8-4229-8610-7424f8156c36","local_time":"20190314030600","is_ascension_mode":true,"campfire_choices":[{"data":"Infinite Blades","floor":7,"key":"SMITH"},{"data":"Neutralize","floor":12,"key":"SMITH"},{"data":"Crippling Poison","floor":15,"key":"SMITH"},{"data":"Bouncing Flask","floor":27,"key":"SMITH"},{"data":"Riddle With Holes","floor":29,"key":"SMITH"}],"neow_cost":"NONE","seed_source_timestamp":56375334201457,"circlet_count":0,"master_deck":["AscendersBane","Defend_G","Defend_G","Defend_G","Defend_G","Defend_G","Strike_G","Strike_G","Strike_G","Strike_G","Strike_G","Survivor","Neutralize+1","Slice","Infinite Blades+1","Cloak And Dagger","Crippling Poison+1","Riddle With Holes+1","Slice","Dash+1","Flying Knee+1","All Out Attack+1","Phantasmal Killer","Dagger Spray+1","Flying Knee+1","Predator+1","Dagger Throw+1","Dagger Spray+1","Dash+1","Endless Agony+1","Dash+1","Bouncing Flask+1","Glass Knife+1","Dash+1"],"relics":["Coffee Dripper","Snake Skull","Molten Egg 2","Golden Idol","Prayer Wheel","Centennial Puzzle","Velvet Choker","Red Mask","Enchiridion","Regal Pillow","The Courier","Bottled Flame"],"potions_floor_usage":[6,16,18,19,23,23],"damage_taken":[{"damage":0,"enemies":"Small Slimes","floor":1,"turns":6},{"damage":2,"enemies":"Jaw Worm","floor":2,"turns":5},{"damage":1,"enemies":"Cultist","floor":3,"turns":4},{"damage":3,"enemies":"Blue Slaver","floor":4,"turns":4},{"damage":7,"enemies":"Lagavulin","floor":6,"turns":7},{"damage":4,"enemies":"3 Sentries","floor":14,"turns":6},{"damage":34,"enemies":"Hexaghost","floor":16,"turns":10},{"damage":0,"enemies":"Chosen","floor":18,"turns":4},{"damage":0,"enemies":"Spheric Guardian","floor":19,"turns":3},{"damage":8,"enemies":"Masked Bandits","floor":20,"turns":3},{"damage":5,"enemies":"Centurion and Healer","floor":22,"turns":4},{"damage":6,"enemies":"Book of Stabbing","floor":23,"turns":6},{"damage":0,"enemies":"Snecko","floor":24,"turns":3},{"damage":0,"enemies":"Cultist and Chosen","floor":25,"turns":3},{"damage":0,"enemies":"Gremlin Leader","floor":28,"turns":3},{"damage":15,"enemies":"Shelled Parasite and Fungi","floor":30,"turns":2}],"seed_played":"-4320107546977538053","potions_obtained":[{"floor":3,"key":"FearPotion"},{"floor":14,"key":"Swift Potion"},{"floor":16,"key":"Poison Potion"},{"floor":18,"key":"Fire Potion"},{"floor":20,"key":"GhostInAJar"},{"floor":22,"key":"Swift Potion"},{"floor":25,"key":"LiquidBronze"}],"is_trial":false,"path_per_floor":["M","M","M","M","$","E","R","?","T","?","?","R","$","E","R","B",null,"M","M","?","?","M","E","M","M","T","R","E","R","M"],"character_chosen":"THE_SILENT","items_purchased":["Riddle With Holes","Slice","Flying Knee+1"],"campfire_rested":0,"item_purchase_floors":[5,5,13],"current_hp_per_floor":[59,57,56,53,53,46,46,46,46,46,41,41,41,37,37,3,46,46,46,38,17,12,6,6,6,6,6,6,6,0],"gold":402,"neow_bonus":"BOSS_RELIC","is_prod":false,"is_daily":false,"chose_seed":false,"campfire_upgraded":5,"win_rate":0,"timestamp":1552547160,"path_taken":["M","M","M","M","$","E","R","?","T","?","?","R","?","E","R","BOSS","M","M","?","?","?","E","M","M","T","R","E","R","?"],"build_version":"2019-01-23","purchased_purges":0,"victory":false,"max_hp_per_floor":[66,66,66,66,66,66,66,66,66,60,60,60,60,60,60,60,60,60,60,60,60,60,60,60,60,60,60,60,60,60],"card_choices":[{"not_picked":["Quick Slash","Backflip"],"picked":"Slice","floor":1},{"not_picked":["Deadly Poison","Sucker Punch"],"picked":"Infinite Blades","floor":2},{"not_picked":["Bane","Outmaneuver"],"picked":"Cloak And Dagger","floor":3},{"not_picked":["Backflip","Quick Slash"],"picked":"Crippling Poison","floor":4},{"not_picked":["Escape Plan","Caltrops"],"picked":"Dash","floor":6},{"not_picked":["Concentrate","Doppelganger"],"picked":"All Out Attack+1","floor":14},{"not_picked":["Storm of Steel","Corpse Explosion"],"picked":"Phantasmal Killer","floor":16},{"not_picked":["Deadly Poison","Leg Sweep"],"picked":"Dagger Spray+1","floor":18},{"not_picked":["Deflect","Masterful Stab+1"],"picked":"Flying Knee+1","floor":18},{"not_picked":["Deadly Poison","Finisher+1"],"picked":"Predator+1","floor":19},{"not_picked":["Dodge and Roll","Leg Sweep"],"picked":"Dagger Throw+1","floor":19},{"not_picked":["Flying Knee+1","Dodge and Roll"],"picked":"Dagger Spray+1","floor":20},{"not_picked":["Cloak And Dagger","Prepared"],"picked":"Dash+1","floor":22},{"not_picked":["Dagger Throw+1","Outmaneuver"],"picked":"Endless Agony+1","floor":22},{"not_picked":["Footwork","Crippling Poison"],"picked":"Dash+1","floor":23},{"not_picked":["Dodge and Roll","Underhanded Strike+1"],"picked":"Bouncing Flask","floor":24},{"not_picked":["Acrobatics","Blade Dance","Sucker Punch+1"],"picked":"SKIP","floor":24},{"not_picked":["Sucker Punch+1","Cloak And Dagger"],"picked":"Glass Knife+1","floor":25},{"not_picked":["Tools of the Trade","Deadly Poison+1","Dodge and Roll"],"picked":"SKIP","floor":25},{"not_picked":["Deadly Poison","Masterful Stab+1"],"picked":"Dash+1","floor":28}],"player_experience":1111672,"relics_obtained":[{"floor":6,"key":"Snake Skull"},{"floor":9,"key":"Molten Egg 2"},{"floor":14,"key":"Centennial Puzzle"},{"floor":20,"key":"Red Mask"},{"floor":21,"key":"Enchiridion"},{"floor":23,"key":"Regal Pillow"},{"floor":26,"key":"The Courier"},{"floor":28,"key":"Bottled Flame"}],"event_choices":[{"damage_healed":0,"gold_gain":0,"player_choice":"Grow","damage_taken":0,"max_hp_gain":0,"max_hp_loss":0,"event_name":"Living Wall","floor":8,"gold_loss":0,"cards_upgraded":["Dash"]},{"damage_healed":0,"gold_gain":0,"player_choice":"Lose Max HP","damage_taken":0,"relics_obtained":["Golden Idol"],"max_hp_gain":0,"max_hp_loss":6,"event_name":"Golden Idol","floor":10,"gold_loss":0},{"damage_healed":0,"gold_gain":0,"player_choice":"Success","damage_taken":5,"relics_obtained":["Prayer Wheel"],"max_hp_gain":0,"max_hp_loss":0,"event_name":"Scrap Ooze","floor":11,"gold_loss":0},{"damage_healed":0,"gold_gain":0,"player_choice":"Fought Bandits","damage_taken":0,"max_hp_gain":0,"max_hp_loss":0,"event_name":"Masked Bandits","floor":20,"gold_loss":0},{"damage_healed":0,"gold_gain":0,"player_choice":"Obtained Book","damage_taken":21,"max_hp_gain":0,"max_hp_loss":0,"event_name":"Cursed Tome","floor":21,"gold_loss":0}],"is_beta":false,"boss_relics":[{"not_picked":["Black Star","Eternal Feather"],"picked":"Velvet Choker"}],"items_purged_floors":[],"is_endless":false,"potions_floor_spawned":[3,14,16,18,20,22,25],"killed_by":"Shelled Parasite and Fungi","ascension_level":16}