{"gold_per_floor":[117,67,81,98,110,142,156,175,175,193,203,203,213,178,178,178],"floor_reached":16,"playtime":983,"items_purged":[],"score":108,"play_id":"8f2ce476-770c-499c-b70d-96f439b4ec07","local_time":"20190224233832","is_ascension_mode":false,"campfire_choices":[{"floor":15.0,"key":"REST"}],"neow_cost":"NONE","seed_source_timestamp":0,"circlet_count":0,"master_deck":["Defend_G","Defend_G","Defend_G","Defend_G","Defend_G","Strike_G","Strike_G","Strike_G","Strike_G","Strike_G","Survivor","Neutralize","Dagger Throw","Cloak And Dagger+1","Deflect","Dodge and Roll","Cloak And Dagger","Dagger Spray","Dodge and Roll"],"special_seed":0,"relics":["Ring of the Snake","NeowsBlessing","Lantern","Matryoshka"],"potions_floor_usage":[16],"damage_taken":[{"damage":0.0,"enemies":"Cultist","floor":1.0,"turns":1.0},{"damage":0.0,"enemies":"2 Louse","floor":3.0,"turns":1.0},{"damage":0.0,"enemies":"Jaw Worm","floor":4.0,"turns":1.0},{"damage":6.0,"enemies":"Lots of Slimes","floor":5.0,"turns":7.0},{"damage":42.0,"enemies":"Gremlin Nob","floor":6.0,"turns":6.0},{"damage":4.0,"enemies":"2 Fungi Beasts","floor":7.0,"turns":5.0},{"damage":3.0,"enemies":"Exordium Thugs","floor":8.0,"turns":6.0},{"damage":0.0,"enemies":"Blue Slaver","floor":10.0,"turns":4.0},{"damage":0.0,"enemies":"Lots of Slimes","floor":11.0,"turns":2.0},{"damage":0.0,"enemies":"Looter","floor":13.0,"turns":4.0},{"damage":55,"enemies":"Hexaghost","floor":16,"turns":15}],"seed_played":"1662823713287826175","potions_obtained":[{"floor":3.0,"key":"PowerPotion"},{"floor":7.0,"key":"Ancient Potion"},{"floor":8.0,"key":"PowerPotion"}],"is_trial":false,"path_per_floor":["M","$","M","M","M","E","M","M","T","M","M","?","M","?","R","B"],"character_chosen":"THE_SILENT","items_purchased":["Cloak And Dagger"],"campfire_rested":1,"item_purchase_floors":[2],"current_hp_per_floor":[70,70,70,70,64,22,18,15,15,15,15,15,15,32,53,0],"gold":178,"neow_bonus":"THREE_ENEMY_KILL","is_prod":false,"is_daily":false,"chose_seed":false,"campfire_upgraded":0,"win_rate":0,"timestamp":1551069512,"path_taken":["M","$","M","M","M","E","M","M","T","M","M","?","M","?","R","BOSS"],"build_version":"2019-01-23","purchased_purges":0,"victory":false,"max_hp_per_floor":[70,70,70,70,70,70,70,70,70,70,70,70,70,70,70,70],"card_choices":[{"not_picked":["Escape Plan","Well Laid Plans"],"picked":"Dagger Throw","floor":1.0},{"not_picked":["Dagger Throw","Dash","Poisoned Stab"],"picked":"SKIP","floor":3.0},{"not_picked":["Sucker Punch","Distraction"],"picked":"Deflect","floor":4.0},{"not_picked":["Heel Hook","Eviscerate","Escape Plan"],"picked":"SKIP","floor":5.0},{"not_picked":["Well Laid Plans","Eviscerate"],"picked":"Dodge and Roll","floor":6.0},{"not_picked":["Outmaneuver","Slice"],"picked":"Cloak And Dagger","floor":7.0},{"not_picked":["Dagger Throw","Quick Slash"],"picked":"Dagger Spray","floor":8.0},{"not_picked":["Catalyst","Setup","Quick Slash"],"picked":"SKIP","floor":10.0},{"not_picked":["Crippling Poison","Setup"],"picked":"Dodge and Roll","floor":11.0},{"not_picked":["Flechettes","Infinite Blades","Choke"],"picked":"SKIP","floor":13.0}],"player_experience":606370,"relics_obtained":[{"floor":6.0,"key":"Lantern"},{"floor":9.0,"key":"Matryoshka"}],"event_choices":[{"damage_healed":0.0,"max_hp_gain":0.0,"max_hp_loss":0.0,"gold_gain":0.0,"event_name":"Living Wall","player_choice":"Grow","floor":12.0,"gold_loss":0.0,"damage_taken":0.0,"cards_upgraded":["Cloak And Dagger"]},{"damage_healed":17.0,"max_hp_gain":0.0,"max_hp_loss":0.0,"gold_gain":0.0,"event_name":"The Cleric","player_choice":"Healed","floor":14.0,"gold_loss":35.0,"damage_taken":0.0}],"is_beta":false,"boss_relics":[],"items_purged_floors":[],"is_endless":false,"potions_floor_spawned":[3,7,8],"killed_by":"Hexaghost","ascension_level":0}