{"gold_per_floor":[111,128,128,144,144,144,176,176,176,176,188,338,358,40,40,113,163,176,176,192,206,36,36,71,71,71,101,101,114,114,25,37,121,133,158,182,194,224,37,72,72,9,9,9,39,39,39,9,9,9],"floor_reached":50,"playtime":2791,"items_purged":["Doubt","Riddle With Holes","Dagger Spray"],"score":961,"play_id":"7b0e69d8-da0d-4311-be59-8fdc32b236f1","local_time":"20180903190933","is_ascension_mode":true,"campfire_choices":[{"data":"Neutralize","floor":6,"key":"SMITH"},{"data":"Blur","floor":10,"key":"SMITH"},{"data":"Footwork","floor":15,"key":"SMITH"},{"data":"Sucker Punch","floor":23,"key":"SMITH"},{"floor":25,"key":"REST"},{"data":"Poisoned Stab","floor":32,"key":"SMITH"},{"data":"Mind Blast","floor":41,"key":"SMITH"},{"data":"After Image","floor":47,"key":"SMITH"},{"floor":49,"key":"REST"}],"neow_cost":"NONE","seed_source_timestamp":86793865128369,"circlet_count":0,"master_deck":["Defend_G+1","Defend_G+1","Defend_G+1","Defend_G+1","Defend_G+1","Strike_G+1","Strike_G+1","Strike_G+1","Strike_G+1","Survivor+1","Neutralize+1","AscendersBane","Blur+1","Sucker Punch+1","Noxious Fumes+1","Poisoned Stab+1","Footwork+1","Die Die Die","PiercingWail+1","Footwork+1","Malaise+1","After Image+1","Noxious Fumes","Mind Blast+1","PiercingWail+1"],"relics":["Ring of the Snake","NeowsBlessing","Meat on the Bone","Bronze Scales","Vajra","Membership Card","Tiny House","War Paint","Omamori","Bag of Preparation","Bottled Tornado","Juzu Bracelet","MawBank","Cursed Key","Frozen Egg 2","Blood Vial","Question Card","Ice Cream","SsserpentHead"],"potions_floor_usage":[7,11,21,24,24,33,38,45,45,45,50],"damage_taken":[{"damage":0,"enemies":"Cultist","floor":1,"turns":1},{"damage":0,"enemies":"2 Louse","floor":2,"turns":1},{"damage":0,"enemies":"Jaw Worm","floor":4,"turns":1},{"damage":9,"enemies":"Gremlin Nob","floor":7,"turns":5},{"damage":0,"enemies":"3 Louse","floor":11,"turns":3},{"damage":4,"enemies":"Exordium Wildlife","floor":13,"turns":5},{"damage":16,"enemies":"The Guardian","floor":16,"turns":11},{"damage":8,"enemies":"Spheric Guardian","floor":18,"turns":5},{"damage":24,"enemies":"2 Thieves","floor":20,"turns":5},{"damage":21,"enemies":"Chosen and Byrds","floor":21,"turns":5},{"damage":29,"enemies":"Slavers","floor":24,"turns":5},{"damage":17,"enemies":"Book of Stabbing","floor":27,"turns":6},{"damage":8,"enemies":"3 Cultists","floor":29,"turns":4},{"damage":37,"enemies":"Collector","floor":33,"turns":11},{"damage":12,"enemies":"3 Shapes","floor":35,"turns":6},{"damage":9,"enemies":"3 Darklings","floor":36,"turns":5},{"damage":11,"enemies":"Sphere and 2 Shapes","floor":38,"turns":6},{"damage":13,"enemies":"Nemesis","floor":40,"turns":9},{"damage":48,"enemies":"2 Orb Walkers","floor":45,"turns":6},{"damage":46,"enemies":"Awakened One","floor":50,"turns":6}],"seed_played":"-8438503351668485598","potions_obtained":[{"floor":2,"key":"Block Potion"},{"floor":4,"key":"GamblersBrew"},{"floor":11,"key":"SpeedPotion"},{"floor":17,"key":"Regen Potion"},{"floor":21,"key":"PowerPotion"},{"floor":29,"key":"GhostInAJar"},{"floor":36,"key":"Weak Potion"},{"floor":38,"key":"SpeedPotion"},{"floor":40,"key":"EntropicBrew"}],"is_trial":false,"path_per_floor":["M","M","?","M","?","R","E","?","T","R","M","?","M","$","R","B",null,"M","?","M","M","$","R","E","R","T","E","?","M","?","$","R","B",null,"M","M","?","M","$","E","R","$","T","?","E","?","R","$","R"],"character_chosen":"THE_SILENT","items_purchased":["Membership Card","Footwork","War Paint","Omamori","MawBank","Frozen Egg 2","FearPotion"],"campfire_rested":2,"item_purchase_floors":[14,14,22,22,31,39,48],"current_hp_per_floor":[59,59,39,39,39,39,30,30,30,30,42,42,38,38,38,34,63,55,55,43,36,36,36,19,40,40,35,35,39,39,39,39,14,57,45,36,36,37,37,36,36,36,36,36,17,17,17,17,38,0],"gold":9,"neow_bonus":"THREE_ENEMY_KILL","is_prod":false,"is_daily":false,"chose_seed":false,"campfire_upgraded":7,"win_rate":0,"timestamp":1536016173,"path_taken":["M","M","?","M","?","R","E","?","T","R","?","?","M","$","R","BOSS","M","?","?","M","$","R","E","R","T","E","?","M","?","$","R","BOSS","M","M","?","M","?","E","R","$","T","?","E","?","R","$","R","BOSS"],"build_version":"2018-08-30","purchased_purges":3,"victory":false,"max_hp_per_floor":[66,66,66,66,66,66,66,66,66,66,66,66,66,66,66,66,71,71,71,71,71,71,71,71,71,71,71,71,71,71,71,71,71,71,71,71,71,71,71,71,71,71,71,71,71,71,71,71,71,71],"card_choices":[{"not_picked":["Dagger Spray","Crippling Poison"],"picked":"Blur","floor":1},{"not_picked":["Deadly Poison","Backflip"],"picked":"Sucker Punch","floor":2},{"not_picked":["Quick Slash","Terror"],"picked":"Noxious Fumes","floor":4},{"not_picked":["Outmaneuver","Backflip"],"picked":"Poisoned Stab","floor":7},{"not_picked":["Deadly Poison","Quick Slash","Masterful Stab"],"picked":"SKIP","floor":11},{"not_picked":["Dagger Throw","Masterful Stab"],"picked":"Dagger Spray","floor":13},{"not_picked":["Corpse Explosion","Tools of the Trade"],"picked":"Die Die Die","floor":16},{"not_picked":["Flying Knee","Acrobatics","Concentrate"],"picked":"SKIP","floor":18},{"not_picked":["Masterful Stab","Underhanded Strike","Acrobatics+1"],"picked":"SKIP","floor":20},{"not_picked":["Tactician","Poisoned Stab"],"picked":"PiercingWail","floor":21},{"not_picked":["Masterful Stab","Bane"],"picked":"Riddle With Holes","floor":24},{"not_picked":["Quick Slash","Riddle With Holes","Finisher"],"picked":"SKIP","floor":27},{"not_picked":["Well Laid Plans","Prepared"],"picked":"Malaise","floor":29},{"not_picked":["Envenom","A Thousand Cuts"],"picked":"After Image","floor":33},{"not_picked":["Quick Slash","Sucker Punch","Underhanded Strike"],"picked":"SKIP","floor":35},{"not_picked":["Blur","Dagger Spray+1"],"picked":"Noxious Fumes","floor":36},{"not_picked":["Jack Of All Trades","Dramatic Entrance"],"picked":"Mind Blast","floor":37},{"not_picked":["Sucker Punch+1","Distraction","Prepared"],"picked":"SKIP","floor":38},{"not_picked":["Dodge and Roll","Setup","Venomology"],"picked":"SKIP","floor":40},{"not_picked":["Blur","Deadly Poison+1","Dagger Throw"],"picked":"PiercingWail+1","floor":45}],"player_experience":970010,"relics_obtained":[{"floor":7,"key":"Meat on the Bone"},{"floor":9,"key":"Vajra"},{"floor":24,"key":"Bag of Preparation"},{"floor":26,"key":"Bottled Tornado"},{"floor":27,"key":"Juzu Bracelet"},{"floor":40,"key":"Blood Vial"},{"floor":43,"key":"Question Card"},{"floor":45,"key":"Ice Cream"}],"event_choices":[{"event_name":"Shining Light","player_choice":"Entered Light","floor":3,"damage_taken":0},{"event_name":"Living Wall","player_choice":"Grow","floor":5,"damage_taken":0},{"event_name":"Dead Adventurer","player_choice":"Searched \u00271\u0027 times","floor":8,"damage_taken":0},{"event_name":"Liars Game","player_choice":"agreed","floor":12,"damage_taken":0},{"event_name":"Back to Basics","player_choice":"Simplicity","floor":19,"damage_taken":0},{"event_name":"Duplicator","player_choice":"One dupe","floor":28,"damage_taken":0},{"event_name":"Accursed Blacksmith","player_choice":"Forge","floor":30,"damage_taken":0},{"event_name":"SensoryStone","player_choice":"Memory 1","floor":37,"damage_taken":0},{"event_name":"Falling","player_choice":"Removed Attack","floor":44,"damage_taken":0},{"event_name":"FaceTrader","player_choice":"Trade","floor":46,"damage_taken":0}],"is_beta":false,"boss_relics":[{"not_picked":["White Beast Statue","WristBlade"],"picked":"Tiny House"},{"not_picked":["Pandora\u0027s Box","Runic Dome"],"picked":"Cursed Key"}],"items_purged_floors":[14,39,42],"is_endless":false,"potions_floor_spawned":[2,4,11,21,29,36,38,40],"killed_by":"Awakened One","ascension_level":16}