{"gold_per_floor":[118,129,145,156,176,176,189,208,234,260,260,43,60,25,25,99,99,118,43,43,59,59,59,75,75,100,150,170,170,170,170],"floor_reached":31,"playtime":778,"items_purged":["Strike_B"],"score":478,"play_id":"97df0baf-c094-4f35-b5b1-47e5caa291fd","local_time":"20190221202352","is_ascension_mode":true,"campfire_choices":[{"floor":6,"key":"REST"},{"floor":11,"key":"REST"},{"data":"Defragment","floor":15,"key":"SMITH"},{"data":"Fusion","floor":23,"key":"SMITH"},{"floor":25,"key":"REST"},{"data":"Consume","floor":30,"key":"SMITH"}],"neow_cost":"NONE","seed_source_timestamp":299183177793429,"circlet_count":0,"master_deck":["AscendersBane","Strike_B","Defend_B","Defend_B","Defend_B","Defend_B","Zap","Dualcast","BootSequence","Coolheaded","Darkness","Ball Lightning","Sweeping Beam","Ball Lightning","Glacier","Fusion+1","Defragment+1","Core Surge","FTL","Seek","Consume+1","Thunder Strike","Conserve Battery","BootSequence"],"relics":["Cracked Core","NeowsBlessing","Dream Catcher","Bag of Preparation","Sozu","Oddly Smooth Stone"],"potions_floor_usage":[4,10,10,10,16],"damage_taken":[{"damage":0,"enemies":"Cultist","floor":1,"turns":1},{"damage":0,"enemies":"Small Slimes","floor":2,"turns":1},{"damage":0,"enemies":"2 Louse","floor":3,"turns":1},{"damage":52,"enemies":"Gremlin Gang","floor":4,"turns":6},{"damage":4,"enemies":"Red Slaver","floor":5,"turns":3},{"damage":2,"enemies":"3 Louse","floor":7,"turns":3},{"damage":11,"enemies":"Large Slime","floor":8,"turns":4},{"damage":8,"enemies":"Gremlin Nob","floor":10,"turns":3},{"damage":1,"enemies":"Blue Slaver","floor":13,"turns":4},{"damage":33,"enemies":"The Guardian","floor":16,"turns":13},{"damage":13,"enemies":"Chosen","floor":18,"turns":5},{"damage":6,"enemies":"2 Thieves","floor":21,"turns":4},{"damage":12,"enemies":"Shelled Parasite and Fungi","floor":24,"turns":6},{"damage":0,"enemies":"Centurion and Healer","floor":28,"turns":7},{"damage":62,"enemies":"Slavers","floor":31,"turns":4}],"seed_played":"1460809998737572524","potions_obtained":[{"floor":2,"key":"EntropicBrew"},{"floor":3,"key":"SkillPotion"},{"floor":4,"key":"Dexterity Potion"},{"floor":10,"key":"FairyPotion"}],"is_trial":false,"path_per_floor":["M","M","M","M","M","R","M","M","T","E","R","$","M","?","R","B",null,"M","$","?","M","$","R","M","R","T","?","M","$","R","E"],"character_chosen":"DEFECT","items_purchased":["Defragment","Core Surge"],"campfire_rested":3,"item_purchase_floors":[12,12],"current_hp_per_floor":[64,64,64,12,8,29,27,16,16,8,29,29,28,45,45,12,56,43,43,43,37,37,37,25,46,46,46,46,46,46,0],"gold":170,"neow_bonus":"THREE_ENEMY_KILL","is_prod":false,"is_daily":false,"chose_seed":false,"campfire_upgraded":3,"win_rate":0,"timestamp":1550805832,"path_taken":["M","M","M","M","M","R","M","M","T","E","R","?","M","?","R","BOSS","M","$","?","M","$","R","M","R","T","?","M","$","R","E"],"build_version":"2019-02-06","purchased_purges":1,"victory":false,"max_hp_per_floor":[71,71,71,71,71,71,71,71,71,71,71,71,71,71,71,71,71,71,71,71,71,71,71,71,71,71,71,71,71,71,71],"card_choices":[{"not_picked":["Beam Cell","Redo"],"picked":"BootSequence","floor":1},{"not_picked":["Stack","Compile Driver"],"picked":"Coolheaded","floor":2},{"not_picked":["BootSequence","Gash"],"picked":"Darkness","floor":3},{"not_picked":["Scrape","Leap"],"picked":"Ball Lightning","floor":4},{"not_picked":["Compile Driver","Gash"],"picked":"Sweeping Beam","floor":5},{"not_picked":["Machine Learning","Rebound","White Noise"],"picked":"SKIP","floor":7},{"not_picked":["Gash","Tempest"],"picked":"Ball Lightning","floor":8},{"not_picked":["Coolheaded","Scrape"],"picked":"Glacier","floor":10},{"not_picked":["Rebound","Leap"],"picked":"Fusion","floor":11},{"not_picked":["Barrage","Recycle"],"picked":"FTL","floor":13},{"not_picked":["Multi-Cast","Meteor Strike"],"picked":"Seek","floor":16},{"not_picked":["Barrage+1","Sweeping Beam","Aggregate"],"picked":"SKIP","floor":18},{"not_picked":["Gash","Go for the Eyes"],"picked":"Conserve Battery","floor":21},{"not_picked":["Leap","Rebound"],"picked":"BootSequence","floor":24},{"not_picked":["White Noise","Darkness","Consume"],"picked":"SKIP","floor":28}],"player_experience":1123787,"relics_obtained":[{"floor":9,"key":"Dream Catcher"},{"floor":10,"key":"Bag of Preparation"},{"floor":26,"key":"Oddly Smooth Stone"}],"event_choices":[{"damage_healed":17,"gold_gain":0,"player_choice":"Healed","damage_taken":0,"max_hp_gain":0,"max_hp_loss":0,"event_name":"The Cleric","floor":14,"gold_loss":35},{"damage_healed":0,"gold_gain":0,"cards_transformed":["Strike_B","Strike_B"],"player_choice":"Became Test Subject","damage_taken":0,"max_hp_gain":0,"max_hp_loss":0,"event_name":"Drug Dealer","floor":20,"gold_loss":0,"cards_obtained":["Consume","Thunder Strike"]},{"damage_healed":0,"gold_gain":50,"player_choice":"Pray","damage_taken":0,"max_hp_gain":0,"max_hp_loss":0,"event_name":"Golden Shrine","floor":27,"gold_loss":0}],"is_beta":true,"boss_relics":[{"not_picked":["Orrery","Philosopher\u0027s Stone"],"picked":"Sozu"}],"items_purged_floors":[19],"is_endless":false,"potions_floor_spawned":[2,3,4,10,13,18,21,28],"killed_by":"Slavers","ascension_level":20}