{"path_per_floor":["M","M","M","?","$","R","E","M","T","?","$","M","?","M","R","B",null,"M","?","T","?","M","R"],"character_chosen":"THE_SILENT","items_purchased":["Apotheosis","Fire Potion"],"gold_per_floor":[119,132,151,226,36,36,65,35,35,65,23,39,39,50,50,121,121,141,141,164,164,177,177,177],"floor_reached":24,"campfire_rested":0,"playtime":1251,"current_hp_per_floor":[59,59,59,48,48,48,35,35,35,35,35,32,32,32,32,32,58,55,55,55,55,55,55,0],"items_purged":[],"gold":177,"score":418,"play_id":"60b2d341-eb66-4e1d-be68-e31ef00b5e23","local_time":"20180406210334","is_prod":false,"is_daily":false,"is_ascension_mode":true,"campfire_upgraded":3,"timestamp":1523063014,"path_taken":["M","M","?","?","$","R","E","?","T","?","?","?","?","?","R","BOSS","M","?","?","?","?","R","E"],"build_version":"2018-04-05v2","purchased_purges":1,"victory":false,"master_deck":["Defend_G","Defend_G","Defend_G","Defend_G","Defend_G","Strike_G","Strike_G","Strike_G","Strike_G","Survivor","Neutralize","AscendersBane","Malaise","Terror","Footwork+1","Apotheosis+1","Bouncing Flask","Dodge and Roll","Noxious Fumes+1","Predator","Phantasmal Killer","Night Terror","Distraction+1","Deadly Poison","Expertise"],"max_hp_per_floor":[66,66,66,66,66,66,66,66,66,66,66,66,66,66,66,66,66,66,66,66,66,66,66,66],"relics":["Ring of the Snake","Prayer Wheel","The Courier","Kunai","Sozu","Pen Nib"],"card_choices":[{"not_picked":["Dodge and Roll","Masterful Stab"],"picked":"Malaise","floor":1},{"not_picked":["Backstab","Tools of the Trade"],"picked":"Terror","floor":2},{"not_picked":["Escape Plan","Slice"],"picked":"Footwork","floor":3},{"not_picked":["Expertise","Dodge and Roll"],"picked":"Bouncing Flask","floor":7},{"not_picked":["Infinite Blades","Backstab"],"picked":"Dodge and Roll","floor":8},{"not_picked":["Concentrate","Leg Sweep"],"picked":"Noxious Fumes","floor":9},{"not_picked":["Bane","Distraction"],"picked":"Predator","floor":12},{"not_picked":["Wraith Form","Unload"],"picked":"Night Terror","floor":16},{"not_picked":["Terror","Deflect"],"picked":"Distraction","floor":18},{"not_picked":["Cloak And Dagger","Underhanded Strike"],"picked":"Deadly Poison","floor":20},{"not_picked":["Sucker Punch","Underhanded Strike"],"picked":"Expertise","floor":22}],"player_experience":702942,"potions_floor_usage":[8,16,16,24],"damage_taken":[{"damage":0,"enemies":"Cultist","floor":1,"turns":4},{"damage":0,"enemies":"Small Slimes","floor":2,"turns":4},{"damage":0,"enemies":"2 Louse","floor":3,"turns":3},{"damage":13,"enemies":"3 Sentries","floor":7,"turns":13},{"damage":0,"enemies":"Exordium Thugs","floor":8,"turns":5},{"damage":3,"enemies":"2 Fungi Beasts","floor":12,"turns":4},{"damage":0,"enemies":"Blue Slaver","floor":14,"turns":5},{"damage":0,"enemies":"Hexaghost","floor":16,"turns":9},{"damage":3,"enemies":"3 Byrds","floor":18,"turns":6},{"damage":0,"enemies":"Chosen","floor":22,"turns":5},{"damage":60,"enemies":"Gremlin Leader","floor":24,"turns":8}],"event_choices":[{"event_name":"World of Goop","player_choice":"Gather Gold","floor":4,"damage_taken":0},{"event_name":"Dead Adventurer","player_choice":"Searched \u00271\u0027 times","floor":10,"damage_taken":0},{"event_name":"Transmorgrifier","player_choice":"Transform","floor":13,"damage_taken":0},{"event_name":"Vampires","player_choice":"Ignored","floor":19,"damage_taken":0},{"event_name":"Ghosts","player_choice":"Ignored","floor":21,"damage_taken":0}],"boss_relics":[{"not_picked":["Velvet Choker","Philosopher\u0027s Stone"],"picked":"Sozu"}],"potions_floor_spawned":[3,8,12,14,18],"seed_played":"-3312758695683218864","killed_by":"Gremlin Leader","ascension_level":14,"is_trial":false}