{"path_per_floor":["M","?","?","M","?","E","R","M","T","R","M","R","?","M","R"],"character_chosen":"IRONCLAD","items_purchased":[],"gold_per_floor":[118,118,118,130,130,160,160,174,174,174,192,192,142,157,157,157],"floor_reached":16,"campfire_rested":4,"playtime":261,"current_hp_per_floor":[73,73,66,57,57,27,51,45,45,69,55,79,79,58,80,80],"items_purged":[],"gold":157,"score":100,"play_id":"711c0ab8-f375-4736-92a6-4c8671d56b7c","local_time":"20180414105139","is_prod":false,"is_daily":false,"chose_seed":false,"is_ascension_mode":false,"campfire_upgraded":0,"timestamp":1523728299,"path_taken":["M","?","?","?","?","E","R","M","T","R","M","R","?","M","R","BOSS"],"build_version":"2018-04-12","seed_source_timestamp":222528660769327,"purchased_purges":0,"victory":false,"master_deck":["Strike_R","Strike_R","Strike_R","Strike_R","Defend_R","Defend_R","Defend_R","Bash","Shrug It Off","Flame Barrier","Wild Strike","Ghostly Armor","Warcry","Twin Strike"],"max_hp_per_floor":[80,80,80,80,80,80,80,80,80,80,80,80,80,80,80,80],"relics":["Lizard Tail","Blue Candle","Du-Vu Doll"],"card_choices":[{"not_picked":["Body Slam","Reckless Charge"],"picked":"Shrug It Off","floor":1},{"not_picked":["Inflame","Sever Soul"],"picked":"Flame Barrier","floor":4},{"not_picked":["True Grit","Reaper"],"picked":"Wild Strike","floor":6},{"not_picked":["Sword Boomerang","Carnage"],"picked":"Ghostly Armor","floor":8},{"not_picked":["Whirlwind","Infernal Blade"],"picked":"Warcry","floor":11},{"not_picked":["Uppercut","Rampage"],"picked":"Twin Strike","floor":14}],"player_experience":463256,"potions_floor_usage":[],"damage_taken":[{"damage":7,"enemies":"2 Louse","floor":1,"turns":2},{"damage":9,"enemies":"Small Slimes","floor":4,"turns":3},{"damage":30,"enemies":"3 Sentries","floor":6,"turns":14},{"damage":6,"enemies":"Cultist","floor":8,"turns":3},{"damage":14,"enemies":"Blue Slaver","floor":11,"turns":4},{"damage":21,"enemies":"2 Fungi Beasts","floor":14,"turns":4},{"damage":0,"enemies":"The Guardian","floor":16,"turns":1}],"event_choices":[{"event_name":"Golden Idol","player_choice":"Ignored","floor":2,"damage_taken":0},{"event_name":"Golden Wing","player_choice":"Card Removal","floor":3,"damage_taken":0},{"event_name":"Liars Game","player_choice":"disagreed","floor":5,"damage_taken":0},{"event_name":"The Cleric","player_choice":"Card Removal","floor":13,"damage_taken":0}],"boss_relics":[],"potions_floor_spawned":[8,11,14],"seed_played":"-8865906728440415956","killed_by":"The Guardian","ascension_level":0,"is_trial":false}