{"gold_per_floor":[110,12,12,12,12,12,32,32,32,67,84,119,129,129,129,200,200,211,229,229,240,190,190,216,216,216,216,86,86,118,68,68,147,147,167,167,117,117,129,160,177,209,285,300,300,333,333,350,350,350,350,350,49,74,74],"floor_reached":56,"playtime":3056,"items_purged":["Strike_B","Pain","Strike_B","Defend_B","Strike_B+1","Parasite"],"score":2032,"play_id":"84df2ac3-561b-4139-a0ea-1286795f9d3b","local_time":"20190413005649","is_ascension_mode":true,"campfire_choices":[{"floor":6,"key":"REST"},{"floor":15,"key":"REST"},{"floor":23,"key":"REST"},{"data":"Fission","floor":25,"key":"SMITH"},{"floor":27,"key":"REST"},{"data":"Chill","floor":29,"key":"SMITH"},{"data":"Capacitor","floor":32,"key":"SMITH"},{"floor":45,"key":"REST"},{"floor":47,"key":"RECALL"},{"data":"Loop","floor":49,"key":"SMITH"},{"data":"Consume","floor":52,"key":"SMITH"}],"neow_cost":"NONE","seed_source_timestamp":207091608782291,"circlet_count":0,"master_deck":["AscendersBane","Defend_B","Defend_B+1","Defend_B","Zap","Dualcast","Cold Snap+1","Gash+1","Capacitor+1","Fission+1","Chill+1","Undo","Coolheaded","Electrodynamics","Stack+1","Consume+1","Gash","Loop+1","Echo Form","Static Discharge","Rainbow","Glacier","Fission","Conserve Battery"],"relics":["White Beast Statue","Smiling Mask","Blood Vial","Gremlin Horn","Dodecahedron","WarpedTongs","Runic Pyramid","Whetstone","Calipers","Mummified Hand","Sozu","Orichalcum","DataDisk","Nunchaku","OrangePellets","Torii"],"potions_floor_usage":[10,10,16,19,21,24,30,46,55],"damage_taken":[{"damage":8,"enemies":"Cultist","floor":1,"turns":6},{"damage":0,"enemies":"Jaw Worm","floor":7,"turns":3},{"damage":20,"enemies":"Gremlin Nob","floor":10,"turns":4},{"damage":1,"enemies":"Small Slimes","floor":11,"turns":4},{"damage":4,"enemies":"3 Sentries","floor":12,"turns":14},{"damage":0,"enemies":"3 Louse","floor":13,"turns":5},{"damage":35,"enemies":"The Guardian","floor":16,"turns":17},{"damage":32,"enemies":"Shell Parasite","floor":18,"turns":10},{"damage":25,"enemies":"Spheric Guardian","floor":19,"turns":7},{"damage":41,"enemies":"Snake Plant","floor":21,"turns":5},{"damage":16,"enemies":"Book of Stabbing","floor":24,"turns":7},{"damage":0,"enemies":"Gremlin Leader","floor":30,"turns":6},{"damage":3,"enemies":"Champ","floor":33,"turns":13},{"damage":9,"enemies":"Orb Walker","floor":35,"turns":5},{"damage":11,"enemies":"3 Darklings","floor":39,"turns":4},{"damage":0,"enemies":"Reptomancer","floor":40,"turns":7},{"damage":13,"enemies":"Spire Growth","floor":41,"turns":6},{"damage":9,"enemies":"Nemesis","floor":42,"turns":9},{"damage":11,"enemies":"4 Shapes","floor":44,"turns":5},{"damage":6,"enemies":"Giant Head","floor":46,"turns":14},{"damage":0,"enemies":"3 Darklings","floor":48,"turns":6},{"damage":24,"enemies":"Awakened One","floor":50,"turns":16},{"damage":14,"enemies":"Shield and Spear","floor":54,"turns":9},{"damage":21,"enemies":"The Heart","floor":55,"turns":16}],"seed_played":"-3669786666351403216","potions_obtained":[{"floor":1,"key":"FearPotion"},{"floor":7,"key":"Strength Potion"},{"floor":10,"key":"FearPotion"},{"floor":11,"key":"Ancient Potion"},{"floor":16,"key":"SpeedPotion"},{"floor":18,"key":"FocusPotion"},{"floor":19,"key":"Fire Potion"},{"floor":21,"key":"FocusPotion"},{"floor":24,"key":"Explosive Potion"},{"floor":30,"key":"Regen Potion"}],"is_trial":false,"path_per_floor":["M","$","?","?","?","R","M","?","T","E","M","E","M","?","R","B",null,"M","M","?","M","$","R","E","R","T","R","$","R","E","$","R","B",null,"M","?","$","?","M","E","M","E","T","M","R","E","R","M","R","B",null,"R","$","E","B",null],"character_chosen":"DEFECT","items_purchased":["Gash","Loop","OrangePellets","Conserve Battery"],"campfire_rested":5,"item_purchase_floors":[2,28,53,53],"current_hp_per_floor":[56,56,56,35,24,45,45,45,45,27,28,26,28,28,49,16,57,27,4,71,30,30,51,37,37,37,58,58,58,60,60,60,59,68,61,61,61,61,52,54,43,36,36,27,47,58,58,60,60,38,60,60,60,48,29],"gold":74,"neow_bonus":"BOSS_RELIC","is_prod":false,"is_daily":false,"chose_seed":false,"campfire_upgraded":5,"win_rate":0,"timestamp":1555131409,"path_taken":["M","?","?","?","?","R","M","?","T","E","?","E","M","?","R","BOSS","M","?","?","M","$","R","E","R","T","R","$","R","E","?","R","BOSS","M","?","$","?","M","E","?","E","T","M","R","E","R","M","R","BOSS","R","$","E","BOSS"],"build_version":"2019-04-04","purchased_purges":6,"victory":true,"max_hp_per_floor":[71,71,71,71,71,71,71,71,71,71,71,71,71,71,71,71,71,71,71,71,71,71,71,71,71,71,71,71,71,71,71,71,71,71,71,67,67,67,67,67,67,67,67,67,67,67,67,67,67,67,67,67,64,64,64],"card_choices":[{"not_picked":["Fusion","Leap"],"picked":"Cold Snap","floor":1},{"not_picked":["Darkness","Barrage"],"picked":"Capacitor","floor":7},{"not_picked":["Go for the Eyes","Recycle"],"picked":"Fission","floor":10},{"not_picked":["Stack","Sweeping Beam"],"picked":"Chill","floor":11},{"not_picked":["Hologram","Skim"],"picked":"Undo","floor":12},{"not_picked":["Steam","Sweeping Beam"],"picked":"Coolheaded","floor":13},{"not_picked":["Reboot","Thunder Strike"],"picked":"Electrodynamics","floor":16},{"not_picked":["Compile Driver","Sweeping Beam"],"picked":"Stack+1","floor":18},{"not_picked":["Compile Driver","Coolheaded"],"picked":"Consume","floor":19},{"not_picked":["Ball Lightning+1","Turbo"],"picked":"Gash","floor":21},{"not_picked":["Storm","Chill","Cold Snap"],"picked":"SKIP","floor":24},{"not_picked":["BootSequence","Cold Snap","Reprogram"],"picked":"SKIP","floor":30},{"not_picked":["Thunder Strike","Machine Learning"],"picked":"Echo Form","floor":33},{"not_picked":["Auto Shields","Streamline"],"picked":"Static Discharge","floor":35},{"not_picked":["Beam Cell+1","Streamline+1","Steam Power"],"picked":"SKIP","floor":39},{"not_picked":["Rebound+1","Lockon+1","Consume"],"picked":"SKIP","floor":40},{"not_picked":["Beam Cell+1","Turbo"],"picked":"Rainbow","floor":41},{"not_picked":["Go for the Eyes","Hologram","Compile Driver+1"],"picked":"SKIP","floor":42},{"not_picked":["Melter","Skim+1"],"picked":"Glacier","floor":44},{"not_picked":["Ball Lightning","Coolheaded"],"picked":"Fission","floor":46},{"not_picked":["Go for the Eyes","Compile Driver+1","Glacier"],"picked":"SKIP","floor":48},{"not_picked":["Conserve Battery","Reinforced Body","Aggregate"],"picked":"SKIP","floor":54}],"player_experience":2399704,"relics_obtained":[{"floor":9,"key":"Blood Vial"},{"floor":10,"key":"Gremlin Horn"},{"floor":12,"key":"Dodecahedron"},{"floor":24,"key":"Whetstone"},{"floor":26,"key":"Calipers"},{"floor":30,"key":"Mummified Hand"},{"floor":40,"key":"Orichalcum"},{"floor":42,"key":"DataDisk"},{"floor":46,"key":"Nunchaku"},{"floor":54,"key":"Torii"}],"event_choices":[{"cards_removed":["Strike_B"],"damage_healed":0,"gold_gain":0,"player_choice":"Forget","damage_taken":0,"max_hp_gain":0,"max_hp_loss":0,"event_name":"Living Wall","floor":3,"gold_loss":0},{"damage_healed":0,"gold_gain":0,"player_choice":"Entered Light","damage_taken":21,"max_hp_gain":0,"max_hp_loss":0,"event_name":"Shining Light","floor":4,"gold_loss":0,"cards_upgraded":["Gash","Defend_B"]},{"damage_healed":0,"gold_gain":0,"player_choice":"Success","damage_taken":11,"relics_obtained":["Smiling Mask"],"max_hp_gain":0,"max_hp_loss":0,"event_name":"Scrap Ooze","floor":5,"gold_loss":0},{"damage_healed":0,"gold_gain":0,"player_choice":"Ignored","damage_taken":0,"max_hp_gain":0,"max_hp_loss":0,"event_name":"Liars Game","floor":8,"gold_loss":0},{"damage_healed":0,"gold_gain":0,"player_choice":"Rummage","damage_taken":0,"relics_obtained":["WarpedTongs"],"max_hp_gain":0,"max_hp_loss":0,"event_name":"Accursed Blacksmith","floor":14,"gold_loss":0,"cards_obtained":["Pain"]},{"damage_healed":67,"gold_gain":0,"player_choice":"Full Heal","damage_taken":0,"max_hp_gain":0,"max_hp_loss":0,"event_name":"Wheel of Change","floor":20,"gold_loss":0},{"damage_healed":0,"gold_gain":0,"player_choice":"Max HP","damage_taken":0,"max_hp_gain":0,"max_hp_loss":4,"event_name":"Winding Halls","floor":36,"gold_loss":0},{"damage_healed":0,"gold_gain":0,"player_choice":"1 cards matched","damage_taken":0,"max_hp_gain":0,"max_hp_loss":0,"event_name":"Match and Keep!","floor":38,"gold_loss":0,"cards_obtained":["Parasite"]}],"is_beta":true,"boss_relics":[{"not_picked":["Tiny House","Runic Dome"],"picked":"Runic Pyramid"},{"not_picked":["Coffee Dripper","Empty Cage"],"picked":"Sozu"}],"items_purged_floors":[2,22,28,31,37,53],"is_endless":false,"potions_floor_spawned":[1,7,10,11,12,13,16,18,19,21,24,30,33,35,39,40,41,42,44,46,48,54],"ascension_level":15}