{"path_per_floor":["M","?","M","?","?","R","E","M","T","?","R","M","E","M","R","B",null,"M","M","?","M","M","R","M","R","T","$","$","M","E","?","R","B",null,"M","T","?","?","M","R","?","R","T","$","T","M","$","E","R","B"],"character_chosen":"IRONCLAD","items_purchased":["Pummel","Metallicize","Mummified Hand","Bag of Marbles","Bottled Tornado"],"gold_per_floor":[111,111,128,303,303,303,335,352,352,352,352,366,391,411,411,508,508,527,541,541,554,573,573,592,592,592,161,12,26,54,54,54,154,184,199,199,199,199,214,214,260,260,260,5,5,21,21,55,55,55],"floor_reached":51,"campfire_rested":0,"playtime":2051,"current_hp_per_floor":[80,73,76,76,76,76,46,56,56,56,56,63,50,48,48,27,83,55,53,37,44,56,56,42,42,42,42,42,48,56,56,56,49,86,82,82,82,82,86,86,89,89,89,89,89,89,89,71,71,80],"items_purged":["Strike_R"],"gold":55,"score":728,"play_id":"1594d241-737e-4591-b55b-76bd02a17a8e","local_time":"20180410010252","is_prod":false,"is_daily":false,"is_ascension_mode":false,"campfire_upgraded":7,"timestamp":1523336572,"path_taken":["M","?","M","?","?","R","E","?","T","?","R","?","E","M","R","BOSS","M","?","?","M","?","R","M","R","T","?","$","M","E","?","R","BOSS","M","?","?","?","M","R","?","R","T","?","?","M","$","E","R","BOSS"],"build_version":"2018-04-05v2","purchased_purges":1,"victory":true,"master_deck":["Strike_R","Strike_R","Strike_R","Defend_R","Defend_R","Defend_R","Bash","Exhume","Spot Weakness","Whirlwind+1","Feed","Clothesline","Sword Boomerang+1","Flex","Demon Form+1","Cleave+1","Sword Boomerang+1","Armaments+1","Pummel+1","Metallicize+1","Disarm+1","Demon Form+1","Parasite","Parasite","Headbutt+1","Shrug It Off+1","Heavy Blade+1","Warcry+1"],"max_hp_per_floor":[80,80,80,80,80,80,80,80,80,80,80,83,83,83,83,83,83,83,83,83,83,83,83,83,83,83,83,83,83,86,86,86,86,86,86,86,86,86,86,86,89,89,89,89,89,89,89,89,89,89],"relics":["Burning Blood","Peace Pipe","Pen Nib","Meat on the Bone","Ice Cream","Bag of Preparation","Runic Dome","Nilry\u0027s Codex","Lantern","Mummified Hand","Bag of Marbles","Toxic Egg 2","Calling Bell","Anchor","Question Card","Tiny Chest","Magic Flower","Bird Faced Urn","Girya","Bottled Tornado","Bronze Scales","Mercury Hourglass"],"card_choices":[{"not_picked":["Perfected Strike","Metallicize"],"picked":"Spot Weakness","floor":1},{"not_picked":["Sentinel","Twin Strike"],"picked":"Whirlwind","floor":7},{"not_picked":["Evolve","Thunderclap"],"picked":"Sword Boomerang","floor":12},{"not_picked":["Perfected Strike","Twin Strike"],"picked":"Flex","floor":13},{"not_picked":["Juggernaut","Immolate"],"picked":"Demon Form","floor":16},{"not_picked":["True Grit","Sword Boomerang"],"picked":"Cleave","floor":18},{"not_picked":["Corruption","Pommel Strike"],"picked":"Sword Boomerang","floor":19},{"not_picked":["Pommel Strike","Rage"],"picked":"Armaments","floor":22},{"not_picked":["Brutality","Shrug It Off"],"picked":"Disarm","floor":30},{"not_picked":["Juggernaut","Fiend Fire"],"picked":"Demon Form","floor":33},{"not_picked":["Evolve","Twin Strike","Carnage"],"picked":"Headbutt","floor":35},{"not_picked":["Perfected Strike","Anger","Pommel Strike"],"picked":"Shrug It Off","floor":41},{"not_picked":["Power Through","Fiend Fire","Reckless Charge"],"picked":"Heavy Blade","floor":46},{"not_picked":["Iron Wave","Sever Soul","Combust"],"picked":"Warcry","floor":48}],"player_experience":802958,"potions_floor_usage":[13,13,16,24,30,33,46,50,50],"damage_taken":[{"damage":0,"enemies":"2 Louse","floor":1,"turns":3},{"damage":3,"enemies":"Small Slimes","floor":3,"turns":3},{"damage":36,"enemies":"Lagavulin","floor":7,"turns":7},{"damage":8,"enemies":"Jaw Worm","floor":8,"turns":3},{"damage":2,"enemies":"Looter","floor":12,"turns":3},{"damage":19,"enemies":"3 Sentries","floor":13,"turns":5},{"damage":8,"enemies":"Blue Slaver","floor":14,"turns":5},{"damage":39,"enemies":"Hexaghost","floor":16,"turns":9},{"damage":46,"enemies":"2 Thieves","floor":18,"turns":4},{"damage":8,"enemies":"Chosen","floor":19,"turns":3},{"damage":11,"enemies":"Snake Plant","floor":21,"turns":2},{"damage":6,"enemies":"3 Cultists","floor":22,"turns":3},{"damage":32,"enemies":"Centurion and Healer","floor":24,"turns":4},{"damage":0,"enemies":"Snake Plant","floor":29,"turns":1},{"damage":1,"enemies":"Slavers","floor":30,"turns":3},{"damage":25,"enemies":"Champ","floor":33,"turns":10},{"damage":10,"enemies":"Orb Walker","floor":35,"turns":3},{"damage":0,"enemies":"3 Darklings","floor":39,"turns":1},{"damage":8,"enemies":"Mysterious Sphere","floor":41,"turns":5},{"damage":5,"enemies":"Sphere and 2 Shapes","floor":46,"turns":4},{"damage":30,"enemies":"Giant Head","floor":48,"turns":6},{"damage":58,"enemies":"Time Eater","floor":50,"turns":7}],"event_choices":[{"event_name":"Scrap Ooze","player_choice":"success","floor":2,"damage_taken":7},{"event_name":"Liars Game","player_choice":"agreed","floor":4,"damage_taken":0},{"event_name":"Big Fish","player_choice":"Box","floor":5,"damage_taken":0},{"event_name":"Match and Keep!","player_choice":"2 cards matched","floor":10,"damage_taken":0},{"event_name":"Cursed Tome","player_choice":"Obtained Book","floor":20,"damage_taken":0},{"event_name":"Purifier","player_choice":"One Purge","floor":31,"damage_taken":0},{"event_name":"Purifier","player_choice":"One Purge","floor":38,"damage_taken":0},{"event_name":"Mysterious Sphere","player_choice":"Fight","floor":41,"damage_taken":0}],"boss_relics":[{"not_picked":["Runic Cube","Snecko Eye"],"picked":"Runic Dome"},{"not_picked":["White Beast Statue","Tiny House"],"picked":"Calling Bell"}],"potions_floor_spawned":[7,8,12,13,18,22,24,29,39,41,48],"seed_played":"4279638702368341130","ascension_level":0,"is_trial":false}