{"gold_per_floor":[115,126,145,56,72,97,97,123,150,150,163,195,345,345],"floor_reached":14,"playtime":802,"items_purged":[],"score":220,"play_id":"a11e4dce-170d-45dc-91f7-f3b500c6f2ba","local_time":"20190504125208","is_ascension_mode":true,"campfire_choices":[{"floor":7.0,"key":"REST"},{"floor":10.0,"key":"REST"}],"neow_cost":"NONE","seed_source_timestamp":1017435720816381,"circlet_count":0,"master_deck":["AscendersBane","Defend_G","Defend_G","Defend_G","Defend_G","Defend_G","Strike_G","Strike_G","Strike_G","Strike_G+1","Strike_G","Survivor","Neutralize+1","Dagger Spray","Bouncing Flask","Deadly Poison","Malaise","Dagger Spray","Glass Knife","Cloak And Dagger"],"special_seed":0,"relics":["Ring of the Snake","Shuriken","Oddly Smooth Stone","Whetstone","Omamori"],"potions_floor_usage":[14],"damage_taken":[{"damage":5.0,"enemies":"Cultist","floor":1.0,"turns":6.0},{"damage":9.0,"enemies":"Jaw Worm","floor":2.0,"turns":5.0},{"damage":3.0,"enemies":"2 Louse","floor":3.0,"turns":3.0},{"damage":12.0,"enemies":"2 Fungi Beasts","floor":5.0,"turns":3.0},{"damage":23.0,"enemies":"3 Sentries","floor":6.0,"turns":8.0},{"damage":30.0,"enemies":"Gremlin Nob","floor":8.0,"turns":4.0},{"damage":1.0,"enemies":"Red Slaver","floor":11.0,"turns":3.0},{"damage":20.0,"enemies":"Lagavulin","floor":12.0,"turns":7.0},{"damage":13,"enemies":"3 Sentries","floor":14,"turns":5}],"seed_played":"877931234708618118","potions_obtained":[{"floor":0.0,"key":"Poison Potion"},{"floor":0.0,"key":"Regen Potion"},{"floor":5.0,"key":"Swift Potion"},{"floor":6.0,"key":"Explosive Potion"},{"floor":12.0,"key":"GhostInAJar"}],"is_trial":false,"path_per_floor":["M","M","M","$","M","E","R","E","T","R","M","E","?","E"],"character_chosen":"THE_SILENT","items_purchased":["Malaise"],"campfire_rested":2,"item_purchase_floors":[4],"current_hp_per_floor":[54,59,56,56,44,21,40,10,10,29,28,8,8,0],"gold":345,"neow_bonus":"THREE_SMALL_POTIONS","is_prod":false,"is_daily":false,"chose_seed":false,"campfire_upgraded":0,"win_rate":0,"timestamp":1556988728,"path_taken":["M","M","?","$","M","E","R","E","T","R","M","E","?","E"],"build_version":"2019-01-23","purchased_purges":0,"victory":false,"max_hp_per_floor":[66,66,66,66,66,66,66,66,66,66,66,66,66,66],"card_choices":[{"not_picked":["Deadly Poison","Setup"],"picked":"Dagger Spray","floor":1.0},{"not_picked":["Leg Sweep","Deadly Poison"],"picked":"Bouncing Flask","floor":2.0},{"not_picked":["Outmaneuver","PiercingWail"],"picked":"Deadly Poison","floor":3.0},{"not_picked":["Bane","PiercingWail"],"picked":"Dagger Spray","floor":5.0},{"not_picked":["Deflect","Sucker Punch","Outmaneuver"],"picked":"SKIP","floor":6.0},{"not_picked":["Eviscerate","Masterful Stab","Infinite Blades"],"picked":"SKIP","floor":8.0},{"not_picked":["Flechettes","Riddle With Holes"],"picked":"Glass Knife","floor":11.0},{"not_picked":["Blade Dance","Underhanded Strike"],"picked":"Cloak And Dagger","floor":12.0}],"player_experience":2344085,"relics_obtained":[{"floor":6.0,"key":"Shuriken"},{"floor":8.0,"key":"Oddly Smooth Stone"},{"floor":9.0,"key":"Whetstone"},{"floor":12.0,"key":"Omamori"}],"event_choices":[{"damage_healed":0.0,"max_hp_gain":0.0,"max_hp_loss":0.0,"gold_gain":150.0,"event_name":"Liars Game","player_choice":"AGREE","floor":13.0,"gold_loss":0.0,"damage_taken":0.0,"cards_obtained":["Doubt"]}],"is_beta":false,"boss_relics":[],"items_purged_floors":[],"is_endless":false,"potions_floor_spawned":[5,6,12],"killed_by":"3 Sentries","ascension_level":20}