{"gold_per_floor":[109,119,131,18,29,29,56,56,56,56,120,85,85,85,85,187,237,250,262,282,282,298,325,325,325],"floor_reached":25,"playtime":1313,"items_purged":[],"score":271,"play_id":"528af640-cf31-4053-ad71-84b345440f73","local_time":"20190225221243","is_ascension_mode":false,"campfire_choices":[{"data":"Blade Dance","floor":6,"key":"SMITH"},{"data":"Blade Dance","floor":8,"key":"SMITH"},{"data":"Blade Dance","floor":10,"key":"SMITH"},{"data":"1","floor":13,"key":"LIFT"},{"floor":15,"key":"REST"},{"floor":24,"key":"REST"}],"neow_cost":"NONE","seed_source_timestamp":214483920493503,"circlet_count":0,"master_deck":["Defend_G","Defend_G+1","Defend_G","Defend_G","Strike_G","Strike_G","Strike_G","Strike_G","Strike_G","Survivor","Neutralize","Sucker Punch","Blade Dance+1","Dagger Spray","All Out Attack","Infinite Blades","Blade Dance+1","Blade Dance+1","Cloak And Dagger","Envenom","Caltrops","Leg Sweep","Cloak And Dagger+1","Cloak And Dagger","Cloak And Dagger","Blade Dance"],"relics":["Ring of the Snake","Oddly Smooth Stone","Letter Opener","Girya","Tiny House","Bronze Scales"],"potions_floor_usage":[11,16,18,23,25],"damage_taken":[{"damage":7,"enemies":"Small Slimes","floor":1,"turns":4},{"damage":0,"enemies":"2 Louse","floor":2,"turns":2},{"damage":0,"enemies":"Cultist","floor":3,"turns":3},{"damage":14,"enemies":"Large Slime","floor":5,"turns":6},{"damage":19,"enemies":"3 Sentries","floor":7,"turns":6},{"damage":11,"enemies":"3 Sentries","floor":11,"turns":7},{"damage":36,"enemies":"Hexaghost","floor":16,"turns":11},{"damage":4,"enemies":"Chosen","floor":18,"turns":3},{"damage":7,"enemies":"Spheric Guardian","floor":19,"turns":4},{"damage":2,"enemies":"Snecko","floor":20,"turns":5},{"damage":31,"enemies":"3 Cultists","floor":22,"turns":6},{"damage":20,"enemies":"Book of Stabbing","floor":23,"turns":6},{"damage":33,"enemies":"Gremlin Leader","floor":25,"turns":5}],"seed_played":"7545905925726646760","potions_obtained":[{"floor":2,"key":"Swift Potion"},{"floor":7,"key":"Dexterity Potion"},{"floor":11,"key":"AttackPotion"},{"floor":17,"key":"AttackPotion"},{"floor":19,"key":"GamblersBrew"},{"floor":22,"key":"SkillPotion"},{"floor":23,"key":"SpeedPotion"}],"is_trial":false,"path_per_floor":["M","M","M","$","M","R","E","R","T","R","?","?","R","?","R","B",null,"M","M","M","T","M","E","R","E"],"character_chosen":"THE_SILENT","items_purchased":["All Out Attack","Infinite Blades"],"campfire_rested":2,"item_purchase_floors":[4,4],"current_hp_per_floor":[63,63,63,63,49,49,30,30,30,30,19,36,36,36,57,21,75,71,64,62,62,31,11,33,0],"gold":325,"neow_bonus":"THREE_CARDS","is_prod":false,"is_daily":false,"chose_seed":false,"campfire_upgraded":3,"win_rate":0,"timestamp":1551150763,"path_taken":["M","M","M","$","M","R","E","R","T","R","?","?","R","?","R","BOSS","M","M","M","?","M","E","R","E"],"build_version":"2019-01-23","purchased_purges":0,"victory":false,"max_hp_per_floor":[70,70,70,70,70,70,70,70,70,70,70,70,70,70,70,70,75,75,75,75,75,75,75,75,75],"card_choices":[{"not_picked":["PiercingWail","Poisoned Stab"],"picked":"Sucker Punch","floor":0},{"not_picked":["Slice","Poisoned Stab"],"picked":"Blade Dance","floor":1},{"not_picked":["Sucker Punch","Backflip","Prepared"],"picked":"SKIP","floor":2},{"not_picked":["Escape Plan","Distraction"],"picked":"Dagger Spray","floor":3},{"not_picked":["Underhanded Strike","Backflip"],"picked":"Blade Dance","floor":5},{"not_picked":["Infinite Blades","Quick Slash"],"picked":"Blade Dance","floor":7},{"not_picked":["Bane","Sucker Punch"],"picked":"Cloak And Dagger","floor":11},{"not_picked":["Grand Finale","Phantasmal Killer"],"picked":"Envenom","floor":16},{"not_picked":["Eviscerate","Outmaneuver"],"picked":"Caltrops","floor":17},{"not_picked":["Outmaneuver","Backflip"],"picked":"Leg Sweep","floor":18},{"not_picked":["Expertise","Caltrops"],"picked":"Cloak And Dagger+1","floor":19},{"not_picked":["Poisoned Stab","Outmaneuver"],"picked":"Cloak And Dagger","floor":20},{"not_picked":["Leg Sweep","Dagger Throw+1"],"picked":"Cloak And Dagger","floor":22},{"not_picked":["Noxious Fumes","Infinite Blades+1"],"picked":"Blade Dance","floor":23}],"player_experience":610812,"relics_obtained":[{"floor":7,"key":"Oddly Smooth Stone"},{"floor":9,"key":"Letter Opener"},{"floor":11,"key":"Girya"},{"floor":23,"key":"Bronze Scales"}],"event_choices":[{"damage_healed":0,"gold_gain":0,"player_choice":"Searched \u00271\u0027 times","damage_taken":0,"max_hp_gain":0,"max_hp_loss":0,"event_name":"Dead Adventurer","floor":11,"gold_loss":0},{"damage_healed":17,"gold_gain":0,"player_choice":"Healed","damage_taken":0,"max_hp_gain":0,"max_hp_loss":0,"event_name":"The Cleric","floor":12,"gold_loss":35},{"cards_removed":["Defend_G"],"damage_healed":0,"gold_gain":0,"player_choice":"Purged","damage_taken":0,"max_hp_gain":0,"max_hp_loss":0,"event_name":"Purifier","floor":14,"gold_loss":0}],"is_beta":false,"boss_relics":[{"not_picked":["Runic Dome","Calling Bell"],"picked":"Tiny House"}],"items_purged_floors":[],"is_endless":false,"potions_floor_spawned":[2,7,11,19,22,23],"killed_by":"Gremlin Leader","ascension_level":0}