{"path_per_floor":["M","?","M","?","M","R","M","?","T","R","E","M","R","?","R","B",null,"M","?","$","M","?","R","?","R","T","R","M","E","M","E","R"],"character_chosen":"THE_SILENT","items_purchased":["Master of Strategy"],"gold_per_floor":[109,109,124,124,140,140,151,101,125,125,151,165,165,165,165,270,270,240,240,41,41,41,41,41,41,41,41,41,41,41,41,41,41],"floor_reached":33,"campfire_rested":0,"playtime":1143,"current_hp_per_floor":[70,63,63,56,56,56,56,56,56,56,45,43,43,29,29,27,70,60,53,53,53,40,40,65,65,65,65,65,62,62,61,61,0],"items_purged":[],"gold":41,"score":283,"play_id":"65f803ab-60f6-4ab6-af0d-4c56c07e74bb","local_time":"20180408230040","is_prod":false,"is_daily":false,"is_ascension_mode":false,"campfire_upgraded":7,"timestamp":1523242840,"path_taken":["M","?","M","?","M","R","M","?","T","R","E","M","R","?","R","BOSS","M","?","$","M","?","R","?","R","T","R","M","E","M","E","R","BOSS"],"build_version":"2018-04-05v2","purchased_purges":1,"victory":false,"master_deck":["Defend_G+1","Defend_G","Defend_G","Defend_G","Strike_G","Strike_G","Strike_G","Strike_G","Survivor+1","Neutralize+1","Prepared+1","Dagger Throw+1","Glass Knife+1","Underhanded Strike+1","Acrobatics+1","Master of Strategy","Distraction+1","Storm of Steel+1"],"max_hp_per_floor":[70,70,70,70,70,70,70,70,70,70,70,70,70,70,70,70,70,70,70,70,70,75,75,75,75,75,75,75,75,75,82,82,82],"relics":["White Beast Statue","Tingsha","Ancient Tea Set","Sundial","Ectoplasm","Girya","Dodecahedron","Strawberry"],"card_choices":[{"not_picked":["Masterful Stab","Deflect"],"picked":"Prepared","floor":1},{"not_picked":["Backflip","Prepared"],"picked":"Dagger Throw","floor":3},{"not_picked":["Dodge and Roll","Bane"],"picked":"Glass Knife","floor":5},{"not_picked":["Backflip","Outmaneuver"],"picked":"Underhanded Strike","floor":7},{"not_picked":["Backstab","Quick Slash"],"picked":"Acrobatics","floor":11},{"not_picked":["Bane","Choke"],"picked":"Distraction","floor":28},{"not_picked":["Bane","PiercingWail"],"picked":"Storm of Steel","floor":29}],"player_experience":783805,"potions_floor_usage":[7,11,16,18,18,28,29,31,31],"damage_taken":[{"damage":0,"enemies":"Jaw Worm","floor":1,"turns":4},{"damage":0,"enemies":"2 Louse","floor":3,"turns":3},{"damage":0,"enemies":"Small Slimes","floor":5,"turns":3},{"damage":0,"enemies":"Blue Slaver","floor":7,"turns":2},{"damage":11,"enemies":"3 Sentries","floor":11,"turns":5},{"damage":2,"enemies":"Looter","floor":12,"turns":2},{"damage":17,"enemies":"Slime Boss","floor":16,"turns":9},{"damage":10,"enemies":"2 Thieves","floor":18,"turns":3},{"damage":0,"enemies":"Spheric Guardian","floor":21,"turns":2},{"damage":0,"enemies":"Cultist and Chosen","floor":28,"turns":3},{"damage":3,"enemies":"Book of Stabbing","floor":29,"turns":5},{"damage":0,"enemies":"Centurion and Healer","floor":30,"turns":3},{"damage":8,"enemies":"Slavers","floor":31,"turns":4},{"damage":69,"enemies":"Automaton","floor":33,"turns":8}],"event_choices":[{"event_name":"Scrap Ooze","player_choice":"success","floor":2,"damage_taken":7},{"event_name":"Golden Wing","player_choice":"Card Removal","floor":4,"damage_taken":0},{"event_name":"The Cleric","player_choice":"Card Removal","floor":8,"damage_taken":0},{"event_name":"Shining Light","player_choice":"Entered Light","floor":14,"damage_taken":0},{"event_name":"Wheel of Change","player_choice":"Damage","floor":19,"damage_taken":0},{"event_name":"Forgotten Altar","player_choice":"Shed Blood","floor":22,"damage_taken":0},{"event_name":"The Library","player_choice":"Heal","floor":24,"damage_taken":0}],"boss_relics":[{"not_picked":["Snecko Eye","Pandora\u0027s Box"],"picked":"Ectoplasm"}],"potions_floor_spawned":[1,3,5,7,11,12,16,18,21,28,29,30,31],"seed_played":"5556064608934955617","killed_by":"Automaton","ascension_level":0,"is_trial":false}