{"gold_per_floor":[109,109,125,71,86,120,120,148,148,148,165,165,184,184,184,277,277,297,297,46,69,69,69,82,102,102,102,17,38,77,77,77,173,173,188,203,269,20,34,34,53,53,76,76,76,96,96,429,429,429,429],"floor_reached":51,"playtime":2442,"items_purged":["Regret"],"score":1300,"play_id":"6aa00ea0-d37e-4757-a7ef-146927e0ece9","local_time":"20190302132848","is_ascension_mode":true,"campfire_choices":[{"data":"Inflame","floor":7.0,"key":"SMITH"},{"data":"Bash","floor":10.0,"key":"SMITH"},{"data":"Metallicize","floor":12.0,"key":"SMITH"},{"data":"Metallicize","floor":15.0,"key":"SMITH"},{"data":"True Grit","floor":23.0,"key":"SMITH"},{"floor":27.0,"key":"REST"},{"floor":32.0,"key":"REST"},{"data":"Barricade","floor":40,"key":"SMITH"},{"floor":42,"key":"REST"},{"floor":44,"key":"RECALL"},{"floor":47,"key":"REST"},{"floor":49,"key":"REST"}],"neow_cost":"NONE","seed_source_timestamp":90245480325050,"circlet_count":0,"master_deck":["AscendersBane","Strike_R","Strike_R","Strike_R","Defend_R","Defend_R","Defend_R","Defend_R","Bash+1","Flame Barrier","Feel No Pain","Battle Trance","Shrug It Off","Clothesline","Inflame+1","Metallicize+1","Metallicize+1","Offering","Shrug It Off","Immolate","True Grit+1","Inflame","Intimidate","Barricade+1","Warcry","True Grit+1","Dual Wield+1","Juggernaut","Armaments+1","Evolve","Feel No Pain","Feel No Pain","Armaments+1","Injury","Havoc+1"],"special_seed":0,"relics":["Burning Blood","Vajra","Bottled Flame","Bronze Scales","The Courier","Cursed Key","MutagenicStrength","Self Forming Clay","Letter Opener","Toxic Egg 2","Runic Pyramid","Unceasing Top"],"potions_floor_usage":[36,37,46],"damage_taken":[{"damage":0.0,"enemies":"Small Slimes","floor":1.0,"turns":3.0},{"damage":15.0,"enemies":"Cultist","floor":3.0,"turns":4.0},{"damage":0.0,"enemies":"Jaw Worm","floor":5.0,"turns":7.0},{"damage":23.0,"enemies":"Gremlin Nob","floor":6.0,"turns":4.0},{"damage":10.0,"enemies":"3 Sentries","floor":8.0,"turns":16.0},{"damage":8.0,"enemies":"Looter","floor":11.0,"turns":2.0},{"damage":0.0,"enemies":"Blue Slaver","floor":13.0,"turns":6.0},{"damage":3.0,"enemies":"The Guardian","floor":16.0,"turns":15.0},{"damage":14.0,"enemies":"3 Byrds","floor":18.0,"turns":4.0},{"damage":19.0,"enemies":"2 Thieves","floor":21.0,"turns":3.0},{"damage":14.0,"enemies":"Snake Plant","floor":24.0,"turns":5.0},{"damage":3.0,"enemies":"Centurion and Healer","floor":25.0,"turns":7.0},{"damage":23.0,"enemies":"Snecko","floor":29.0,"turns":8.0},{"damage":31.0,"enemies":"Slavers","floor":30.0,"turns":6.0},{"damage":22,"enemies":"Champ","floor":33,"turns":33},{"damage":6,"enemies":"3 Shapes","floor":35,"turns":3},{"damage":0,"enemies":"Orb Walker","floor":36,"turns":5},{"damage":27,"enemies":"2 Orb Walkers","floor":37,"turns":5},{"damage":17,"enemies":"Transient","floor":39,"turns":6},{"damage":48,"enemies":"Writhing Mass","floor":41,"turns":8},{"damage":21,"enemies":"Sphere and 2 Shapes","floor":46,"turns":6},{"damage":44,"enemies":"Time Eater","floor":50,"turns":18},{"damage":40,"enemies":"Awakened One","floor":51,"turns":5}],"seed_played":"1070690904701721200","potions_obtained":[{"floor":1.0,"key":"FearPotion"},{"floor":3.0,"key":"Regen Potion"},{"floor":8.0,"key":"Block Potion"},{"floor":21.0,"key":"Fire Potion"},{"floor":29.0,"key":"Fruit Juice"},{"floor":30.0,"key":"Energy Potion"},{"floor":33,"key":"AttackPotion"},{"floor":37,"key":"FairyPotion"},{"floor":39,"key":"Explosive Potion"},{"floor":41,"key":"LiquidBronze"}],"is_trial":false,"path_per_floor":["M","?","M","$","M","E","R","E","T","R","M","R","M","?","R","B",null,"M","?","$","M","?","R","M","M","T","R","?","M","E","?","R","B",null,"M","M","?","$","M","R","M","R","T","R","?","M","R","?","R","B","B"],"character_chosen":"IRONCLAD","items_purchased":["Shrug It Off","Immolate","True Grit","Inflame","Evolve","Feel No Pain","Feel No Pain"],"campfire_rested":5,"item_purchase_floors":[4,20,20,20,38,38,38],"current_hp_per_floor":[74,74,65,65,71,54,54,65,65,65,63,63,69,43,43,46,68,60,60,60,47,47,47,39,42,42,64,64,47,22,22,51,35,69,69,75,54,54,43,43,14,38,38,38,38,23,47,47,71,33,0],"gold":429,"neow_bonus":"RANDOM_COMMON_RELIC","is_prod":false,"is_daily":false,"chose_seed":false,"campfire_upgraded":6,"win_rate":0,"timestamp":1551558528,"path_taken":["M","?","?","$","M","E","R","E","T","R","M","R","M","?","R","BOSS","M","?","$","M","?","R","?","M","T","R","?","M","E","?","R","BOSS","M","M","?","$","M","R","M","R","T","R","?","M","R","?","R","BOSS","BOSS"],"build_version":"2019-02-06","purchased_purges":1,"victory":false,"max_hp_per_floor":[75,75,75,75,75,75,75,75,75,75,75,75,75,75,75,75,75,75,75,75,75,75,75,75,75,75,75,75,75,75,75,80,80,80,80,80,80,80,80,80,80,80,80,80,80,80,80,80,80,80,80],"card_choices":[{"not_picked":["Cleave","Anger"],"picked":"Flame Barrier","floor":1.0},{"not_picked":["Wild Strike","Flex"],"picked":"Battle Trance","floor":3.0},{"not_picked":["Cleave","Power Through"],"picked":"Clothesline","floor":5.0},{"not_picked":["Evolve","Combust"],"picked":"Inflame","floor":6.0},{"not_picked":["Combust","Sentinel"],"picked":"Pommel Strike","floor":8.0},{"not_picked":["Clothesline","Flame Barrier"],"picked":"Metallicize","floor":11.0},{"not_picked":["Clothesline","Perfected Strike"],"picked":"Metallicize","floor":13.0},{"not_picked":["Immolate","Fiend Fire"],"picked":"Offering","floor":16.0},{"not_picked":["Armaments","Thunderclap+1"],"picked":"Shrug It Off","floor":18.0},{"not_picked":["Thunderclap","Clash","Cleave"],"picked":"SKIP","floor":21.0},{"not_picked":["Twin Strike","Anger"],"picked":"Intimidate","floor":24.0},{"not_picked":["Clothesline","Havoc"],"picked":"Barricade","floor":25.0},{"not_picked":["Clash","Twin Strike"],"picked":"Warcry","floor":29.0},{"not_picked":["Battle Trance","Cleave"],"picked":"True Grit","floor":30.0},{"not_picked":["Reaper","Bludgeon"],"picked":"Juggernaut","floor":33},{"not_picked":["Carnage","Battle Trance+1"],"picked":"Armaments+1","floor":35},{"not_picked":["Spot Weakness+1","Thunderclap","Clothesline"],"picked":"SKIP","floor":36},{"not_picked":["Clash+1","Whirlwind","Spot Weakness+1"],"picked":"SKIP","floor":39},{"not_picked":["Ghostly Armor+1","Entrench+1"],"picked":"Armaments+1","floor":41},{"not_picked":["Anger","Flex+1"],"picked":"Havoc+1","floor":46}],"player_experience":1143163,"relics_obtained":[{"floor":6.0,"key":"Bottled Flame"},{"floor":8.0,"key":"Bronze Scales"},{"floor":9.0,"key":"The Courier"},{"floor":26.0,"key":"Self Forming Clay"},{"floor":30.0,"key":"Toxic Egg 2"},{"floor":37,"key":"Unceasing Top"}],"event_choices":[{"damage_healed":0.0,"max_hp_gain":0.0,"max_hp_loss":0.0,"gold_gain":0.0,"cards_transformed":["Strike_R"],"event_name":"Transmorgrifier","player_choice":"Transformed","floor":2.0,"gold_loss":0.0,"damage_taken":0.0,"cards_obtained":["Feel No Pain"]},{"damage_healed":0.0,"max_hp_gain":0.0,"max_hp_loss":0.0,"gold_gain":0.0,"event_name":"Golden Idol","player_choice":"Take Damage","floor":14.0,"gold_loss":0.0,"damage_taken":26.0,"relics_obtained":["Golden Idol"]},{"damage_healed":0.0,"max_hp_gain":0.0,"max_hp_loss":0.0,"gold_gain":0.0,"event_name":"Drug Dealer","player_choice":"Inject Mutagens","floor":19.0,"gold_loss":0.0,"damage_taken":0.0,"relics_obtained":["MutagenicStrength"]},{"damage_healed":0.0,"max_hp_gain":0.0,"max_hp_loss":0.0,"gold_gain":0.0,"event_name":"Match and Keep!","player_choice":"0 cards matched","floor":22.0,"gold_loss":0.0,"damage_taken":0.0,"cards_obtained":[]},{"damage_healed":0.0,"max_hp_gain":0.0,"max_hp_loss":0.0,"gold_gain":0.0,"event_name":"Addict","player_choice":"Obtained Relic","floor":28.0,"gold_loss":85.0,"damage_taken":0.0,"relics_obtained":["Letter Opener"]},{"damage_healed":0.0,"max_hp_gain":0.0,"max_hp_loss":0.0,"gold_gain":0.0,"cards_transformed":["Strike_R"],"event_name":"Transmorgrifier","player_choice":"Transformed","floor":31.0,"gold_loss":0.0,"damage_taken":0.0,"cards_obtained":["Dual Wield"]},{"damage_healed":0,"gold_gain":0,"player_choice":"Fight","damage_taken":0,"max_hp_gain":0,"max_hp_loss":0,"event_name":"Mysterious Sphere","floor":37,"gold_loss":0},{"cards_removed":["Pommel Strike"],"damage_healed":0,"gold_gain":0,"player_choice":"Removed Attack","damage_taken":0,"max_hp_gain":0,"max_hp_loss":0,"event_name":"Falling","floor":45,"gold_loss":0},{"damage_healed":0,"gold_gain":333,"player_choice":"Gave Idol","damage_taken":0,"max_hp_gain":0,"max_hp_loss":0,"event_name":"The Moai Head","floor":48,"relics_lost":["Golden Idol"],"gold_loss":0}],"is_beta":true,"boss_relics":[{"not_picked":["Tiny House","Snecko Eye"],"picked":"Cursed Key"},{"not_picked":["White Beast Statue","Coffee Dripper"],"picked":"Runic Pyramid"}],"items_purged_floors":[38],"is_endless":false,"potions_floor_spawned":[1,3,5,8,21,29,30,33,37,39,41],"killed_by":"Awakened One","ascension_level":20}