{"gold_per_floor":[10,10,26,46,46,71,71,19,67,67,98,115,126,161,161,233,233,252,17,31,31,31,60,60,95,118,146,146,162,180,513,513,591,591,603,614,614,627,639,668,768,799,876,901,917,917,13,30,30,30,30,30,30,10,42,42],"floor_reached":57,"playtime":4039,"items_purged":["Decay"],"score":3705,"play_id":"70a31152-0ec5-423f-818a-74ce42c80f54","local_time":"20190510170207","is_ascension_mode":true,"campfire_choices":[{"data":"1","floor":7,"key":"LIFT"},{"data":"2","floor":10,"key":"LIFT"},{"data":"3","floor":15,"key":"LIFT"},{"data":"Writhe","floor":24,"key":"PURGE"},{"data":"Injury","floor":28,"key":"PURGE"},{"floor":32,"key":"REST"},{"floor":49,"key":"RECALL"},{"data":"After Image","floor":53,"key":"SMITH"}],"neow_cost":"NO_GOLD","seed_source_timestamp":284747501385593,"circlet_count":0,"master_deck":["AscendersBane","Defend_G","Defend_G","Defend_G","Defend_G","Defend_G","Strike_G","Strike_G","Strike_G","Survivor","Neutralize","Deadly Poison","Sucker Punch","Quick Slash","Cloak And Dagger","Endless Agony","Escape Plan","Cloak And Dagger","Cloak And Dagger","Adrenaline","Parasite","Masterful Stab+1","Well Laid Plans","Escape Plan","Blade Dance","Leg Sweep","Acrobatics+1","After Image+1","Crippling Poison+1","Backflip+1","Blade Dance+1","Burst+1","Dodge and Roll+1","Distraction+1","Deflect+1","Caltrops","PiercingWail+1","Infinite Blades","Leg Sweep+1","Backflip+1","Secret Technique+1","Dark Shackles+1","Finesse+1","After Image","Acrobatics+1","Prepared+1"],"relics":["Ring of the Snake","Dead Branch","Orichalcum","Girya","PreservedInsect","Ornamental Fan","Bag of Marbles","Calling Bell","Vajra","Letter Opener","Peace Pipe","The Courier","Matryoshka","Toxic Egg 2","Boot","Centennial Puzzle","Art of War","Old Coin","Coffee Dripper","Smiling Mask","Thread and Needle","Juzu Bracelet","Blood Vial","FossilizedHelix","Anchor","Lantern","Bronze Scales","DollysMirror","Tough Bandages","Strawberry","Mango"],"potions_floor_usage":[6,12,16,33,55],"damage_taken":[{"damage":0,"enemies":"2 Louse","floor":1,"turns":3},{"damage":0,"enemies":"Cultist","floor":3,"turns":4},{"damage":2,"enemies":"Jaw Worm","floor":4,"turns":3},{"damage":11,"enemies":"3 Sentries","floor":6,"turns":7},{"damage":15,"enemies":"Lagavulin","floor":11,"turns":7},{"damage":5,"enemies":"Exordium Thugs","floor":12,"turns":3},{"damage":0,"enemies":"Red Slaver","floor":13,"turns":1},{"damage":0,"enemies":"Gremlin Nob","floor":14,"turns":2},{"damage":18,"enemies":"The Guardian","floor":16,"turns":11},{"damage":6,"enemies":"Spheric Guardian","floor":18,"turns":3},{"damage":7,"enemies":"2 Thieves","floor":20,"turns":3},{"damage":3,"enemies":"Slavers","floor":23,"turns":3},{"damage":0,"enemies":"Gremlin Leader","floor":25,"turns":1},{"damage":0,"enemies":"Book of Stabbing","floor":27,"turns":1},{"damage":0,"enemies":"Chosen and Byrds","floor":29,"turns":4},{"damage":0,"enemies":"Cultist and Chosen","floor":30,"turns":2},{"damage":0,"enemies":"Slavers","floor":31,"turns":3},{"damage":4,"enemies":"Collector","floor":33,"turns":6},{"damage":0,"enemies":"Orb Walker","floor":35,"turns":1},{"damage":0,"enemies":"3 Shapes","floor":36,"turns":2},{"damage":2,"enemies":"Transient","floor":38,"turns":6},{"damage":1,"enemies":"Sphere and 2 Shapes","floor":39,"turns":3},{"damage":12,"enemies":"Reptomancer","floor":40,"turns":3},{"damage":0,"enemies":"Mind Bloom Boss Battle","floor":41,"turns":6},{"damage":0,"enemies":"Nemesis","floor":42,"turns":3},{"damage":0,"enemies":"Reptomancer","floor":44,"turns":4},{"damage":0,"enemies":"Writhing Mass","floor":45,"turns":6},{"damage":0,"enemies":"3 Darklings","floor":48,"turns":2},{"damage":0,"enemies":"Time Eater","floor":50,"turns":10},{"damage":0,"enemies":"Donu and Deca","floor":51,"turns":7},{"damage":0,"enemies":"Shield and Spear","floor":55,"turns":5},{"damage":0,"enemies":"The Heart","floor":56,"turns":7}],"seed_played":"2391869140700238332","potions_obtained":[{"floor":3,"key":"Strength Potion"},{"floor":4,"key":"EntropicBrew"},{"floor":13,"key":"AttackPotion"},{"floor":18,"key":"LiquidBronze"},{"floor":25,"key":"Poison Potion"},{"floor":27,"key":"Strength Potion"},{"floor":36,"key":"SkillPotion"},{"floor":55,"key":"Weak Potion"}],"is_trial":false,"path_per_floor":["M","?","M","M","?","E","R","$","T","R","E","M","M","E","R","B",null,"M","$","M","?","?","E","R","E","T","E","R","M","M","E","R","B",null,"M","M","?","M","M","E","?","E","T","E","M","?","$","M","R","B","B",null,"R","$","E","B",null],"character_chosen":"THE_SILENT","items_purchased":["Cloak And Dagger","Well Laid Plans","Escape Plan","Anchor","Lantern","Bronze Scales","DollysMirror","Tough Bandages","Strawberry","Acrobatics+1"],"campfire_rested":1,"item_purchase_floors":[8,19,19,47,47,47,47,47,47,54],"current_hp_per_floor":[59,59,59,57,50,39,39,39,39,39,24,19,19,19,19,1,50,44,44,37,19,19,16,16,16,16,16,16,16,16,16,37,33,62,62,62,62,60,59,47,47,47,47,49,51,41,48,50,50,52,54,72,72,72,88,90],"gold":42,"neow_bonus":"ONE_RARE_RELIC","is_prod":false,"is_daily":false,"chose_seed":false,"campfire_upgraded":1,"win_rate":0,"timestamp":1557532927,"path_taken":["M","?","M","?","?","E","R","?","T","R","E","?","M","E","R","BOSS","M","$","M","?","?","E","R","E","T","E","R","M","M","E","R","BOSS","M","M","?","M","?","E","?","E","T","E","M","?","$","M","R","BOSS","BOSS","R","$","E","BOSS"],"build_version":"2019-05-07","purchased_purges":1,"victory":true,"max_hp_per_floor":[66,66,66,66,66,66,66,66,66,66,66,66,66,66,66,66,66,66,66,66,71,71,71,71,71,71,71,71,71,71,71,71,71,71,71,71,71,71,71,71,71,71,71,71,71,71,78,78,78,78,78,78,78,78,92,92],"card_choices":[{"not_picked":["Acrobatics","Blade Dance"],"picked":"Dash","floor":1},{"not_picked":["Outmaneuver","Eviscerate"],"picked":"Deadly Poison","floor":3},{"not_picked":["Slice","Distraction"],"picked":"Sucker Punch","floor":4},{"not_picked":["Unload","Heel Hook"],"picked":"Quick Slash","floor":6},{"not_picked":["Acrobatics","Heel Hook"],"picked":"Endless Agony","floor":11},{"not_picked":["Noxious Fumes","Dodge and Roll"],"picked":"Escape Plan","floor":12},{"not_picked":["Sucker Punch","Reflex"],"picked":"Cloak And Dagger","floor":13},{"not_picked":["Predator","Sucker Punch"],"picked":"Cloak And Dagger","floor":14},{"not_picked":["Phantasmal Killer","Doppelganger"],"picked":"Adrenaline","floor":16},{"not_picked":["Noxious Fumes","Finisher"],"picked":"Masterful Stab+1","floor":18},{"not_picked":["Outmaneuver","Poisoned Stab"],"picked":"Blade Dance","floor":20},{"not_picked":["Blur","Noxious Fumes"],"picked":"Leg Sweep","floor":23},{"not_picked":["Dagger Spray","All Out Attack"],"picked":"Acrobatics+1","floor":25},{"not_picked":["Dodge and Roll+1","Blade Dance+1"],"picked":"After Image","floor":27},{"not_picked":["Acrobatics+1","Underhanded Strike"],"picked":"Crippling Poison+1","floor":29},{"not_picked":["Deflect+1","Slice"],"picked":"Backflip+1","floor":30},{"not_picked":["Masterful Stab+1","Underhanded Strike"],"picked":"Blade Dance+1","floor":31},{"not_picked":["Glass Knife","Unload"],"picked":"Burst+1","floor":33},{"not_picked":["Tactician+1","Deadly Poison+1"],"picked":"Dodge and Roll+1","floor":35},{"not_picked":["Masterful Stab+1","Acrobatics+1","Finisher"],"picked":"SKIP","floor":36},{"not_picked":["Predator","Eviscerate"],"picked":"Deflect+1","floor":38},{"not_picked":["Choke","Bane"],"picked":"Caltrops","floor":39},{"not_picked":["Dash","All Out Attack"],"picked":"PiercingWail+1","floor":40},{"not_picked":["Outmaneuver+1","Backflip+1"],"picked":"Infinite Blades","floor":41},{"not_picked":["Flying Knee+1","Heel Hook","Reflex+1"],"picked":"SKIP","floor":42},{"not_picked":["A Thousand Cuts","Slice+1"],"picked":"Leg Sweep+1","floor":44},{"not_picked":["Prepared+1","Dash"],"picked":"Backflip+1","floor":45},{"not_picked":["Metamorphosis+1","Secret Weapon+1"],"picked":"Secret Technique+1","floor":46},{"not_picked":["Mind Blast","Forethought+1"],"picked":"Dark Shackles+1","floor":46},{"not_picked":["Magnetism","Discovery+1"],"picked":"Finesse+1","floor":46},{"not_picked":["Expertise+1","Endless Agony","Flying Knee"],"picked":"SKIP","floor":48},{"not_picked":["Eviscerate","Deflect+1"],"picked":"Prepared+1","floor":55}],"player_experience":6342032,"relics_obtained":[{"floor":6,"key":"Girya"},{"floor":9,"key":"PreservedInsect"},{"floor":11,"key":"Ornamental Fan"},{"floor":14,"key":"Bag of Marbles"},{"floor":17,"key":"Vajra"},{"floor":17,"key":"Letter Opener"},{"floor":17,"key":"Peace Pipe"},{"floor":23,"key":"Matryoshka"},{"floor":25,"key":"Toxic Egg 2"},{"floor":26,"key":"Boot"},{"floor":26,"key":"Centennial Puzzle"},{"floor":27,"key":"Art of War"},{"floor":31,"key":"Old Coin"},{"floor":40,"key":"Smiling Mask"},{"floor":41,"key":"Thread and Needle"},{"floor":42,"key":"Juzu Bracelet"},{"floor":43,"key":"Blood Vial"},{"floor":44,"key":"FossilizedHelix"},{"floor":55,"key":"Mango"}],"event_choices":[{"cards_removed":["Dash"],"damage_healed":0,"gold_gain":0,"player_choice":"Gave Card","damage_taken":0,"relics_obtained":["Orichalcum"],"max_hp_gain":0,"max_hp_loss":0,"event_name":"WeMeetAgain","floor":2,"gold_loss":0},{"cards_removed":["Strike_G"],"damage_healed":0,"gold_gain":0,"player_choice":"Card Removal","damage_taken":7,"max_hp_gain":0,"max_hp_loss":0,"event_name":"Golden Wing","floor":5,"gold_loss":0},{"damage_healed":0,"gold_gain":0,"player_choice":"Shed Blood","damage_taken":23,"max_hp_gain":5,"max_hp_loss":0,"event_name":"Forgotten Altar","floor":21,"gold_loss":0},{"damage_healed":0,"gold_gain":0,"player_choice":"Opened","damage_taken":0,"relics_obtained":["The Courier"],"max_hp_gain":0,"max_hp_loss":0,"event_name":"The Mausoleum","floor":22,"gold_loss":0,"cards_obtained":["Writhe"]},{"damage_healed":0,"gold_gain":0,"cards_transformed":["Strike_G"],"player_choice":"Transformed","damage_taken":0,"max_hp_gain":0,"max_hp_loss":0,"event_name":"Transmorgrifier","floor":37,"gold_loss":0,"cards_obtained":["Distraction"]},{"damage_healed":0,"gold_gain":0,"player_choice":"Fight","damage_taken":0,"max_hp_gain":0,"max_hp_loss":0,"event_name":"MindBloom","floor":41,"gold_loss":0},{"damage_healed":0,"gold_gain":0,"player_choice":"Memory 3","damage_taken":10,"max_hp_gain":0,"max_hp_loss":0,"event_name":"SensoryStone","floor":46,"gold_loss":0}],"is_beta":true,"boss_relics":[{"not_picked":["Runic Dome","Lizard Tail"],"picked":"Calling Bell"},{"not_picked":["Empty Cage","Cursed Key"],"picked":"Coffee Dripper"}],"items_purged_floors":[19],"is_endless":false,"potions_floor_spawned":[3,4,13,14,18,25,27,31,36,39,40,42,55],"ascension_level":20}