{"gold_per_floor":[113,130,130,55,71,71,71,96,145,145,157,157,157,169,169,242,242,252,252,262,278,278,278,308,308,308,336,354,354],"floor_reached":29,"playtime":767,"items_purged":[],"score":526,"play_id":"0a25ded2-0e7f-4f37-bc89-f7cebac83c5a","local_time":"20190216231222","is_ascension_mode":true,"campfire_choices":[{"data":"Skewer","floor":6,"key":"SMITH"},{"data":"Neutralize","floor":10,"key":"SMITH"},{"data":"All Out Attack","floor":13,"key":"SMITH"},{"data":"Backflip","floor":15,"key":"SMITH"},{"data":"Adrenaline","floor":23,"key":"SMITH"},{"data":"Cloak And Dagger","floor":25,"key":"SMITH"}],"neow_cost":"NONE","seed_source_timestamp":131537656343134,"circlet_count":0,"master_deck":["AscendersBane","Defend_G","Defend_G","Defend_G","Defend_G","Defend_G","Strike_G","Strike_G","Strike_G","Strike_G","Survivor","Neutralize+1","Backflip","Masterful Stab","Skewer+1","All Out Attack+1","Flying Knee","Backflip+1","Adrenaline+1","Backflip","Cloak And Dagger+1"],"relics":["Ring of the Snake","Anchor","Art of War","FossilizedHelix","Smiling Mask","Runic Dome","Turnip","Gremlin Horn","Singing Bowl"],"potions_floor_usage":[8,24,29,29],"damage_taken":[{"damage":1,"enemies":"Jaw Worm","floor":1,"turns":4},{"damage":4,"enemies":"Small Slimes","floor":2,"turns":3},{"damage":0,"enemies":"2 Louse","floor":5,"turns":2},{"damage":6,"enemies":"Gremlin Nob","floor":8,"turns":3},{"damage":0,"enemies":"Looter","floor":11,"turns":3},{"damage":0,"enemies":"3 Louse","floor":14,"turns":1},{"damage":17,"enemies":"The Guardian","floor":16,"turns":18},{"damage":0,"enemies":"2 Thieves","floor":18,"turns":3},{"damage":1,"enemies":"3 Byrds","floor":20,"turns":4},{"damage":8,"enemies":"Snecko","floor":21,"turns":6},{"damage":14,"enemies":"Book of Stabbing","floor":24,"turns":5},{"damage":28,"enemies":"Gremlin Leader","floor":27,"turns":7},{"damage":5,"enemies":"Snake Plant","floor":28,"turns":6},{"damage":9,"enemies":"Sentry and Sphere","floor":29,"turns":5}],"seed_played":"-7279956403302310163","potions_obtained":[{"floor":2,"key":"Ancient Potion"},{"floor":8,"key":"Explosive Potion"},{"floor":16,"key":"EssenceOfSteel"},{"floor":27,"key":"EssenceOfSteel"}],"is_trial":false,"path_per_floor":["M","M","?","?","M","R","$","E","T","R","M","?","R","M","R","B",null,"M","?","M","M","?","R","E","R","T","E","M","M"],"character_chosen":"THE_SILENT","items_purchased":[],"campfire_rested":0,"item_purchase_floors":[],"current_hp_per_floor":[58,54,49,49,49,49,49,43,43,43,43,43,43,43,43,26,56,56,56,55,47,47,47,33,33,33,7,4,0],"gold":354,"neow_bonus":"RANDOM_COMMON_RELIC","is_prod":false,"is_daily":false,"chose_seed":false,"campfire_upgraded":6,"win_rate":0,"timestamp":1550383942,"path_taken":["M","M","?","?","M","R","$","E","T","R","M","?","R","M","R","BOSS","M","?","M","M","?","R","E","R","T","E","M","M"],"build_version":"2019-02-06","purchased_purges":0,"victory":false,"max_hp_per_floor":[66,66,66,66,66,66,66,66,66,66,66,66,66,66,66,66,66,66,66,66,66,66,66,66,66,66,68,70,70],"card_choices":[{"not_picked":["Flying Knee","Bane"],"picked":"Backflip","floor":1},{"not_picked":["Bane","Dodge and Roll"],"picked":"Masterful Stab","floor":2},{"not_picked":["Quick Slash","Dodge and Roll"],"picked":"Skewer","floor":5},{"not_picked":["Flying Knee","Sucker Punch"],"picked":"All Out Attack","floor":8},{"not_picked":["Underhanded Strike","Night Terror"],"picked":"Flying Knee","floor":11},{"not_picked":["All Out Attack","Prepared"],"picked":"Backflip","floor":14},{"not_picked":["Venomology","Unload"],"picked":"Adrenaline","floor":16},{"not_picked":["Outmaneuver","Acrobatics","Tactician+1"],"picked":"SKIP","floor":18},{"not_picked":["Riddle With Holes","Predator"],"picked":"Backflip","floor":20},{"not_picked":["Deflect+1","Acrobatics"],"picked":"Cloak And Dagger","floor":21},{"not_picked":["Corpse Explosion","Deflect","Prepared+1"],"picked":"SKIP","floor":24},{"not_picked":["Bouncing Flask+1","Deadly Poison","Dagger Spray+1"],"picked":"Singing Bowl","floor":27},{"not_picked":["Reflex+1","Distraction","Finisher"],"picked":"Singing Bowl","floor":28}],"player_experience":1100328,"relics_obtained":[{"floor":8,"key":"FossilizedHelix"},{"floor":9,"key":"Smiling Mask"},{"floor":24,"key":"Turnip"},{"floor":26,"key":"Gremlin Horn"},{"floor":27,"key":"Singing Bowl"}],"event_choices":[{"damage_healed":0,"gold_gain":0,"player_choice":"Success","damage_taken":5,"relics_obtained":["Art of War"],"max_hp_gain":0,"max_hp_loss":0,"event_name":"Scrap Ooze","floor":3,"gold_loss":0},{"cards_removed":["Strike_G"],"damage_healed":0,"gold_gain":0,"player_choice":"Card Removal","damage_taken":0,"max_hp_gain":0,"max_hp_loss":0,"event_name":"The Cleric","floor":4,"gold_loss":75},{"damage_healed":0,"gold_gain":0,"player_choice":"Ignored","damage_taken":0,"max_hp_gain":0,"max_hp_loss":0,"event_name":"Liars Game","floor":12,"gold_loss":0},{"damage_healed":0,"gold_gain":0,"player_choice":"Ignored","damage_taken":0,"max_hp_gain":0,"max_hp_loss":0,"event_name":"The Mausoleum","floor":19,"gold_loss":0},{"damage_healed":0,"gold_gain":0,"player_choice":"Ignored","damage_taken":0,"max_hp_gain":0,"max_hp_loss":0,"event_name":"Ghosts","floor":22,"gold_loss":0}],"is_beta":true,"boss_relics":[{"not_picked":["Fusion Hammer","Coffee Dripper"],"picked":"Runic Dome"}],"items_purged_floors":[],"is_endless":false,"potions_floor_spawned":[2,8,16,20,21,27],"killed_by":"Sentry and Sphere","ascension_level":20}