{"gold_per_floor":[112,112,126,142,160,160,180,212,212,230,230,248,5,35,35,108,108,126,136,136,61,75,1,1,13,13,13,48,67,67,92,92,170,170,183,183,198,3,53,85,85,85,85,100,100,128,20,37,37,37,37],"floor_reached":52,"playtime":3984,"items_purged":["Writhe","Strike_G"],"score":2099,"play_id":"97c1d43a-da95-42a5-9716-0d2d48c3e3c5","local_time":"20190326060056","is_ascension_mode":true,"campfire_choices":[{"data":"Neutralize","floor":6,"key":"SMITH"},{"data":"Night Terror","floor":11,"key":"SMITH"},{"data":"Cloak And Dagger","floor":15,"key":"SMITH"},{"data":"Panache","floor":24,"key":"SMITH"},{"data":"Cloak And Dagger","floor":27,"key":"SMITH"},{"floor":30,"key":"REST"},{"data":"Wraith Form v2","floor":32,"key":"SMITH"},{"data":"Footwork","floor":42,"key":"SMITH"},{"data":"Noxious Fumes","floor":49,"key":"SMITH"}],"neow_cost":"NONE","seed_source_timestamp":790223955317161,"circlet_count":0,"master_deck":["AscendersBane","Defend_G","Defend_G","Defend_G","Defend_G","Strike_G","Strike_G","Strike_G","Strike_G","Survivor","Neutralize+1","Cloak And Dagger+1","Dash","Blur","Blur","PiercingWail","Infinite Blades","Night Terror+1","Bouncing Flask","Well Laid Plans","Panache+1","Escape Plan","Wraith Form v2+1","Cloak And Dagger+1","Well Laid Plans","Well Laid Plans","Catalyst","Backflip","Footwork+1","Noxious Fumes+1","Dagger Throw+1","Blade Dance+1","Acrobatics","Backflip","PiercingWail"],"relics":["Ring of the Snake","Anchor","Bag of Preparation","Juzu Bracelet","Busted Crown","The Specimen","Pantograph","Dream Catcher","Meat on the Bone","WristBlade","Gambling Chip","Omamori","Bottled Lightning","Ornamental Fan","Ancient Tea Set"],"potions_floor_usage":[8,12,18,22,29,29,33,40,40,51],"damage_taken":[{"damage":1,"enemies":"2 Louse","floor":1,"turns":3},{"damage":0,"enemies":"Cultist","floor":3,"turns":4},{"damage":0,"enemies":"Small Slimes","floor":4,"turns":3},{"damage":6,"enemies":"2 Fungi Beasts","floor":5,"turns":4},{"damage":0,"enemies":"Looter","floor":7,"turns":5},{"damage":33,"enemies":"Gremlin Nob","floor":8,"turns":6},{"damage":1,"enemies":"Red Slaver","floor":10,"turns":4},{"damage":2,"enemies":"Lots of Slimes","floor":12,"turns":5},{"damage":0,"enemies":"Lagavulin","floor":14,"turns":6},{"damage":0,"enemies":"Hexaghost","floor":16,"turns":9},{"damage":16,"enemies":"Spheric Guardian","floor":18,"turns":4},{"damage":0,"enemies":"3 Byrds","floor":19,"turns":3},{"damage":6,"enemies":"Centurion and Healer","floor":22,"turns":5},{"damage":1,"enemies":"Shelled Parasite and Fungi","floor":25,"turns":7},{"damage":0,"enemies":"Gremlin Leader","floor":28,"turns":7},{"damage":11,"enemies":"Snecko","floor":29,"turns":5},{"damage":21,"enemies":"Book of Stabbing","floor":31,"turns":6},{"damage":22,"enemies":"Automaton","floor":33,"turns":6},{"damage":0,"enemies":"3 Darklings","floor":35,"turns":5},{"damage":0,"enemies":"Orb Walker","floor":37,"turns":3},{"damage":12,"enemies":"2 Orb Walkers","floor":39,"turns":6},{"damage":13,"enemies":"Reptomancer","floor":40,"turns":4},{"damage":0,"enemies":"3 Darklings","floor":44,"turns":2},{"damage":44,"enemies":"Nemesis","floor":46,"turns":9},{"damage":9,"enemies":"Transient","floor":48,"turns":6},{"damage":6,"enemies":"Donu and Deca","floor":50,"turns":12},{"damage":31,"enemies":"Time Eater","floor":51,"turns":12}],"seed_played":"6760601354618748670","potions_obtained":[{"floor":3,"key":"Strength Potion"},{"floor":5,"key":"Fire Potion"},{"floor":12,"key":"Dexterity Potion"},{"floor":14,"key":"PowerPotion"},{"floor":18,"key":"SpeedPotion"},{"floor":22,"key":"Energy Potion"},{"floor":28,"key":"GamblersBrew"},{"floor":31,"key":"Swift Potion"},{"floor":37,"key":"GhostInAJar"},{"floor":46,"key":"FearPotion"}],"is_trial":false,"path_per_floor":["M","?","M","M","M","R","M","E","T","M","R","M","$","E","R","B",null,"M","M","?","$","M","$","R","M","T","R","E","M","R","E","R","B",null,"M","?","M","$","?","E","?","R","T","M","T","E","$","M","R","B","B",null],"character_chosen":"THE_SILENT","items_purchased":["Well Laid Plans","Panache","Well Laid Plans","Noxious Fumes","Poison Potion","GhostInAJar","Backflip"],"campfire_rested":1,"item_purchase_floors":[13,13,23,38,38,47,47],"current_hp_per_floor":[58,58,58,58,52,52,52,19,19,18,18,16,16,16,16,16,54,38,38,38,38,32,32,32,31,31,31,31,20,39,18,18,33,58,58,58,58,58,46,45,58,58,58,58,58,26,26,29,29,48,35],"gold":37,"neow_bonus":"RANDOM_COMMON_RELIC","is_prod":false,"is_daily":false,"chose_seed":false,"campfire_upgraded":8,"win_rate":0,"timestamp":1553594456,"path_taken":["M","?","M","M","?","R","M","E","T","M","R","M","$","E","R","BOSS","M","M","?","$","M","$","R","M","T","R","E","M","R","E","R","BOSS","M","?","M","$","?","E","?","R","T","M","?","E","?","M","R","BOSS","BOSS"],"build_version":"2019-01-23","purchased_purges":2,"victory":true,"max_hp_per_floor":[66,66,66,66,66,66,66,66,66,66,66,66,66,66,66,66,66,66,66,66,66,66,66,66,66,66,66,66,66,66,66,66,66,66,66,66,66,66,66,66,66,66,66,66,66,66,66,66,66,66,66],"card_choices":[{"not_picked":["Quick Slash","Flying Knee"],"picked":"Cloak And Dagger","floor":1},{"not_picked":["Outmaneuver","Deadly Poison"],"picked":"Dash","floor":3},{"not_picked":["Concentrate","Prepared"],"picked":"Blur","floor":4},{"not_picked":["Deadly Poison","Outmaneuver"],"picked":"Blur","floor":5},{"not_picked":["Poisoned Stab","Backflip"],"picked":"PiercingWail","floor":7},{"not_picked":["Deflect","Underhanded Strike"],"picked":"Infinite Blades","floor":8},{"not_picked":["Dagger Spray","Calculated Gamble"],"picked":"Night Terror","floor":10},{"not_picked":["Flechettes","Finisher"],"picked":"Bouncing Flask","floor":12},{"not_picked":["Finisher","Sucker Punch"],"picked":"Escape Plan","floor":14},{"not_picked":["Unload","Storm of Steel"],"picked":"Wraith Form v2","floor":16},{"not_picked":[],"picked":"Cloak And Dagger","floor":18},{"not_picked":["Heel Hook"],"picked":"SKIP","floor":19},{"not_picked":["Blade Dance"],"picked":"SKIP","floor":22},{"not_picked":[],"picked":"Well Laid Plans","floor":25},{"not_picked":["Underhanded Strike"],"picked":"SKIP","floor":28},{"not_picked":[],"picked":"Catalyst","floor":29},{"not_picked":["Bane"],"picked":"SKIP","floor":31},{"not_picked":[],"picked":"Backflip","floor":35},{"not_picked":[],"picked":"Footwork","floor":37},{"not_picked":[],"picked":"Dagger Throw+1","floor":40},{"not_picked":[],"picked":"Blade Dance+1","floor":44},{"not_picked":[],"picked":"Acrobatics","floor":46},{"not_picked":[],"picked":"PiercingWail","floor":48}],"player_experience":1420069,"relics_obtained":[{"floor":8,"key":"Bag of Preparation"},{"floor":14,"key":"Juzu Bracelet"},{"floor":26,"key":"Pantograph"},{"floor":28,"key":"Dream Catcher"},{"floor":31,"key":"Meat on the Bone"},{"floor":39,"key":"Gambling Chip"},{"floor":40,"key":"Omamori"},{"floor":43,"key":"Bottled Lightning"},{"floor":45,"key":"Ornamental Fan"},{"floor":46,"key":"Ancient Tea Set"}],"event_choices":[{"cards_removed":["Defend_G"],"damage_healed":0,"gold_gain":0,"player_choice":"Purged","damage_taken":0,"max_hp_gain":0,"max_hp_loss":0,"event_name":"Purifier","floor":2,"gold_loss":0},{"damage_healed":0,"gold_gain":0,"player_choice":"Opened","damage_taken":0,"relics_obtained":["The Specimen"],"max_hp_gain":0,"max_hp_loss":0,"event_name":"The Mausoleum","floor":20,"gold_loss":0,"cards_obtained":["Writhe"]},{"damage_healed":0,"gold_gain":0,"player_choice":"Memory 1","damage_taken":0,"max_hp_gain":0,"max_hp_loss":0,"event_name":"SensoryStone","floor":36,"gold_loss":0},{"damage_healed":0,"gold_gain":0,"player_choice":"Fight","damage_taken":0,"max_hp_gain":0,"max_hp_loss":0,"event_name":"Mysterious Sphere","floor":39,"gold_loss":0},{"damage_healed":13,"gold_gain":0,"player_choice":"Writhe","damage_taken":0,"max_hp_gain":0,"max_hp_loss":0,"event_name":"Winding Halls","floor":41,"gold_loss":0,"cards_obtained":["Writhe"]}],"is_beta":false,"boss_relics":[{"not_picked":["Pandora\u0027s Box","Orrery"],"picked":"Busted Crown"},{"not_picked":["Tiny House","Velvet Choker"],"picked":"WristBlade"}],"items_purged_floors":[21,38],"is_endless":false,"potions_floor_spawned":[3,5,7,12,14,18,22,25,28,31,37,39,46],"ascension_level":20}