{"gold_per_floor":[119,139,158,158,176,176,208,208,208],"floor_reached":9,"playtime":505,"items_purged":[],"score":126,"play_id":"de294ab4-33bf-4524-8015-18a2c928ba2b","local_time":"20190317145842","is_ascension_mode":true,"campfire_choices":[{"data":"Bash","floor":6,"key":"SMITH"}],"neow_cost":"NONE","seed_source_timestamp":48266833530375,"circlet_count":0,"master_deck":["AscendersBane","Strike_R","Strike_R","Strike_R","Strike_R","Strike_R","Defend_R","Defend_R","Defend_R","Defend_R","Bash+1","Pommel Strike","Headbutt","Pommel Strike","Heavy Blade","Reaper","Dual Wield","Limit Break"],"relics":["Burning Blood","Gremlin Horn","GremlinMask","Dodecahedron"],"potions_floor_usage":[],"damage_taken":[{"damage":7,"enemies":"2 Louse","floor":1,"turns":3},{"damage":2,"enemies":"Cultist","floor":2,"turns":4},{"damage":12,"enemies":"Jaw Worm","floor":3,"turns":3},{"damage":14,"enemies":"3 Louse","floor":5,"turns":3},{"damage":65,"enemies":"3 Sentries","floor":7,"turns":11}],"seed_played":"-1334501575963179873","potions_obtained":[{"floor":1,"key":"Ancient Potion"},{"floor":2,"key":"Weak Potion"}],"is_trial":false,"path_per_floor":["M","M","M","?","M","R","E","?","T"],"character_chosen":"IRONCLAD","items_purchased":[],"campfire_rested":0,"item_purchase_floors":[],"current_hp_per_floor":[67,71,65,65,61,61,14,14,14],"gold":208,"neow_bonus":"THREE_CARDS","is_prod":false,"is_daily":false,"chose_seed":false,"campfire_upgraded":1,"win_rate":0,"timestamp":1552849122,"path_taken":["M","M","M","?","?","R","E","?","T"],"build_version":"2019-01-23","purchased_purges":0,"victory":false,"max_hp_per_floor":[75,75,75,75,75,75,75,75,75],"card_choices":[{"not_picked":["Rampage","Clash"],"picked":"Pommel Strike","floor":0},{"not_picked":["Entrench","Searing Blow"],"picked":"Headbutt","floor":1},{"not_picked":["Sword Boomerang","Ghostly Armor"],"picked":"Pommel Strike","floor":2},{"not_picked":["Clash","Sword Boomerang"],"picked":"Heavy Blade","floor":3},{"not_picked":["Seeing Red","Headbutt"],"picked":"Dual Wield","floor":5},{"not_picked":["Evolve","Feed"],"picked":"Limit Break","floor":7}],"player_experience":1169512,"relics_obtained":[{"floor":7,"key":"Gremlin Horn"},{"floor":9,"key":"Dodecahedron"}],"event_choices":[{"damage_healed":0,"gold_gain":0,"player_choice":"1 cards matched","damage_taken":0,"max_hp_gain":0,"max_hp_loss":0,"event_name":"Match and Keep!","floor":4,"gold_loss":0,"cards_obtained":["Reaper"]},{"damage_healed":0,"gold_gain":0,"player_choice":"Trade","damage_taken":0,"relics_obtained":["GremlinMask"],"max_hp_gain":0,"max_hp_loss":0,"event_name":"FaceTrader","floor":8,"gold_loss":0}],"is_beta":false,"boss_relics":[],"items_purged_floors":[],"is_endless":false,"potions_floor_spawned":[1,2,7],"ascension_level":20}