{"gold_per_floor":[109,126,126,126,0,35,35,51,51,11,37,37,81,102,102,201,201,224,424,444,459,307,307,320,20,20,38,72,72,115,129,129,222,222,222,222,222,237,237,237,257,257,329,368,368,393,432,455,455,455,455,455,23,59,59],"floor_reached":56,"playtime":2923,"items_purged":["Strike_G","Strike_G"],"score":2120,"play_id":"edcdfc25-b7c7-41f5-8160-860a9fc25816","local_time":"20190326155633","is_ascension_mode":true,"campfire_choices":[{"data":"Skewer","floor":7,"key":"SMITH"},{"data":"Terror","floor":15,"key":"SMITH"},{"data":"Footwork","floor":23,"key":"SMITH"},{"data":"A Thousand Cuts","floor":32,"key":"SMITH"},{"floor":40,"key":"RECALL"},{"data":"Footwork","floor":42,"key":"SMITH"},{"data":"Corpse Explosion","floor":45,"key":"SMITH"},{"data":"Leg Sweep","floor":49,"key":"SMITH"},{"data":"Well Laid Plans","floor":52,"key":"SMITH"}],"neow_cost":"NONE","seed_source_timestamp":0,"circlet_count":0,"master_deck":["AscendersBane","Defend_G","Defend_G","Defend_G","Defend_G","Defend_G","Survivor","Skewer+1","Flying Knee","Leg Sweep+1","Footwork+1","Dodge and Roll","Dagger Spray","Infinite Blades+1","Sucker Punch+1","Unload+1","Terror+1","Corpse Explosion+1","PiercingWail","Backflip","Footwork+1","Acrobatics","Adrenaline","Acrobatics","A Thousand Cuts+1","Poisoned Stab+1","Well Laid Plans+1","Backstab+1","Crippling Poison+1","Backflip","Catalyst+1","Blur"],"special_seed":0,"relics":["Ring of the Serpent","Bird Faced Urn","Molten Egg 2","Pen Nib","Golden Idol","Du-Vu Doll","HoveringKite","Lee\u0027s Waffle","Mercury Hourglass","Oddly Smooth Stone","Dead Branch","Singing Bowl","Torii","Medical Kit","Snake Skull","Shuriken"],"potions_floor_usage":[6,18,18,30,55,55],"damage_taken":[{"damage":0.0,"enemies":"2 Louse","floor":1.0,"turns":5.0},{"damage":0.0,"enemies":"Cultist","floor":2.0,"turns":3.0},{"damage":20,"enemies":"3 Sentries","floor":6,"turns":7},{"damage":0,"enemies":"Small Slimes","floor":8,"turns":3},{"damage":32,"enemies":"Gremlin Nob","floor":11,"turns":5},{"damage":8,"enemies":"Lagavulin","floor":13,"turns":5},{"damage":1,"enemies":"Blue Slaver","floor":14,"turns":2},{"damage":0,"enemies":"Slime Boss","floor":16,"turns":4},{"damage":2,"enemies":"Chosen","floor":18,"turns":4},{"damage":1,"enemies":"3 Byrds","floor":20,"turns":2},{"damage":23,"enemies":"Snake Plant","floor":21,"turns":4},{"damage":9,"enemies":"Centurion and Healer","floor":24,"turns":5},{"damage":5,"enemies":"Shelled Parasite and Fungi","floor":27,"turns":4},{"damage":14,"enemies":"Slavers","floor":28,"turns":3},{"damage":0,"enemies":"Gremlin Leader","floor":30,"turns":5},{"damage":2,"enemies":"Cultist and Chosen","floor":31,"turns":2},{"damage":16,"enemies":"Automaton","floor":33,"turns":9},{"damage":3,"enemies":"3 Shapes","floor":35,"turns":3},{"damage":6,"enemies":"Orb Walker","floor":38,"turns":4},{"damage":0,"enemies":"Sphere and 2 Shapes","floor":41,"turns":3},{"damage":19,"enemies":"Reptomancer","floor":44,"turns":6},{"damage":3,"enemies":"4 Shapes","floor":46,"turns":5},{"damage":1,"enemies":"Giant Head","floor":47,"turns":10},{"damage":13,"enemies":"3 Darklings","floor":48,"turns":3},{"damage":56,"enemies":"Time Eater","floor":50,"turns":17},{"damage":14,"enemies":"Shield and Spear","floor":54,"turns":6},{"damage":39,"enemies":"The Heart","floor":55,"turns":11}],"seed_played":"1667585248038801206","potions_obtained":[{"floor":11,"key":"AttackPotion"},{"floor":13,"key":"Poison Potion"},{"floor":21,"key":"Energy Potion"},{"floor":24,"key":"Energy Potion"},{"floor":28,"key":"GhostInAJar"},{"floor":33,"key":"Block Potion"},{"floor":41,"key":"PowerPotion"}],"is_trial":false,"path_per_floor":["M","M","?","?","$","E","R","M","T","$","E","?","E","M","R","B",null,"M","?","M","M","$","R","M","$","T","M","E","?","E","M","R","B",null,"M","?","?","M","?","R","M","R","T","E","R","M","E","M","R","B",null,"R","$","E","B",null],"character_chosen":"THE_SILENT","items_purchased":["Footwork","Explosive Potion","Infinite Blades","Footwork","Lee\u0027s Waffle","Medical Kit","Blur","Snake Skull"],"campfire_rested":0,"item_purchase_floors":[5,5,10,22,25,53,53,53],"current_hp_per_floor":[65,65,70,70,70,50,50,52,52,52,24,24,20,21,21,25,59,61,61,60,39,39,39,34,77,77,74,62,62,70,72,72,67,75,77,73,73,69,69,69,73,73,73,66,66,75,76,70,70,30,65,65,65,67,50],"gold":59,"neow_bonus":"TEN_PERCENT_HP_BONUS","is_prod":false,"is_daily":false,"chose_seed":false,"campfire_upgraded":8,"win_rate":0,"timestamp":1553630193,"path_taken":["M","M","?","?","$","E","R","?","T","?","E","?","E","M","R","BOSS","M","?","?","M","$","R","M","$","T","M","E","?","E","M","R","BOSS","M","?","?","M","?","R","M","R","T","E","R","?","E","M","R","BOSS","R","$","E","BOSS"],"build_version":"2019-03-15","purchased_purges":2,"victory":true,"max_hp_per_floor":[72,72,77,77,77,77,77,77,77,77,77,70,70,70,70,70,70,70,70,70,70,70,70,70,77,77,77,77,77,77,77,77,77,77,77,73,73,73,73,73,73,73,73,73,73,75,77,77,77,77,77,77,77,79,79],"card_choices":[{"not_picked":["Slice","Heel Hook"],"picked":"Skewer","floor":1.0},{"not_picked":["Underhanded Strike","Bane"],"picked":"Flying Knee","floor":2.0},{"not_picked":["All Out Attack","Bane"],"picked":"Dodge and Roll","floor":6},{"not_picked":["Poisoned Stab","Sucker Punch"],"picked":"Dagger Spray","floor":8},{"not_picked":["Leg Sweep","Reflex"],"picked":"Sucker Punch+1","floor":11},{"not_picked":["Bane+1","Concentrate"],"picked":"Unload+1","floor":13},{"not_picked":["Concentrate","Skewer+1"],"picked":"Terror","floor":14},{"not_picked":["Envenom","Storm of Steel"],"picked":"Corpse Explosion","floor":16},{"not_picked":["Prepared","Dodge and Roll","Endless Agony+1"],"picked":"SKIP","floor":18},{"not_picked":["Caltrops+1","Sucker Punch+1"],"picked":"PiercingWail","floor":20},{"not_picked":["Blade Dance","Dagger Throw+1"],"picked":"Backflip","floor":21},{"not_picked":["Skewer+1","Prepared"],"picked":"Acrobatics","floor":24},{"not_picked":["Acrobatics+1","Dodge and Roll+1"],"picked":"Adrenaline","floor":27},{"not_picked":["Distraction","Blade Dance"],"picked":"Acrobatics","floor":28},{"not_picked":["Cloak And Dagger+1","Accuracy"],"picked":"Well Laid Plans","floor":30},{"not_picked":["Escape Plan","Leg Sweep"],"picked":"Backstab+1","floor":31},{"not_picked":["Quick Slash+1","Well Laid Plans","Dagger Spray+1"],"picked":"SKIP","floor":35},{"not_picked":["Flying Knee+1","Endless Agony+1"],"picked":"Crippling Poison+1","floor":38},{"not_picked":["Poisoned Stab+1","Tools of the Trade","Dagger Spray+1"],"picked":"SKIP","floor":41},{"not_picked":["Quick Slash+1","Caltrops"],"picked":"Backflip","floor":44},{"not_picked":["Blade Dance","Deadly Poison","Crippling Poison"],"picked":"Singing Bowl","floor":46},{"not_picked":["Backflip","Die Die Die+1","Flying Knee+1"],"picked":"Singing Bowl","floor":47},{"not_picked":["Tactician","Poisoned Stab+1"],"picked":"Catalyst+1","floor":48},{"not_picked":["Cloak And Dagger","Skewer+1","Deflect+1"],"picked":"Singing Bowl","floor":54}],"player_experience":2294189,"relics_obtained":[{"floor":6,"key":"Bird Faced Urn"},{"floor":9,"key":"Molten Egg 2"},{"floor":11,"key":"Pen Nib"},{"floor":13,"key":"Du-Vu Doll"},{"floor":26,"key":"Mercury Hourglass"},{"floor":28,"key":"Oddly Smooth Stone"},{"floor":30,"key":"Dead Branch"},{"floor":44,"key":"Singing Bowl"},{"floor":47,"key":"Torii"},{"floor":54,"key":"Shuriken"}],"event_choices":[{"damage_healed":0.0,"max_hp_gain":5.0,"max_hp_loss":0.0,"gold_gain":0.0,"event_name":"Big Fish","player_choice":"Donut","floor":3.0,"gold_loss":0.0,"damage_taken":0.0},{"damage_healed":0.0,"max_hp_gain":0.0,"max_hp_loss":0.0,"gold_gain":0.0,"cards_transformed":["Strike_G"],"event_name":"Transmorgrifier","player_choice":"Transformed","floor":4.0,"gold_loss":0.0,"damage_taken":0.0,"cards_obtained":["Leg Sweep"]},{"damage_healed":0,"gold_gain":0,"player_choice":"Lose Max HP","damage_taken":0,"relics_obtained":["Golden Idol"],"max_hp_gain":0,"max_hp_loss":7,"event_name":"Golden Idol","floor":12,"gold_loss":0},{"damage_healed":0,"gold_gain":250,"player_choice":"Bet on Owner","damage_taken":0,"max_hp_gain":0,"max_hp_loss":0,"event_name":"The Joust","floor":19,"gold_loss":50},{"damage_healed":0,"gold_gain":0,"cards_transformed":["Strike_G","Strike_G"],"player_choice":"Became Test Subject","damage_taken":0,"max_hp_gain":0,"max_hp_loss":0,"event_name":"Drug Dealer","floor":29,"gold_loss":0,"cards_obtained":["A Thousand Cuts","Poisoned Stab"]},{"damage_healed":0,"gold_gain":0,"player_choice":"Max HP","damage_taken":0,"max_hp_gain":0,"max_hp_loss":4,"event_name":"Winding Halls","floor":36,"gold_loss":0},{"cards_removed":["Neutralize"],"damage_healed":0,"gold_gain":0,"player_choice":"Removed Attack","damage_taken":0,"max_hp_gain":0,"max_hp_loss":0,"event_name":"Falling","floor":37,"gold_loss":0},{"damage_healed":0,"gold_gain":0,"player_choice":"Upgraded","damage_taken":0,"max_hp_gain":0,"max_hp_loss":0,"event_name":"Upgrade Shrine","floor":39,"gold_loss":0,"cards_upgraded":["Infinite Blades"]}],"is_beta":true,"boss_relics":[{"not_picked":["Pandora\u0027s Box","Fusion Hammer"],"picked":"HoveringKite"},{"not_picked":["Tiny House","Busted Crown"],"picked":"Ring of the Serpent"}],"items_purged_floors":[22,25],"is_endless":false,"potions_floor_spawned":[11,13,14,21,24,28,33,41,47,48],"ascension_level":15}