{"gold_per_floor":[110,110,110,128,138,138,149,480,480,510,510,535,535,573,573,662,662,682,682,807,1082,49,49,89,89,112,112,128,128,172,197,197,293,293,314,48,0,24,24,62,62,100,125,169,169,212,212,212,212,212,212,212,212,40,74,74],"floor_reached":57,"playtime":4404,"items_purged":["Regret","Barricade+1"],"score":3131,"play_id":"b70a719a-ae16-4bd5-807b-1ccde4317f95","local_time":"20190503170851","is_ascension_mode":true,"campfire_choices":[{"data":"Inflame","floor":6.0,"key":"SMITH"},{"floor":11.0,"key":"REST"},{"data":"Bludgeon","floor":15.0,"key":"SMITH"},{"floor":23.0,"key":"REST"},{"data":"Uppercut","floor":25.0,"key":"SMITH"},{"data":"Fiend Fire","floor":27.0,"key":"SMITH"},{"floor":29.0,"key":"REST"},{"data":"Heavy Blade","floor":32.0,"key":"SMITH"},{"floor":41.0,"key":"RECALL"},{"data":"Flame Barrier","floor":45.0,"key":"SMITH"},{"data":"Dual Wield","floor":49.0,"key":"SMITH"},{"floor":53.0,"key":"REST"}],"neow_cost":"PERCENT_DAMAGE","seed_source_timestamp":1648998770814251,"circlet_count":0,"master_deck":["AscendersBane","Bash+1","Inflame+1","Heavy Blade+1","Shrug It Off","Bludgeon+1","Shrug It Off","Barricade+1","Bloodletting","Flame Barrier+1","Dual Wield+1","Second Wind","Uppercut+1","Fiend Fire+1","Headbutt+1","Battle Trance+1","Metallicize+1","True Grit+1","Spot Weakness+1","Flame Barrier+1","Evolve+1","Offering+1","Demon Form+1","Shockwave+1","Clothesline+1","Limit Break+1","Shrug It Off+1","Feel No Pain+1","Corruption+1"],"special_seed":0,"relics":["Burning Blood","Ice Cream","Old Coin","Mummified Hand","Frozen Egg 2","Golden Idol","WingedGreaves","Pandora\u0027s Box","FossilizedHelix","Molten Egg 2","Toxic Egg 2","Medical Kit","Red Skull","Ornamental Fan","Boot","Bronze Scales","Snecko Eye","Bag of Marbles","Red Mask","Gambling Chip","Dream Catcher","Oddly Smooth Stone","Gremlin Horn","Whetstone","Happy Flower"],"potions_floor_usage":[56],"damage_taken":[{"damage":1.0,"enemies":"Small Slimes","floor":1.0,"turns":4.0},{"damage":2.0,"enemies":"Jaw Worm","floor":4.0,"turns":4.0},{"damage":9.0,"enemies":"2 Louse","floor":5.0,"turns":4.0},{"damage":17.0,"enemies":"2 Fungi Beasts","floor":7.0,"turns":5.0},{"damage":42.0,"enemies":"3 Sentries","floor":8.0,"turns":9.0},{"damage":3.0,"enemies":"Gremlin Nob","floor":10.0,"turns":3.0},{"damage":0.0,"enemies":"Lagavulin","floor":12.0,"turns":4.0},{"damage":0.0,"enemies":"Gremlin Nob","floor":14.0,"turns":2.0},{"damage":43.0,"enemies":"Hexaghost","floor":16.0,"turns":9.0},{"damage":24.0,"enemies":"Shell Parasite","floor":18.0,"turns":2.0},{"damage":11.0,"enemies":"Colosseum Slavers","floor":20.0,"turns":4.0},{"damage":32.0,"enemies":"Colosseum Nobs","floor":20.0,"turns":5.0},{"damage":15.0,"enemies":"Book of Stabbing","floor":24.0,"turns":6.0},{"damage":0.0,"enemies":"Spheric Guardian","floor":28.0,"turns":3.0},{"damage":11.0,"enemies":"Gremlin Leader","floor":30.0,"turns":6.0},{"damage":0.0,"enemies":"3 Cultists","floor":31.0,"turns":4.0},{"damage":41.0,"enemies":"Collector","floor":33.0,"turns":6.0},{"damage":0.0,"enemies":"Orb Walker","floor":35.0,"turns":3.0},{"damage":0.0,"enemies":"3 Darklings","floor":38.0,"turns":3.0},{"damage":0.0,"enemies":"Reptomancer","floor":40.0,"turns":2.0},{"damage":6.0,"enemies":"Giant Head","floor":42.0,"turns":4.0},{"damage":6.0,"enemies":"Nemesis","floor":44.0,"turns":3.0},{"damage":0.0,"enemies":"Giant Head","floor":46.0,"turns":5.0},{"damage":8.0,"enemies":"Donu and Deca","floor":50.0,"turns":5.0},{"damage":27.0,"enemies":"Awakened One","floor":51.0,"turns":7.0},{"damage":16.0,"enemies":"Shield and Spear","floor":55.0,"turns":3.0},{"damage":22,"enemies":"The Heart","floor":56,"turns":7}],"seed_played":"8327941997552307084","potions_obtained":[{"floor":8.0,"key":"GamblersBrew"},{"floor":14.0,"key":"Explosive Potion"},{"floor":16.0,"key":"Energy Potion"},{"floor":28.0,"key":"SkillPotion"},{"floor":31.0,"key":"FearPotion"},{"floor":33.0,"key":"SteroidPotion"},{"floor":35.0,"key":"Regen Potion"},{"floor":44.0,"key":"FearPotion"}],"is_trial":false,"path_per_floor":["M","?","T","M","M","R","M","E","T","E","R","E","?","E","R","B",null,"M","?","?","?","$","R","E","R","T","R","M","R","E","M","R","B",null,"M","$","?","M","?","E","R","E","T","E","R","E","?","?","R","B","B",null,"R","$","E","B",null],"character_chosen":"IRONCLAD","items_purchased":["Toxic Egg 2","Battle Trance+1","Medical Kit","Red Skull","Metallicize+1","True Grit+1","Dexterity Potion","Dexterity Potion","Bag of Marbles","Corruption+1","GamblersBrew"],"campfire_rested":4,"item_purchase_floors":[22,22,22,22,22,22,22,22,36,54,54],"current_hp_per_floor":[69,69,69,73,70,70,59,23,23,26,52,58,58,64,64,27,68,50,50,19,19,19,43,34,34,34,34,40,64,59,65,65,30,68,74,74,74,80,80,81,81,81,81,81,81,81,81,81,81,79,58,75,81,81,71,55],"gold":74,"neow_bonus":"TWENTY_PERCENT_HP_BONUS","is_prod":false,"is_daily":false,"chose_seed":false,"campfire_upgraded":7,"win_rate":0,"timestamp":1556928531,"path_taken":["M","?","?","M","M","R","M","E","T","E","R","E","?","E","R","BOSS","M","?","?","?","$","R","E","R","T","R","?","R","E","M","R","BOSS","M","$","?","M","?","E","R","E","T","E","R","E","?","?","R","BOSS","BOSS","R","$","E","BOSS"],"build_version":"2019-04-23","purchased_purges":2,"victory":true,"max_hp_per_floor":[89,89,89,89,89,89,89,89,89,89,89,89,81,81,81,81,81,81,81,81,81,81,81,81,81,81,81,81,81,81,81,81,81,81,81,81,81,81,81,81,81,81,81,81,81,81,81,81,81,81,81,81,81,81,81,81],"card_choices":[{"not_picked":["Twin Strike","Wild Strike"],"picked":"Inflame","floor":1.0},{"not_picked":["Perfected Strike","Clothesline"],"picked":"Heavy Blade","floor":4.0},{"not_picked":["Clash","Headbutt"],"picked":"Shrug It Off","floor":5.0},{"not_picked":["Fire Breathing","Iron Wave","Warcry"],"picked":"SKIP","floor":7.0},{"not_picked":["Evolve","Havoc"],"picked":"Bludgeon","floor":8.0},{"not_picked":["Flex","Seeing Red"],"picked":"Shrug It Off","floor":10.0},{"not_picked":["Heavy Blade","Thunderclap","Clash"],"picked":"SKIP","floor":12.0},{"not_picked":["Thunderclap","Cleave","Flex"],"picked":"SKIP","floor":14.0},{"not_picked":["Feed","Bludgeon"],"picked":"Barricade+1","floor":16.0},{"not_picked":["Intimidate","Wild Strike","Sentinel"],"picked":"SKIP","floor":18.0},{"not_picked":["Perfected Strike","Rampage"],"picked":"Whirlwind","floor":20.0},{"not_picked":["Iron Wave+1","Sword Boomerang+1"],"picked":"Spot Weakness+1","floor":24.0},{"not_picked":["True Grit+1","Sword Boomerang+1"],"picked":"Flame Barrier+1","floor":28.0},{"not_picked":["Body Slam+1","Clothesline+1"],"picked":"Evolve+1","floor":30.0},{"not_picked":["Heavy Blade+1","Hemokinesis+1"],"picked":"Offering+1","floor":31.0},{"not_picked":["Immolate+1","Juggernaut+1"],"picked":"Demon Form+1","floor":33.0},{"not_picked":["Burning Pact+1","Evolve+1"],"picked":"Shockwave+1","floor":35.0},{"not_picked":["Warcry+1","Anger+1"],"picked":"Clothesline+1","floor":38.0},{"not_picked":["Clothesline+1","Blood for Blood+1"],"picked":"Limit Break+1","floor":40.0},{"not_picked":["Rupture+1","Heavy Blade+1"],"picked":"Shrug It Off+1","floor":42.0},{"not_picked":["Wild Strike+1","Evolve+1","Armaments+1"],"picked":"SKIP","floor":44.0},{"not_picked":["Clothesline+1","Immolate+1","Armaments+1"],"picked":"SKIP","floor":46.0},{"not_picked":["Inflame+1","Dual Wield+1"],"picked":"Feel No Pain+1","floor":53.0},{"not_picked":["Sword Boomerang+1","Fire Breathing+1","Intimidate+1"],"picked":"SKIP","floor":55.0}],"player_experience":1498867,"relics_obtained":[{"floor":3.0,"key":"Ice Cream"},{"floor":8.0,"key":"Old Coin"},{"floor":10.0,"key":"Mummified Hand"},{"floor":12.0,"key":"Frozen Egg 2"},{"floor":14.0,"key":"WingedGreaves"},{"floor":20.0,"key":"FossilizedHelix"},{"floor":20.0,"key":"Molten Egg 2"},{"floor":24.0,"key":"Ornamental Fan"},{"floor":26.0,"key":"Boot"},{"floor":30.0,"key":"Bronze Scales"},{"floor":40.0,"key":"Gambling Chip"},{"floor":42.0,"key":"Dream Catcher"},{"floor":43.0,"key":"Oddly Smooth Stone"},{"floor":44.0,"key":"Gremlin Horn"},{"floor":46.0,"key":"Whetstone"},{"floor":55.0,"key":"Happy Flower"}],"event_choices":[{"damage_healed":0.0,"max_hp_gain":0.0,"max_hp_loss":0.0,"gold_gain":0.0,"event_name":"Living Wall","player_choice":"Grow","floor":2.0,"gold_loss":0.0,"damage_taken":0.0,"cards_upgraded":["Bash"]},{"damage_healed":0.0,"max_hp_gain":0.0,"max_hp_loss":8.0,"gold_gain":0.0,"event_name":"Golden Idol","player_choice":"Lose Max HP","floor":13.0,"gold_loss":0.0,"damage_taken":0.0,"relics_obtained":["Golden Idol"]},{"damage_healed":0.0,"max_hp_gain":0.0,"max_hp_loss":0.0,"gold_gain":0.0,"event_name":"Vampires","player_choice":"Ignored","floor":19.0,"gold_loss":0.0,"damage_taken":0.0},{"damage_healed":0.0,"max_hp_gain":0.0,"max_hp_loss":0.0,"gold_gain":0.0,"event_name":"Colosseum","player_choice":"Fight","floor":20.0,"gold_loss":0.0,"damage_taken":0.0},{"damage_healed":0.0,"max_hp_gain":0.0,"max_hp_loss":0.0,"gold_gain":0.0,"event_name":"Colosseum","player_choice":"Fought Nobs","floor":20.0,"gold_loss":0.0,"damage_taken":0.0},{"damage_healed":0.0,"max_hp_gain":0.0,"max_hp_loss":0.0,"gold_gain":275.0,"event_name":"Golden Shrine","player_choice":"Desecrate","floor":21.0,"gold_loss":0.0,"damage_taken":0.0,"cards_obtained":["Regret"]},{"damage_healed":0.0,"max_hp_gain":0.0,"max_hp_loss":0.0,"gold_gain":0.0,"event_name":"Tomb of Lord Red Mask","player_choice":"Paid","floor":37.0,"gold_loss":48.0,"damage_taken":0.0,"relics_obtained":["Red Mask"]},{"damage_healed":0.0,"max_hp_gain":0.0,"max_hp_loss":0.0,"gold_gain":0.0,"event_name":"SensoryStone","player_choice":"Memory 1","floor":39.0,"gold_loss":0.0,"damage_taken":0.0},{"cards_removed":["Whirlwind"],"damage_healed":0.0,"max_hp_gain":0.0,"max_hp_loss":0.0,"gold_gain":0.0,"event_name":"Falling","player_choice":"Removed Attack","floor":47.0,"gold_loss":0.0,"damage_taken":0.0},{"cards_removed":["Clash"],"damage_healed":5.0,"max_hp_gain":0.0,"max_hp_loss":0.0,"gold_gain":0.0,"event_name":"Bonfire Elementals","player_choice":"Offered Common","floor":48.0,"gold_loss":0.0,"damage_taken":0.0},{"cards_removed":["Clash"],"damage_healed":5.0,"max_hp_gain":0.0,"max_hp_loss":0.0,"gold_gain":0.0,"event_name":"Bonfire Elementals","player_choice":"Offered Special","floor":48.0,"gold_loss":0.0,"damage_taken":0.0}],"is_beta":true,"boss_relics":[{"not_picked":["Tiny House","Lizard Tail"],"picked":"Pandora\u0027s Box"},{"not_picked":["Orrery","Philosopher\u0027s Stone"],"picked":"Snecko Eye"}],"items_purged_floors":[22,36],"is_endless":false,"potions_floor_spawned":[8,14,16,28,31,33,35,42,44],"ascension_level":20}