{"gold_per_floor":[118,131,143,143,157,157,189,189,189,217,74,85,33,68,68,144,144,154,174,188,141,159,159,186,201,228,228,241,241,241,266,266,340,340,360,1359,711,143,155,214,214,244,244,244,244,244,244,257,257,257,257,257,34,67,67],"floor_reached":56,"playtime":2760,"items_purged":["Pain","Normality","Normality","Strike_R"],"score":2204,"play_id":"e4a4d925-42a8-4df6-9ca8-05b85c6ee32f","local_time":"20190419004253","is_ascension_mode":true,"campfire_choices":[{"data":"Bash","floor":6.0,"key":"SMITH"},{"data":"Rage","floor":8.0,"key":"SMITH"},{"data":"Strike_R","floor":15.0,"key":"PURGE"},{"data":"Fiend Fire","floor":23,"key":"SMITH"},{"data":"Writhe","floor":30,"key":"PURGE"},{"data":"Strike_R","floor":32,"key":"PURGE"},{"floor":41,"key":"RECALL"},{"data":"Strike_R","floor":46,"key":"PURGE"},{"data":"Strike_R","floor":49,"key":"PURGE"},{"data":"Feel No Pain","floor":52,"key":"SMITH"}],"neow_cost":"NONE","seed_source_timestamp":724936474052538,"circlet_count":0,"master_deck":["AscendersBane","Defend_R","Defend_R","Defend_R+1","Defend_R","Bash+1","Clothesline","Battle Trance","Rage+1","Thunderclap","Juggernaut","Metallicize","Shrug It Off+1","Fiend Fire+1","Shrug It Off","Anger","Dropkick+1","Shrug It Off+1","Ghostly+1","Ghostly+1","Ghostly+1","Feel No Pain+1","Demon Form","True Grit+1","Warcry+1","Bandage Up+1","Power Through+1"],"special_seed":0,"relics":["Burning Blood","WarpedTongs","Pantograph","WingedGreaves","Pocketwatch","Peace Pipe","Runic Pyramid","Bag of Marbles","Oddly Smooth Stone","Toxic Egg 2","Unceasing Top","Busted Crown","Lee\u0027s Waffle","War Paint","Pen Nib","Strange Spoon","Pear","Tiny Chest","Regal Pillow","Mercury Hourglass","Dead Branch"],"potions_floor_usage":[24,33,55,55],"damage_taken":[{"damage":6.0,"enemies":"Cultist","floor":1.0,"turns":4.0},{"damage":3.0,"enemies":"Small Slimes","floor":2.0,"turns":6.0},{"damage":6.0,"enemies":"Jaw Worm","floor":3.0,"turns":6.0},{"damage":15.0,"enemies":"Blue Slaver","floor":5.0,"turns":5.0},{"damage":25.0,"enemies":"Gremlin Nob","floor":7.0,"turns":4.0},{"damage":20.0,"enemies":"3 Sentries","floor":10.0,"turns":7.0},{"damage":8.0,"enemies":"Large Slime","floor":12.0,"turns":5.0},{"damage":0.0,"enemies":"Lagavulin","floor":14.0,"turns":7.0},{"damage":23.0,"enemies":"Hexaghost","floor":16.0,"turns":10.0},{"damage":6.0,"enemies":"2 Thieves","floor":18.0,"turns":4.0},{"damage":0.0,"enemies":"Chosen","floor":19.0,"turns":3.0},{"damage":11.0,"enemies":"Snake Plant","floor":20.0,"turns":3.0},{"damage":16,"enemies":"Shelled Parasite and Fungi","floor":22,"turns":6},{"damage":34,"enemies":"Slavers","floor":24,"turns":6},{"damage":4,"enemies":"Centurion and Healer","floor":25,"turns":6},{"damage":3,"enemies":"Cultist and Chosen","floor":28,"turns":6},{"damage":2,"enemies":"Gremlin Leader","floor":31,"turns":4},{"damage":0,"enemies":"Collector","floor":33,"turns":10},{"damage":26,"enemies":"3 Darklings","floor":35,"turns":7},{"damage":7,"enemies":"Orb Walker","floor":39,"turns":2},{"damage":8,"enemies":"Giant Head","floor":40,"turns":7},{"damage":0,"enemies":"Nemesis","floor":42,"turns":5},{"damage":13,"enemies":"Transient","floor":48,"turns":5},{"damage":27,"enemies":"Donu and Deca","floor":50,"turns":9},{"damage":0,"enemies":"Shield and Spear","floor":54,"turns":8},{"damage":30,"enemies":"The Heart","floor":55,"turns":8}],"seed_played":"-7531220832504229151","potions_obtained":[{"floor":7.0,"key":"SkillPotion"},{"floor":10.0,"key":"Fire Potion"},{"floor":24,"key":"SkillPotion"},{"floor":25,"key":"Dexterity Potion"},{"floor":28,"key":"PowerPotion"},{"floor":48,"key":"Block Potion"}],"is_trial":false,"path_per_floor":["M","M","M","?","M","R","E","R","T","E","$","M","$","E","R","B",null,"M","M","M","$","M","R","E","M","T","?","M","?","R","E","R","B",null,"M","?","$","$","M","E","R","E","T","?","?","R","T","M","R","B",null,"R","$","E","B",null],"character_chosen":"IRONCLAD","items_purchased":["Metallicize","Block Potion","Anger","True Grit+1","Lee\u0027s Waffle","War Paint","Pen Nib","Strange Spoon","Pear","Power Through+1"],"campfire_rested":0,"item_purchase_floors":[11,13,21,37,37,37,37,38,38,53],"current_hp_per_floor":[75,78,78,78,69,69,50,50,50,36,36,34,34,40,40,48,74,74,80,75,75,65,65,37,39,39,39,42,41,41,41,41,41,41,21,21,48,58,57,55,55,58,58,58,55,55,55,54,54,34,50,50,50,55,31],"gold":67,"neow_bonus":"TEN_PERCENT_HP_BONUS","is_prod":false,"is_daily":false,"chose_seed":false,"campfire_upgraded":4,"win_rate":0,"timestamp":1555648973,"path_taken":["M","M","?","?","M","R","E","R","T","E","$","?","?","E","R","BOSS","M","?","M","$","M","R","E","M","T","?","M","?","R","E","R","BOSS","M","?","$","$","M","E","R","E","T","?","?","R","?","M","R","BOSS","R","$","E","BOSS"],"build_version":"2019-04-04","purchased_purges":4,"victory":true,"max_hp_per_floor":[82,82,82,82,82,82,82,82,82,82,82,82,82,82,82,82,82,82,82,82,82,82,82,82,82,82,82,82,41,41,41,41,41,41,41,41,48,58,58,58,58,58,58,58,55,55,55,55,55,55,55,55,55,55,55],"card_choices":[{"not_picked":["Warcry","True Grit","Second Wind"],"picked":"SKIP","floor":1.0},{"not_picked":["Dropkick","Perfected Strike"],"picked":"Clothesline","floor":2.0},{"not_picked":["Body Slam","Sword Boomerang"],"picked":"Battle Trance","floor":3.0},{"not_picked":["Fire Breathing","Body Slam"],"picked":"Rage","floor":5.0},{"not_picked":["Fire Breathing","Clash"],"picked":"Thunderclap","floor":7.0},{"not_picked":["Pommel Strike","Shrug It Off"],"picked":"Juggernaut","floor":10.0},{"not_picked":["Sword Boomerang","Havoc","Battle Trance"],"picked":"SKIP","floor":12.0},{"not_picked":["Clash","Entrench"],"picked":"Shrug It Off","floor":14.0},{"not_picked":["Demon Form","Limit Break"],"picked":"Fiend Fire","floor":16.0},{"not_picked":["Havoc+1","Hemokinesis","Wild Strike"],"picked":"SKIP","floor":18.0},{"not_picked":["Perfected Strike","Cleave"],"picked":"Shrug It Off","floor":19.0},{"not_picked":["Perfected Strike","Clothesline","Iron Wave"],"picked":"SKIP","floor":20.0},{"not_picked":["Thunderclap","Fire Breathing+1","Sentinel"],"picked":"SKIP","floor":22},{"not_picked":["Perfected Strike","Bloodletting","Warcry"],"picked":"SKIP","floor":24},{"not_picked":["Havoc","Sword Boomerang"],"picked":"Dropkick+1","floor":25},{"not_picked":["Dual Wield+1","Perfected Strike"],"picked":"Shrug It Off+1","floor":28},{"not_picked":["Shrug It Off+1","Cleave"],"picked":"Feel No Pain","floor":31},{"not_picked":["Brutality","Berserk"],"picked":"Demon Form","floor":33},{"not_picked":["Power Through+1"],"picked":"SKIP","floor":35},{"not_picked":[],"picked":"Warcry+1","floor":39},{"not_picked":["Wild Strike"],"picked":"SKIP","floor":40},{"not_picked":["Pommel Strike"],"picked":"SKIP","floor":42},{"not_picked":[],"picked":"Bandage Up+1","floor":44},{"not_picked":["Iron Wave"],"picked":"SKIP","floor":48},{"not_picked":["Perfected Strike"],"picked":"SKIP","floor":54}],"player_experience":2423545,"relics_obtained":[{"floor":7.0,"key":"Pantograph"},{"floor":9.0,"key":"WingedGreaves"},{"floor":10.0,"key":"Pocketwatch"},{"floor":14.0,"key":"Peace Pipe"},{"floor":24,"key":"Bag of Marbles"},{"floor":26,"key":"Oddly Smooth Stone"},{"floor":31,"key":"Unceasing Top"},{"floor":40,"key":"Tiny Chest"},{"floor":42,"key":"Regal Pillow"},{"floor":47,"key":"Mercury Hourglass"},{"floor":54,"key":"Dead Branch"}],"event_choices":[{"damage_healed":0.0,"max_hp_gain":0.0,"max_hp_loss":0.0,"gold_gain":0.0,"event_name":"Accursed Blacksmith","player_choice":"Rummage","floor":4.0,"gold_loss":0.0,"damage_taken":0.0,"relics_obtained":["WarpedTongs"],"cards_obtained":["Pain"]},{"damage_healed":0,"gold_gain":0,"player_choice":"Opened","damage_taken":0,"relics_obtained":["Toxic Egg 2"],"max_hp_gain":0,"max_hp_loss":0,"event_name":"The Mausoleum","floor":27,"gold_loss":0,"cards_obtained":["Writhe"]},{"damage_healed":0,"gold_gain":0,"player_choice":"Became a Ghost","damage_taken":0,"max_hp_gain":0,"max_hp_loss":41,"event_name":"Ghosts","floor":29,"gold_loss":0,"cards_obtained":["Ghostly","Ghostly","Ghostly"]},{"damage_healed":0,"gold_gain":999,"player_choice":"Gold","damage_taken":0,"max_hp_gain":0,"max_hp_loss":0,"event_name":"MindBloom","floor":36,"gold_loss":0,"cards_obtained":["Normality","Normality"]},{"damage_healed":0,"gold_gain":0,"player_choice":"Memory 1","damage_taken":0,"max_hp_gain":0,"max_hp_loss":0,"event_name":"SensoryStone","floor":44,"gold_loss":0},{"damage_healed":0,"gold_gain":0,"player_choice":"Max HP","damage_taken":0,"max_hp_gain":0,"max_hp_loss":3,"event_name":"Winding Halls","floor":45,"gold_loss":0}],"is_beta":true,"boss_relics":[{"not_picked":["Tiny House","Black Star"],"picked":"Runic Pyramid"},{"not_picked":["Calling Bell","Runic Cube"],"picked":"Busted Crown"}],"items_purged_floors":[11,37,38,53],"is_endless":false,"potions_floor_spawned":[7,10,16,24,25,28,48],"ascension_level":15}