{"gold_per_floor":[219,233,233,29,42,67,67,94,94,94,94,94,119,129,129,200,200,216,216,216,216,216,216,249,249,249,249,59,49,49,69,69,143,143,159,159,171,98,98,125,139,139],"floor_reached":42,"playtime":1429,"items_purged":[],"score":805,"play_id":"9032398b-7ecb-4226-8203-bacc8a935537","local_time":"20190409232107","is_ascension_mode":true,"campfire_choices":[{"floor":7.0,"key":"REST"},{"data":"Zap","floor":10.0,"key":"SMITH"},{"floor":12.0,"key":"REST"},{"data":"Sweeping Beam","floor":15.0,"key":"SMITH"},{"floor":23.0,"key":"REST"},{"data":"Capacitor","floor":25,"key":"SMITH"},{"data":"Sweeping Beam","floor":27,"key":"SMITH"},{"floor":30,"key":"REST"},{"data":"Consume","floor":32,"key":"SMITH"}],"neow_cost":"NONE","seed_source_timestamp":2375847554306368,"circlet_count":0,"master_deck":["AscendersBane","Strike_B+1","Strike_B+1","Strike_B+1","Defend_B+1","Defend_B+1","Defend_B+1","Defend_B+1","Zap+1","Dualcast","Cold Snap","Capacitor+1","Sweeping Beam+1","Undo","Echo Form","Sweeping Beam+1","Recycle","Blizzard","Skim","Seek","Consume+1","Creative AI","Chaos","Creative AI","Loop+1","Self Repair","Capacitor"],"special_seed":0,"relics":["FrozenCore","Bronze Scales","Cables","Unceasing Top","FossilizedHelix","Ancient Tea Set","Lantern","Snecko Eye","Boot"],"potions_floor_usage":[24,31,33],"damage_taken":[{"damage":0.0,"enemies":"2 Louse","floor":1.0,"turns":2.0},{"damage":12.0,"enemies":"Jaw Worm","floor":2.0,"turns":3.0},{"damage":5.0,"enemies":"Small Slimes","floor":5.0,"turns":3.0},{"damage":30.0,"enemies":"3 Sentries","floor":6.0,"turns":8.0},{"damage":20.0,"enemies":"Gremlin Nob","floor":8.0,"turns":4.0},{"damage":11.0,"enemies":"Lagavulin","floor":13.0,"turns":7.0},{"damage":0.0,"enemies":"Looter","floor":14.0,"turns":2.0},{"damage":28.0,"enemies":"Slime Boss","floor":16.0,"turns":10.0},{"damage":0.0,"enemies":"Spheric Guardian","floor":18.0,"turns":7.0},{"damage":21,"enemies":"Gremlin Leader","floor":24,"turns":7},{"damage":0,"enemies":"2 Thieves","floor":29,"turns":4},{"damage":11,"enemies":"3 Cultists","floor":31,"turns":5},{"damage":26,"enemies":"Automaton","floor":33,"turns":12},{"damage":9,"enemies":"3 Darklings","floor":35,"turns":6},{"damage":0,"enemies":"3 Shapes","floor":37,"turns":5},{"damage":48,"enemies":"Nemesis","floor":40,"turns":9},{"damage":0,"enemies":"Jaw Worm Horde","floor":41,"turns":5},{"damage":42,"enemies":"Reptomancer","floor":42,"turns":3}],"seed_played":"-3178029931363217575","potions_obtained":[{"floor":1.0,"key":"Swift Potion"},{"floor":5.0,"key":"FocusPotion"},{"floor":8.0,"key":"Dexterity Potion"},{"floor":16.0,"key":"Poison Potion"},{"floor":24,"key":"LiquidBronze"},{"floor":31,"key":"EssenceOfSteel"},{"floor":41,"key":"SpeedPotion"}],"is_trial":false,"path_per_floor":["M","M","?","$","M","E","R","E","T","R","?","R","E","M","R","B",null,"M","?","?","?","?","R","E","R","T","R","$","M","R","M","R","B",null,"M","?","M","$","?","E","M","E"],"character_chosen":"DEFECT","items_purchased":["Bronze Scales","Cold Snap","Recycle","Blizzard","Skim","Self Repair"],"campfire_rested":4,"item_purchase_floors":[4,4,28,28,28,38],"current_hp_per_floor":[64,52,57,57,52,22,44,24,24,24,24,46,35,35,35,7,59,59,59,59,37,37,61,40,40,40,40,40,40,64,53,53,27,68,59,59,59,59,59,25,32,0],"gold":139,"neow_bonus":"HUNDRED_GOLD","is_prod":false,"is_daily":false,"chose_seed":false,"campfire_upgraded":5,"win_rate":0,"timestamp":1554866467,"path_taken":["M","M","?","$","M","E","R","E","T","R","?","R","E","M","R","BOSS","M","?","?","?","?","R","E","R","T","R","$","M","R","M","R","BOSS","M","?","?","?","?","E","M","E"],"build_version":"2019-04-04","purchased_purges":0,"victory":false,"max_hp_per_floor":[71,71,76,76,76,76,76,76,76,76,76,76,76,76,76,76,76,76,76,76,81,81,81,81,81,81,81,81,81,81,81,81,81,81,81,81,81,81,81,81,81,81],"card_choices":[{"not_picked":["Hello World","Stack","Rebound"],"picked":"SKIP","floor":1.0},{"not_picked":["Go for the Eyes","Skim","Capacitor"],"picked":"SKIP","floor":2.0},{"not_picked":["Stack","Rebound"],"picked":"Capacitor","floor":5.0},{"not_picked":["Machine Learning","Stack","Reprogram"],"picked":"SKIP","floor":6.0},{"not_picked":["Chill","Compile Driver"],"picked":"Sweeping Beam","floor":8.0},{"not_picked":["Stack","Multi-Cast","Go for the Eyes"],"picked":"SKIP","floor":13.0},{"not_picked":["Storm","Darkness"],"picked":"Undo","floor":14.0},{"not_picked":["Hyperbeam","Thunder Strike"],"picked":"Echo Form","floor":16.0},{"not_picked":["Hologram","Streamline","Turbo"],"picked":"SKIP","floor":18.0},{"not_picked":["Beam Cell","Redo"],"picked":"Sweeping Beam","floor":24},{"not_picked":["Fusion","Sweeping Beam"],"picked":"Seek","floor":29},{"not_picked":["Genetic Algorithm","Double Energy"],"picked":"Consume","floor":31},{"not_picked":["Core Surge","Meteor Strike"],"picked":"Creative AI","floor":33},{"not_picked":["Steam","Blizzard","Lockon"],"picked":"SKIP","floor":35},{"not_picked":["Genetic Algorithm","Defragment"],"picked":"Loop+1","floor":37},{"not_picked":["Rebound","FTL","Sweeping Beam+1"],"picked":"SKIP","floor":40},{"not_picked":["Steam+1","Cold Snap+1"],"picked":"Capacitor","floor":41}],"player_experience":2384113,"relics_obtained":[{"floor":6.0,"key":"Cables"},{"floor":8.0,"key":"Unceasing Top"},{"floor":9.0,"key":"FossilizedHelix"},{"floor":13.0,"key":"Ancient Tea Set"},{"floor":24,"key":"Lantern"},{"floor":40,"key":"Boot"}],"event_choices":[{"damage_healed":0.0,"max_hp_gain":5.0,"max_hp_loss":0.0,"gold_gain":0.0,"event_name":"Big Fish","player_choice":"Donut","floor":3.0,"gold_loss":0.0,"damage_taken":0.0},{"cards_removed":["Strike_B"],"damage_healed":0.0,"max_hp_gain":0.0,"max_hp_loss":0.0,"gold_gain":0.0,"event_name":"Living Wall","player_choice":"Forget","floor":11.0,"gold_loss":0.0,"damage_taken":0.0},{"damage_healed":0.0,"max_hp_gain":0.0,"max_hp_loss":0.0,"gold_gain":0.0,"event_name":"Vampires","player_choice":"Ignored","floor":19.0,"gold_loss":0.0,"damage_taken":0.0},{"damage_healed":0.0,"max_hp_gain":0.0,"max_hp_loss":0.0,"gold_gain":0.0,"event_name":"Back to Basics","player_choice":"Simplicity","floor":20.0,"gold_loss":0.0,"damage_taken":0.0,"cards_upgraded":["Strike_B","Strike_B","Strike_B","Defend_B","Defend_B","Defend_B","Defend_B"]},{"damage_healed":0.0,"max_hp_gain":5.0,"max_hp_loss":0.0,"gold_gain":0.0,"event_name":"Forgotten Altar","player_choice":"Shed Blood","floor":21.0,"gold_loss":0.0,"damage_taken":27.0},{"damage_healed":0.0,"max_hp_gain":0.0,"max_hp_loss":0.0,"gold_gain":0.0,"event_name":"Cursed Tome","player_choice":"Ignored","floor":22.0,"gold_loss":0.0,"damage_taken":0.0},{"damage_healed":0,"gold_gain":0,"player_choice":"3 cards matched","damage_taken":0,"max_hp_gain":0,"max_hp_loss":0,"event_name":"Match and Keep!","floor":36,"gold_loss":0,"cards_obtained":["Zap","Chaos","Creative AI"]},{"cards_removed":["Zap"],"damage_healed":0,"gold_gain":0,"player_choice":"Removed Skill","damage_taken":0,"max_hp_gain":0,"max_hp_loss":0,"event_name":"Falling","floor":39,"gold_loss":0}],"is_beta":true,"boss_relics":[{"not_picked":["Tiny House","Lizard Tail"],"picked":"FrozenCore"},{"not_picked":["Runic Dome","Philosopher\u0027s Stone"],"picked":"Snecko Eye"}],"items_purged_floors":[],"is_endless":false,"potions_floor_spawned":[1,5,8,16,24,31,41],"killed_by":"Reptomancer","ascension_level":15}