{"path_per_floor":["M","$","M","?","M","E","M","M","T","$","?","R","M","M","R","B",null,"M","$","?","$","M","R","E","M","T","R","?","M","M","?","R","B",null,"M","$","M","M","M","M","$","R","T","M","?","R","M","?","R"],"character_chosen":"IRONCLAD","items_purchased":["Blood Vial","Flex","Double Tap","Evolve"],"gold_per_floor":[114,39,58,133,153,188,207,223,247,51,1,1,19,39,39,137,137,147,47,47,47,58,58,91,107,132,132,132,143,162,162,162,260,260,273,11,25,38,49,60,26,26,26,46,46,46,62,0,0,0],"floor_reached":50,"campfire_rested":5,"playtime":1128,"current_hp_per_floor":[69,69,62,51,49,40,33,33,33,33,33,33,35,27,27,8,80,73,73,73,73,68,68,30,11,11,35,35,37,29,55,79,48,80,67,67,69,51,25,30,30,54,54,32,32,56,54,54,78,0],"items_purged":["Defend_R","Defend_R","Defend_R"],"gold":0,"score":468,"play_id":"b9bcbcfe-e6ae-431e-95ee-66d1fd740496","local_time":"20180408233155","is_prod":false,"is_daily":false,"is_ascension_mode":false,"campfire_upgraded":3,"timestamp":1523244715,"path_taken":["M","$","M","?","M","E","M","M","T","?","?","R","M","?","R","BOSS","M","$","?","$","M","R","E","M","T","R","?","M","M","?","R","BOSS","M","$","?","M","M","M","?","R","T","M","?","R","M","?","R","BOSS"],"build_version":"2018-04-05v2","purchased_purges":4,"victory":false,"master_deck":["Strike_R","Strike_R","Strike_R","Strike_R","Strike_R","Bash+1","Perfected Strike+1","Whirlwind+1","Wild Strike","Shockwave+1","Infernal Blade+1","Flex+1","Wild Strike","Pommel Strike","Offering+1","Double Tap+1","Pommel Strike","Wild Strike+1","Evolve","Flex+1"],"max_hp_per_floor":[80,80,80,80,80,80,80,80,80,80,80,80,80,80,80,80,80,80,80,80,80,80,80,80,80,80,80,80,80,80,80,80,80,80,80,80,80,80,80,80,80,80,80,80,80,80,80,80,80,80],"relics":["Orrery","Toxic Egg 2","Prayer Wheel","Blood Vial","Velvet Choker","Pen Nib","Ancient Tea Set","Lizard Tail","Shovel","Red Mask"],"card_choices":[{"not_picked":["Combust","Heavy Blade"],"picked":"Perfected Strike","floor":0},{"not_picked":["Pummel","Dual Wield"],"picked":"Whirlwind","floor":0},{"not_picked":["Dual Wield","Heavy Blade"],"picked":"Wild Strike","floor":0},{"not_picked":["Power Through","Clothesline"],"picked":"Shockwave","floor":6},{"not_picked":["Second Wind","Shockwave"],"picked":"Infernal Blade","floor":8},{"not_picked":["Thunderclap","Feel No Pain"],"picked":"Wild Strike","floor":14},{"not_picked":["Flex","True Grit"],"picked":"Pommel Strike","floor":18},{"not_picked":["Limit Break","Fiend Fire"],"picked":"Offering","floor":33},{"not_picked":["Sentinel","Iron Wave"],"picked":"Pommel Strike","floor":39},{"not_picked":["Warcry","Body Slam"],"picked":"Wild Strike","floor":40},{"not_picked":["Rupture","Clash"],"picked":"Flex","floor":44}],"player_experience":785648,"potions_floor_usage":[6,6,16,16,30,33,39,44,50,50],"damage_taken":[{"damage":11,"enemies":"Jaw Worm","floor":1,"turns":2},{"damage":7,"enemies":"Small Slimes","floor":3,"turns":2},{"damage":2,"enemies":"2 Louse","floor":5,"turns":2},{"damage":9,"enemies":"Lagavulin","floor":6,"turns":6},{"damage":7,"enemies":"Looter","floor":7,"turns":2},{"damage":0,"enemies":"Exordium Wildlife","floor":8,"turns":3},{"damage":0,"enemies":"Lots of Slimes","floor":13,"turns":1},{"damage":10,"enemies":"Looter","floor":14,"turns":2},{"damage":21,"enemies":"Hexaghost","floor":16,"turns":6},{"damage":7,"enemies":"Shell Parasite","floor":18,"turns":2},{"damage":7,"enemies":"Chosen","floor":22,"turns":2},{"damage":40,"enemies":"Slavers","floor":24,"turns":4},{"damage":21,"enemies":"Snake Plant","floor":25,"turns":3},{"damage":0,"enemies":"Slaver and Parasite","floor":29,"turns":1},{"damage":10,"enemies":"Cultist and Chosen","floor":30,"turns":3},{"damage":32,"enemies":"Collector","floor":33,"turns":3},{"damage":13,"enemies":"3 Shapes","floor":35,"turns":4},{"damage":0,"enemies":"Orb Walker","floor":37,"turns":1},{"damage":20,"enemies":"4 Shapes","floor":38,"turns":2},{"damage":28,"enemies":"Maw","floor":39,"turns":4},{"damage":43,"enemies":"Sphere and 2 Shapes","floor":40,"turns":4},{"damage":24,"enemies":"4 Shapes","floor":44,"turns":3},{"damage":4,"enemies":"3 Darklings","floor":47,"turns":2},{"damage":93,"enemies":"Awakened One","floor":50,"turns":5}],"event_choices":[{"event_name":"World of Goop","player_choice":"Gather Gold","floor":4,"damage_taken":0},{"event_name":"The Cleric","player_choice":"Card Removal","floor":11,"damage_taken":0},{"event_name":"Vampires","player_choice":"Ignored","floor":20,"damage_taken":0},{"event_name":"Ghosts","player_choice":"Ignored","floor":28,"damage_taken":0},{"event_name":"The Library","player_choice":"Heal","floor":31,"damage_taken":0},{"event_name":"Mysterious Sphere","player_choice":"Ignore","floor":45,"damage_taken":0},{"event_name":"Tomb of Lord Red Mask","player_choice":"Paid","floor":48,"damage_taken":0}],"boss_relics":[{"not_picked":["Eternal Feather","Astrolabe"],"picked":"Velvet Choker"},{"not_picked":["White Beast Statue","Calling Bell"],"picked":"Lizard Tail"}],"potions_floor_spawned":[1,5,6,14,24,29,33,39,40,44],"seed_played":"-7153161919971555403","killed_by":"Awakened One","ascension_level":0,"is_trial":false}