{"path_per_floor":["M","?","M","$","?","?","E","M","T","M","M","M","R","M","R"],"character_chosen":"IRONCLAD","items_purchased":["Frozen Egg 2"],"gold_per_floor":[110,285,300,58,58,8,43,56,103,116,133,151,151,165,165],"floor_reached":16,"campfire_rested":0,"playtime":768,"current_hp_per_floor":[80,80,80,80,80,80,80,80,80,73,77,86,86,93,93],"items_purged":[],"gold":165,"score":154,"play_id":"078b6a40-8120-4351-8947-9e01459e9cef","is_prod":false,"is_daily":false,"is_ascension_mode":false,"campfire_upgraded":2,"path_taken":["M","?","M","$","?","?","E","M","T","M","?","M","R","M","R","BOSS"],"build_version":"2018-02-12-PROD1","purchased_purges":0,"victory":false,"master_deck":["Strike_R","Strike_R","Strike_R","Strike_R","Strike_R","Defend_R","Defend_R","Defend_R","Defend_R","Bash","Pommel Strike","Limit Break","Regret","Feed+1","Flame Barrier+1","Uppercut","Heavy Blade","Perfected Strike","Disarm"],"max_hp_per_floor":[80,80,80,80,80,80,80,83,83,86,89,92,92,96,96],"relics":["Burning Blood","NeowsBlessing","Frozen Egg 2","Anchor","Paper Frog","Bronze Scales"],"card_choices":[{"not_picked":["Armaments","Havoc"],"picked":"Pommel Strike"},{"not_picked":["Shrug It Off","True Grit"],"picked":"Limit Break"},{"not_picked":["Body Slam","Clash"],"picked":"Feed"},{"not_picked":["Sword Boomerang","Thunderclap"],"picked":"Flame Barrier"},{"not_picked":["Shrug It Off","Clash"],"picked":"Uppercut"},{"not_picked":["Wild Strike","Iron Wave"],"picked":"Heavy Blade"},{"not_picked":["Second Wind","Iron Wave"],"picked":"Perfected Strike"},{"not_picked":["Rupture","Infernal Blade"],"picked":"Disarm"}],"player_experience":245325,"potions_floor_usage":[10,10,12],"damage_taken":[{"damage":0,"enemies":"Cultist","floor":1,"turns":1},{"damage":0,"enemies":"Jaw Worm","floor":3,"turns":1},{"damage":0,"enemies":"Gremlin Nob","floor":7,"turns":1},{"damage":9,"enemies":"Small Slimes","floor":8,"turns":5},{"damage":16,"enemies":"Exordium Thugs","floor":10,"turns":5},{"damage":5,"enemies":"Exordium Wildlife","floor":11,"turns":4},{"damage":0,"enemies":"Looter","floor":12,"turns":3},{"damage":3,"enemies":"Large Slime","floor":14,"turns":4},{"damage":93,"enemies":"Hexaghost","floor":16,"turns":11}],"event_choices":[{"event_name":"Liars Game","player_choice":"agreed","floor":2,"damage_taken":0},{"event_name":"Big Fish","player_choice":"Box","floor":5,"damage_taken":0},{"event_name":"The Cleric","player_choice":"Card Removal","floor":6,"damage_taken":0}],"boss_relics":[],"potions_floor_spawned":[3,8,11,14],"seed_played":"5759694666741674970","killed_by":"Hexaghost","ascension_level":0,"is_trial":false}