{"gold_per_floor":[113,38,38,55,65,65,12,44,44,77,77,94,109,109,109,186,186,201,201,43,43,57,57,71,16,63,90,109,141,141,170,170,247,247,263,263,263,279,279,309,52,83,128,128,159,159,173,101,101,101,101,101,101,14,48,48],"floor_reached":57,"playtime":4094,"items_purged":["Strike_G","Writhe"],"score":3133,"play_id":"1f7d8e06-91dc-4877-be2d-1aecf35e820b","local_time":"20190509164422","is_ascension_mode":true,"campfire_choices":[{"data":"Neutralize","floor":6,"key":"SMITH"},{"data":"Malaise","floor":15,"key":"SMITH"},{"data":"Strike_G","floor":23,"key":"PURGE"},{"data":"Strike_G","floor":30,"key":"PURGE"},{"data":"Strike_G","floor":32,"key":"PURGE"},{"data":"Deadly Poison","floor":44,"key":"PURGE"},{"floor":46,"key":"RECALL"},{"data":"Defend_G","floor":49,"key":"PURGE"},{"data":"Defend_G","floor":53,"key":"PURGE"}],"neow_cost":"NONE","seed_source_timestamp":197222840303204,"circlet_count":0,"master_deck":["AscendersBane","Defend_G","Defend_G","Defend_G","Survivor","Neutralize+1","Deadly Poison+1","Footwork","Caltrops","Malaise+1","Backflip","Grand Finale","Escape Plan","Noxious Fumes","Escape Plan","PiercingWail","PiercingWail","Escape Plan","Corpse Explosion","Crippling Poison","Apotheosis+1","Acrobatics","Night Terror","Acrobatics","Blur","Calculated Gamble","Deflect"],"relics":["Ring of the Snake","Gambling Chip","Peace Pipe","Mango","Ornamental Fan","Runic Pyramid","Sundial","Bag of Marbles","Mummified Hand","Unceasing Top","Dodecahedron","Coffee Dripper","The Courier","Pantograph","Singing Bowl","Bag of Preparation"],"potions_floor_usage":[8,8,8,27,33,35,56,56],"damage_taken":[{"damage":2,"enemies":"2 Louse","floor":1,"turns":3},{"damage":0,"enemies":"Small Slimes","floor":4,"turns":4},{"damage":0,"enemies":"Jaw Worm","floor":5,"turns":5},{"damage":20,"enemies":"Gremlin Nob","floor":8,"turns":4},{"damage":5,"enemies":"Lagavulin","floor":10,"turns":7},{"damage":14,"enemies":"2 Fungi Beasts","floor":12,"turns":5},{"damage":3,"enemies":"Exordium Wildlife","floor":13,"turns":6},{"damage":20,"enemies":"Hexaghost","floor":16,"turns":10},{"damage":0,"enemies":"Chosen","floor":18,"turns":5},{"damage":0,"enemies":"3 Byrds","floor":22,"turns":3},{"damage":13,"enemies":"Cultist and Chosen","floor":24,"turns":6},{"damage":10,"enemies":"Gremlin Leader","floor":27,"turns":6},{"damage":3,"enemies":"Centurion and Healer","floor":28,"turns":4},{"damage":6,"enemies":"Book of Stabbing","floor":29,"turns":6},{"damage":0,"enemies":"Gremlin Leader","floor":31,"turns":5},{"damage":1,"enemies":"Collector","floor":33,"turns":6},{"damage":0,"enemies":"3 Shapes","floor":35,"turns":5},{"damage":0,"enemies":"3 Darklings","floor":38,"turns":3},{"damage":0,"enemies":"Giant Head","floor":40,"turns":7},{"damage":0,"enemies":"Nemesis","floor":42,"turns":7},{"damage":0,"enemies":"Giant Head","floor":45,"turns":8},{"damage":0,"enemies":"4 Shapes","floor":47,"turns":4},{"damage":0,"enemies":"Awakened One","floor":50,"turns":9},{"damage":1,"enemies":"Donu and Deca","floor":51,"turns":8},{"damage":21,"enemies":"Shield and Spear","floor":55,"turns":6},{"damage":28,"enemies":"The Heart","floor":56,"turns":11}],"seed_played":"8176007443782451185","potions_obtained":[{"floor":1,"key":"EntropicBrew"},{"floor":8,"key":"LiquidBronze"},{"floor":12,"key":"Poison Potion"},{"floor":21,"key":"Block Potion"},{"floor":27,"key":"EssenceOfSteel"},{"floor":33,"key":"Poison Potion"},{"floor":38,"key":"Energy Potion"}],"is_trial":false,"path_per_floor":["M","?","?","M","M","R","$","E","T","E","?","M","M","T","R","B",null,"M","T","$","?","M","R","M","$","T","E","M","E","R","E","R","B",null,"M","?","?","M","?","E","$","E","T","R","E","R","M","$","R","B","B",null,"R","$","E","B",null],"character_chosen":"THE_SILENT","items_purchased":["AttackPotion","Noxious Fumes","PiercingWail","Night Terror","Acrobatics","Calculated Gamble","Dexterity Potion","PowerPotion"],"campfire_rested":0,"item_purchase_floors":[7,20,25,41,41,48,54,54],"current_hp_per_floor":[57,57,57,57,57,57,57,37,37,46,51,37,34,34,34,14,67,67,67,67,67,67,67,54,54,54,44,41,35,35,35,35,34,72,72,72,72,72,85,85,85,85,85,85,87,87,89,89,89,89,88,89,89,89,68,61],"gold":48,"neow_bonus":"THREE_CARDS","is_prod":false,"is_daily":false,"chose_seed":false,"campfire_upgraded":2,"win_rate":0,"timestamp":1557445462,"path_taken":["M","?","?","M","M","R","?","E","T","E","?","M","?","?","R","BOSS","M","?","$","?","M","R","?","$","T","E","M","E","R","E","R","BOSS","M","?","?","?","?","E","$","E","T","R","E","R","M","?","R","BOSS","BOSS","R","$","E","BOSS"],"build_version":"2019-05-07","purchased_purges":2,"victory":true,"max_hp_per_floor":[66,66,66,66,66,66,66,66,66,80,85,85,85,85,85,85,85,85,85,85,85,85,85,85,85,85,85,85,85,85,85,85,85,85,85,85,85,85,85,85,85,85,85,85,87,87,89,89,89,89,89,89,89,89,89,89],"card_choices":[{"not_picked":["Infinite Blades","Outmaneuver"],"picked":"Deadly Poison","floor":0},{"not_picked":["PiercingWail","Dagger Throw"],"picked":"Footwork","floor":1},{"not_picked":["Flying Knee","Dodge and Roll"],"picked":"Deadly Poison","floor":4},{"not_picked":["Acrobatics","Deflect"],"picked":"Caltrops","floor":5},{"not_picked":["Acrobatics","Backflip"],"picked":"Malaise","floor":8},{"not_picked":["Blade Dance","All Out Attack","Quick Slash"],"picked":"SKIP","floor":10},{"not_picked":["Slice","Flying Knee","Expertise"],"picked":"SKIP","floor":12},{"not_picked":["Dagger Spray","Slice"],"picked":"Backflip","floor":13},{"not_picked":["A Thousand Cuts","Doppelganger"],"picked":"Grand Finale","floor":16},{"not_picked":["Endless Agony","Dash"],"picked":"Escape Plan","floor":18},{"not_picked":["Underhanded Strike","Setup+1"],"picked":"Escape Plan","floor":22},{"not_picked":["Dagger Spray","Endless Agony","Accuracy"],"picked":"SKIP","floor":24},{"not_picked":["Blade Dance","Slice","Bouncing Flask+1"],"picked":"SKIP","floor":27},{"not_picked":["Backstab","Deadly Poison","Blade Dance"],"picked":"SKIP","floor":28},{"not_picked":["A Thousand Cuts","Heel Hook"],"picked":"PiercingWail","floor":29},{"not_picked":["Bane","Calculated Gamble"],"picked":"Escape Plan","floor":31},{"not_picked":["Malaise","Glass Knife"],"picked":"Corpse Explosion","floor":33},{"not_picked":["Heel Hook","Cloak And Dagger+1"],"picked":"Crippling Poison","floor":35},{"not_picked":["Violence","Dramatic Entrance"],"picked":"Apotheosis","floor":36},{"not_picked":["Well Laid Plans","Underhanded Strike"],"picked":"Acrobatics","floor":38},{"not_picked":["Poisoned Stab","Sucker Punch","Deflect"],"picked":"SKIP","floor":40},{"not_picked":["Blade Dance+1","Backstab"],"picked":"Blur","floor":42},{"not_picked":["Blade Dance","Tools of the Trade","Dash"],"picked":"Singing Bowl","floor":45},{"not_picked":["Outmaneuver+1","Acrobatics+1","Slice"],"picked":"Singing Bowl","floor":47},{"not_picked":["Skewer+1","Choke"],"picked":"Deflect","floor":55}],"player_experience":6318581,"relics_obtained":[{"floor":8,"key":"Gambling Chip"},{"floor":9,"key":"Peace Pipe"},{"floor":10,"key":"Mango"},{"floor":14,"key":"Ornamental Fan"},{"floor":19,"key":"Sundial"},{"floor":26,"key":"Bag of Marbles"},{"floor":27,"key":"Mummified Hand"},{"floor":29,"key":"Unceasing Top"},{"floor":31,"key":"Dodecahedron"},{"floor":40,"key":"The Courier"},{"floor":42,"key":"Pantograph"},{"floor":45,"key":"Singing Bowl"},{"floor":55,"key":"Bag of Preparation"}],"event_choices":[{"cards_removed":["Strike_G"],"damage_healed":0,"gold_gain":0,"player_choice":"Card Removal","damage_taken":0,"max_hp_gain":0,"max_hp_loss":0,"event_name":"The Cleric","floor":2,"gold_loss":75},{"damage_healed":0,"gold_gain":0,"player_choice":"Grow","damage_taken":0,"max_hp_gain":0,"max_hp_loss":0,"event_name":"Living Wall","floor":3,"gold_loss":0,"cards_upgraded":["Deadly Poison"]},{"damage_healed":0,"gold_gain":0,"player_choice":"Donut","damage_taken":0,"max_hp_gain":5,"max_hp_loss":0,"event_name":"Big Fish","floor":11,"gold_loss":0},{"damage_healed":0,"gold_gain":0,"player_choice":"Got Potions","damage_taken":0,"max_hp_gain":0,"max_hp_loss":0,"event_name":"Lab","floor":21,"gold_loss":0},{"damage_healed":0,"gold_gain":0,"player_choice":"Memory 1","damage_taken":0,"max_hp_gain":0,"max_hp_loss":0,"event_name":"SensoryStone","floor":36,"gold_loss":0},{"damage_healed":0,"gold_gain":0,"player_choice":"Upgraded","damage_taken":0,"max_hp_gain":0,"max_hp_loss":0,"event_name":"Upgrade Shrine","floor":37,"gold_loss":0,"cards_upgraded":["Apotheosis"]},{"damage_healed":17,"gold_gain":0,"player_choice":"Writhe","damage_taken":0,"max_hp_gain":0,"max_hp_loss":0,"event_name":"Winding Halls","floor":39,"gold_loss":0,"cards_obtained":["Writhe"]}],"is_beta":true,"boss_relics":[{"not_picked":["White Beast Statue","WristBlade"],"picked":"Runic Pyramid"},{"not_picked":["Lizard Tail","Velvet Choker"],"picked":"Coffee Dripper"}],"items_purged_floors":[20,41],"is_endless":false,"potions_floor_spawned":[1,8,12,16,22,24,27,28,33,38,45],"ascension_level":20}