{"gold_per_floor":[110,110,122,138,138,138,32,67,92,112,112,112,112,143,143,220,220,238,257,276,276],"floor_reached":21,"playtime":594,"items_purged":["Pain"],"score":396,"play_id":"606f3ca4-a032-4931-93b9-a00903ee6df3","local_time":"20180926000558","is_ascension_mode":true,"campfire_choices":[{"data":"Zap","floor":6,"key":"SMITH"},{"data":"Defragment","floor":11,"key":"SMITH"},{"data":"Redo","floor":15,"key":"SMITH"}],"neow_cost":"NONE","seed_source_timestamp":308797171820689,"circlet_count":0,"master_deck":["Strike_B","Strike_B","Strike_B","Strike_B","Defend_B","Defend_B","Defend_B","Defend_B","Zap+1","Dualcast","AscendersBane","Amplify","Sweeping Beam","Glacier","Go for the Eyes","Redo+1","Defragment+1","Conserve Battery","Leap","Echo Form","Stack","Conserve Battery","Ball Lightning"],"relics":["Cracked Core","WarpedTongs","Art of War","Omamori","Letter Opener","Sozu"],"potions_floor_usage":[10],"damage_taken":[{"damage":9,"enemies":"Jaw Worm","floor":1,"turns":4},{"damage":2,"enemies":"Cultist","floor":3,"turns":4},{"damage":3,"enemies":"Small Slimes","floor":4,"turns":4},{"damage":7,"enemies":"Gremlin Nob","floor":8,"turns":4},{"damage":7,"enemies":"3 Louse","floor":10,"turns":3},{"damage":0,"enemies":"Lagavulin","floor":14,"turns":7},{"damage":11,"enemies":"Slime Boss","floor":16,"turns":11},{"damage":8,"enemies":"Spheric Guardian","floor":18,"turns":5},{"damage":11,"enemies":"Shell Parasite","floor":19,"turns":7},{"damage":29,"enemies":"Snake Plant","floor":20,"turns":6},{"damage":17,"enemies":"Centurion and Healer","floor":21,"turns":2}],"seed_played":"-329923933490802107","potions_obtained":[{"floor":2,"key":"Fire Potion"},{"floor":2,"key":"Block Potion"},{"floor":16,"key":"FearPotion"}],"is_trial":false,"path_per_floor":["M","?","M","M","?","R","$","E","T","M","R","?","?","E","R","B",null,"M","M","M"],"character_chosen":"DEFECT","items_purchased":["Redo"],"campfire_rested":0,"item_purchase_floors":[7],"current_hp_per_floor":[55,55,53,50,50,50,50,43,43,36,36,36,53,53,53,42,64,56,45,16,0],"gold":276,"neow_bonus":"ONE_RANDOM_RARE_CARD","is_prod":false,"is_daily":false,"chose_seed":false,"campfire_upgraded":3,"win_rate":0,"timestamp":1537945558,"path_taken":["M","?","M","M","?","R","$","E","T","M","R","?","?","E","R","BOSS","M","M","M","M"],"build_version":"2018-09-24","purchased_purges":1,"victory":false,"max_hp_per_floor":[71,71,71,71,71,71,71,71,71,71,71,71,71,71,71,71,71,71,71,71,71],"card_choices":[{"not_picked":["Consume","Rebound"],"picked":"Sweeping Beam","floor":1},{"not_picked":["Static Discharge","Streamline"],"picked":"Glacier","floor":3},{"not_picked":["Redo","Chill"],"picked":"Go for the Eyes","floor":4},{"not_picked":["Self Repair","Stack"],"picked":"Defragment","floor":8},{"not_picked":["Ball Lightning","Skim"],"picked":"Conserve Battery","floor":10},{"not_picked":["Consume","Sweeping Beam"],"picked":"Leap","floor":14},{"not_picked":["Multi-Cast","Core Surge"],"picked":"Echo Form","floor":16},{"not_picked":["Force Field","Barrage"],"picked":"Stack","floor":18},{"not_picked":["Redo","Compile Driver"],"picked":"Conserve Battery","floor":19},{"not_picked":["Beam Cell","Barrage"],"picked":"Ball Lightning","floor":20}],"player_experience":931856,"relics_obtained":[{"floor":8,"key":"Art of War"},{"floor":9,"key":"Omamori"},{"floor":14,"key":"Letter Opener"}],"event_choices":[{"event_name":"The Lab","player_choice":"Got Potions","floor":2,"damage_taken":0},{"event_name":"Accursed Blacksmith","player_choice":"Rummage","floor":5,"damage_taken":0},{"event_name":"Liars Game","player_choice":"disagreed","floor":12,"damage_taken":0},{"event_name":"Mushrooms","player_choice":"Healed and dodged fight","floor":13,"damage_taken":0}],"is_beta":true,"boss_relics":[{"not_picked":["Tiny House","Runic Pyramid"],"picked":"Sozu"}],"items_purged_floors":[7],"is_endless":false,"potions_floor_spawned":[3,16],"killed_by":"Centurion and Healer","ascension_level":17}