{"gold_per_floor":[114,114,114,8,27,27,71,38,38,38,38,58,78,111,111,111],"floor_reached":16,"playtime":463,"items_purged":["Strike_G"],"score":196,"play_id":"aa2dadf5-4711-4af6-90f0-94fc56a7f0bb","local_time":"20181205151548","is_ascension_mode":true,"campfire_choices":[{"data":"Neutralize","floor":6,"key":"SMITH"},{"floor":11,"key":"REST"},{"data":"Noxious Fumes","floor":15,"key":"SMITH"}],"neow_cost":"NONE","seed_source_timestamp":445818450922206,"circlet_count":0,"master_deck":["AscendersBane","Defend_G","Defend_G","Defend_G","Defend_G","Defend_G","Strike_G","Strike_G","Strike_G","Strike_G","Survivor","Neutralize+1","Dagger Throw","Poisoned Stab","Backflip","Deflect","Noxious Fumes+1","Caltrops"],"relics":["Ring of the Snake","Snake Skull","The Courier","Golden Idol","Sundial","Pantograph","Shuriken","Odd Mushroom"],"potions_floor_usage":[7,14],"damage_taken":[{"damage":2,"enemies":"2 Louse","floor":1,"turns":3},{"damage":11,"enemies":"Small Slimes","floor":5,"turns":5},{"damage":19,"enemies":"Lagavulin","floor":7,"turns":7},{"damage":0,"enemies":"Cultist","floor":12,"turns":3},{"damage":6,"enemies":"2 Fungi Beasts","floor":13,"turns":3},{"damage":18,"enemies":"The Mushroom Lair","floor":14,"turns":4},{"damage":33,"enemies":"The Guardian","floor":16,"turns":10}],"seed_played":"313154075340571845","potions_obtained":[{"floor":1,"key":"Block Potion"},{"floor":7,"key":"Swift Potion"},{"floor":12,"key":"Block Potion"},{"floor":13,"key":"Weak Potion"}],"is_trial":false,"path_per_floor":["M","?","?","$","M","R","E","$","T","?","R","M","M","?","R","B"],"character_chosen":"THE_SILENT","items_purchased":["Poisoned Stab","Noxious Fumes"],"campfire_rested":1,"item_purchase_floors":[4,8],"current_hp_per_floor":[57,39,39,39,28,28,9,9,9,9,27,27,21,3,3,0],"gold":111,"neow_bonus":"RANDOM_COMMON_RELIC","is_prod":false,"is_daily":false,"chose_seed":false,"campfire_upgraded":2,"win_rate":0,"timestamp":1544048148,"path_taken":["M","?","?","$","M","R","E","$","T","?","R","?","M","?","R","BOSS"],"build_version":"2018-12-05","purchased_purges":1,"victory":false,"max_hp_per_floor":[66,66,60,60,60,60,60,60,60,60,60,60,60,60,60,60],"card_choices":[{"not_picked":["Masterful Stab","Terror"],"picked":"Dagger Throw","floor":1},{"not_picked":["PiercingWail","Poisoned Stab"],"picked":"Backflip","floor":5},{"not_picked":["Skewer","Outmaneuver"],"picked":"Deflect","floor":7},{"not_picked":["Reflex","Concentrate","Night Terror"],"picked":"SKIP","floor":12},{"not_picked":["Slice","Riddle With Holes","Prepared"],"picked":"SKIP","floor":13},{"not_picked":["Prepared","Predator"],"picked":"Caltrops","floor":14}],"player_experience":972116,"relics_obtained":[{"floor":7,"key":"Sundial"},{"floor":9,"key":"Pantograph"},{"floor":14,"key":"Odd Mushroom"}],"event_choices":[{"damage_healed":0,"gold_gain":0,"player_choice":"Success","damage_taken":18,"relics_obtained":["The Courier"],"max_hp_gain":0,"max_hp_loss":0,"event_name":"Scrap Ooze","floor":2,"gold_loss":0},{"damage_healed":0,"gold_gain":0,"player_choice":"Lose Max HP","damage_taken":0,"relics_obtained":["Golden Idol"],"max_hp_gain":0,"max_hp_loss":6,"event_name":"Golden Idol","floor":3,"gold_loss":0},{"damage_healed":0,"gold_gain":0,"player_choice":"Gave Potion","damage_taken":0,"relics_obtained":["Shuriken"],"max_hp_gain":0,"max_hp_loss":0,"event_name":"WeMeetAgain","floor":10,"gold_loss":0},{"damage_healed":0,"gold_gain":0,"player_choice":"Fought Mushrooms","damage_taken":0,"max_hp_gain":0,"max_hp_loss":0,"event_name":"Mushrooms","floor":14,"gold_loss":0}],"is_beta":true,"boss_relics":[],"items_purged_floors":[4],"is_endless":false,"potions_floor_spawned":[1,7,12,13],"killed_by":"The Guardian","ascension_level":20}