{"gold_per_floor":[117,117,19,19,19,19,45,45,45,79,91,91,52,68,68,140,140,155,205,218,8,28,28,47,47,93,111,126,126,157,157,157,230,230,248,264,23,76,87,87],"floor_reached":40,"playtime":1175,"items_purged":[],"score":928,"play_id":"bdedc78a-9028-44a8-b633-76a6cbf132af","local_time":"20190216225921","is_ascension_mode":true,"campfire_choices":[{"data":"Uppercut","floor":6.0,"key":"SMITH"},{"data":"Immolate","floor":12.0,"key":"SMITH"},{"data":"Bash","floor":15.0,"key":"SMITH"},{"data":"Spot Weakness","floor":23.0,"key":"SMITH"},{"data":"Shockwave","floor":25.0,"key":"SMITH"},{"data":"Flame Barrier","floor":32.0,"key":"SMITH"}],"neow_cost":"NONE","seed_source_timestamp":130123254629873,"circlet_count":0,"master_deck":["AscendersBane","Strike_R","Strike_R+1","Strike_R","Defend_R","Defend_R","Defend_R","Defend_R","Bash+1","Sword Boomerang","Uppercut+1","Shrug It Off","Immolate+1","Carnage+1","Power Through","Spot Weakness+1","Shockwave+1","Flame Barrier+1","Impervious","Intimidate","PiercingWail","Glacier+1","Dropkick","Conserve Battery","Creative AI","Shrug It Off","Apotheosis","True Grit","Master of Strategy"],"special_seed":0,"relics":["Burning Blood","NeowsBlessing","Bottled Flame","Pantograph","Omamori","Mark of Pain","PrismaticShard","Whetstone","Shovel","Charon\u0027s Ashes","Runic Pyramid","Du-Vu Doll"],"potions_floor_usage":[33,38,38,40],"damage_taken":[{"damage":0.0,"enemies":"Small Slimes","floor":1.0,"turns":1.0},{"damage":0.0,"enemies":"Gremlin Nob","floor":7.0,"turns":1.0},{"damage":0.0,"enemies":"3 Sentries","floor":10.0,"turns":2.0},{"damage":1.0,"enemies":"Jaw Worm","floor":11.0,"turns":2.0},{"damage":8.0,"enemies":"2 Louse","floor":14.0,"turns":2.0},{"damage":31.0,"enemies":"Slime Boss","floor":16.0,"turns":8.0},{"damage":5.0,"enemies":"Shell Parasite","floor":18.0,"turns":4.0},{"damage":14.0,"enemies":"3 Byrds","floor":20.0,"turns":5.0},{"damage":1.0,"enemies":"3 Cultists","floor":22.0,"turns":3.0},{"damage":23.0,"enemies":"Shelled Parasite and Fungi","floor":24.0,"turns":5.0},{"damage":4.0,"enemies":"Centurion and Healer","floor":27.0,"turns":9.0},{"damage":0.0,"enemies":"Snake Plant","floor":28.0,"turns":4.0},{"damage":13.0,"enemies":"Book of Stabbing","floor":30.0,"turns":5.0},{"damage":51,"enemies":"Champ","floor":33,"turns":14},{"damage":0,"enemies":"Orb Walker","floor":35,"turns":3},{"damage":11,"enemies":"3 Shapes","floor":36,"turns":6},{"damage":25,"enemies":"2 Orb Walkers","floor":38,"turns":3},{"damage":19,"enemies":"Spire Growth","floor":39,"turns":7},{"damage":49,"enemies":"Giant Head","floor":40,"turns":7}],"seed_played":"2773874542591874216","potions_obtained":[{"floor":1.0,"key":"Weak Potion"},{"floor":7.0,"key":"Swift Potion"},{"floor":16.0,"key":"PowerPotion"},{"floor":30.0,"key":"Fire Potion"},{"floor":33,"key":"Weak Potion"},{"floor":39,"key":"Poison Potion"}],"is_trial":false,"path_per_floor":["M","?","$","$","?","R","E","?","T","E","M","R","$","M","R","B",null,"M","?","M","$","M","R","M","R","T","M","M","?","E","?","R","B",null,"M","M","$","?","M","E"],"character_chosen":"IRONCLAD","items_purchased":["Uppercut","Shrug It Off","Shockwave","PrismaticShard","Apotheosis","True Grit"],"campfire_rested":0,"item_purchase_floors":[3,3,13,21,37,37],"current_hp_per_floor":[74,74,74,74,79,79,80,80,80,80,80,80,80,78,78,55,74,75,75,67,67,72,72,55,55,55,57,63,63,56,56,56,35,69,75,70,70,51,38,0],"gold":87,"neow_bonus":"THREE_ENEMY_KILL","is_prod":false,"is_daily":false,"chose_seed":false,"campfire_upgraded":6,"win_rate":0,"timestamp":1550383161,"path_taken":["M","?","?","$","?","R","E","?","T","E","M","R","$","?","R","BOSS","M","?","M","$","M","R","M","R","T","M","M","?","E","?","R","BOSS","M","M","$","?","M","E"],"build_version":"2019-02-06","purchased_purges":0,"victory":false,"max_hp_per_floor":[75,75,75,75,80,80,80,80,80,80,80,80,80,80,80,80,80,80,80,80,80,80,80,80,80,80,80,80,80,80,80,80,80,80,80,80,80,80,80,80],"card_choices":[{"not_picked":["Warcry","Pummel"],"picked":"Sword Boomerang","floor":1.0},{"not_picked":["Heavy Blade","Reaper"],"picked":"Immolate","floor":7.0},{"not_picked":["Twin Strike","Body Slam"],"picked":"Power Through","floor":10.0},{"not_picked":["Pummel","Warcry"],"picked":"Spot Weakness","floor":11.0},{"not_picked":["Reckless Charge","Combust"],"picked":"Flame Barrier","floor":14.0},{"not_picked":["Berserk","Immolate"],"picked":"Impervious","floor":16.0},{"not_picked":["Clash","Cleave","Sword Boomerang"],"picked":"SKIP","floor":18.0},{"not_picked":["Rupture","Cleave"],"picked":"Intimidate","floor":20.0},{"not_picked":["Hologram","Cold Snap+1"],"picked":"PiercingWail","floor":22.0},{"not_picked":["Swift Strike","Leap"],"picked":"Glacier+1","floor":24.0},{"not_picked":["Forethought","Dagger Throw","Brutality"],"picked":"SKIP","floor":27.0},{"not_picked":["Combust","Deflect"],"picked":"Dropkick","floor":28.0},{"not_picked":["Deadly Poison","Darkness"],"picked":"Conserve Battery","floor":30.0},{"not_picked":["Magnetism","Multi-Cast"],"picked":"Creative AI","floor":33},{"not_picked":["Anger","Choke","Underhanded Strike"],"picked":"SKIP","floor":35},{"not_picked":["Poisoned Stab","Flex"],"picked":"Shrug It Off","floor":36},{"not_picked":["Deadly Poison","Warcry"],"picked":"Master of Strategy","floor":38},{"not_picked":["Warcry","Tactician+1","Deadly Poison+1"],"picked":"SKIP","floor":39}],"player_experience":1099153,"relics_obtained":[{"floor":7.0,"key":"Bottled Flame"},{"floor":9.0,"key":"Pantograph"},{"floor":10.0,"key":"Omamori"},{"floor":26.0,"key":"Whetstone"},{"floor":30.0,"key":"Shovel"},{"floor":38,"key":"Du-Vu Doll"}],"event_choices":[{"cards_removed":["Strike_R"],"damage_healed":0.0,"max_hp_gain":0.0,"max_hp_loss":0.0,"gold_gain":0.0,"event_name":"Living Wall","player_choice":"Forget","floor":2.0,"gold_loss":0.0,"damage_taken":0.0},{"damage_healed":0.0,"max_hp_gain":5.0,"max_hp_loss":0.0,"gold_gain":0.0,"event_name":"Big Fish","player_choice":"Donut","floor":5.0,"gold_loss":0.0,"damage_taken":0.0},{"damage_healed":0.0,"max_hp_gain":0.0,"max_hp_loss":0.0,"gold_gain":0.0,"cards_transformed":["Strike_R"],"event_name":"Transmorgrifier","player_choice":"Transformed","floor":8.0,"gold_loss":0.0,"damage_taken":0.0,"cards_obtained":["Carnage"]},{"damage_healed":0.0,"max_hp_gain":0.0,"max_hp_loss":0.0,"gold_gain":50.0,"event_name":"Nest","player_choice":"Stole From Cult","floor":19.0,"gold_loss":0.0,"damage_taken":0.0},{"damage_healed":0.0,"max_hp_gain":0.0,"max_hp_loss":0.0,"gold_gain":0.0,"event_name":"Vampires","player_choice":"Ignored","floor":29.0,"gold_loss":0.0,"damage_taken":0.0},{"damage_healed":0.0,"max_hp_gain":0.0,"max_hp_loss":0.0,"gold_gain":0.0,"event_name":"The Mausoleum","player_choice":"Opened","floor":31.0,"gold_loss":0.0,"damage_taken":0.0,"relics_obtained":["Charon\u0027s Ashes"],"cards_obtained":["Writhe"]},{"damage_healed":0,"gold_gain":0,"player_choice":"Fight","damage_taken":0,"max_hp_gain":0,"max_hp_loss":0,"event_name":"Mysterious Sphere","floor":38,"gold_loss":0}],"is_beta":true,"boss_relics":[{"not_picked":["Cursed Key","Coffee Dripper"],"picked":"Mark of Pain"},{"not_picked":["Lizard Tail","Eternal Feather"],"picked":"Runic Pyramid"}],"items_purged_floors":[],"is_endless":false,"potions_floor_spawned":[1,7,16,24,28,30,33,36,39],"killed_by":"Giant Head","ascension_level":20}