{"gold_per_floor":[115,29,44,62,72,72,84,115,115,81,111,111,129,129,129,129],"floor_reached":16,"playtime":492,"items_purged":[],"score":102,"play_id":"568f0bf6-7c35-4e12-8761-11bc13a68ab8","local_time":"20190302223253","is_ascension_mode":false,"campfire_choices":[{"data":"Poisoned Stab","floor":6,"key":"SMITH"},{"data":"Blur","floor":12,"key":"SMITH"},{"floor":15,"key":"REST"}],"neow_cost":"NONE","seed_source_timestamp":105921068169974,"circlet_count":0,"master_deck":["Defend_G","Defend_G","Defend_G","Defend_G","Defend_G","Strike_G","Strike_G","Strike_G","Strike_G","Strike_G","Survivor","Neutralize","Dodge and Roll","Poisoned Stab+1","Dash+1","Deflect","Blur+1","Slice","Backstab","Dodge and Roll","Dagger Throw"],"relics":["Ring of the Snake","NeowsBlessing","Potion Belt","Vajra","Dream Catcher"],"potions_floor_usage":[16,16],"damage_taken":[{"damage":0,"enemies":"Jaw Worm","floor":1,"turns":1},{"damage":0,"enemies":"Cultist","floor":3,"turns":1},{"damage":0,"enemies":"Small Slimes","floor":4,"turns":1},{"damage":11,"enemies":"Exordium Thugs","floor":5,"turns":7},{"damage":2,"enemies":"Blue Slaver","floor":7,"turns":4},{"damage":41,"enemies":"Gremlin Nob","floor":8,"turns":6},{"damage":0,"enemies":"Looter","floor":13,"turns":3},{"damage":39,"enemies":"Slime Boss","floor":16,"turns":9}],"seed_played":"-3153488790233233902","potions_obtained":[{"floor":3,"key":"Strength Potion"},{"floor":8,"key":"Block Potion"},{"floor":13,"key":"Swift Potion"}],"is_trial":false,"path_per_floor":["M","?","M","M","M","R","M","E","T","$","?","R","M","?","R","B"],"character_chosen":"THE_SILENT","items_purchased":["Backstab"],"campfire_rested":1,"item_purchase_floors":[10],"current_hp_per_floor":[70,70,70,70,59,59,57,16,16,16,16,16,16,16,37,0],"gold":129,"neow_bonus":"THREE_ENEMY_KILL","is_prod":false,"is_daily":false,"chose_seed":false,"campfire_upgraded":2,"win_rate":0,"timestamp":1551583973,"path_taken":["M","?","?","M","M","R","M","E","T","$","?","R","M","?","R","BOSS"],"build_version":"2019-01-23","purchased_purges":0,"victory":false,"max_hp_per_floor":[70,70,70,70,70,70,70,70,70,70,70,70,70,70,70,70],"card_choices":[{"not_picked":["Skewer","Prepared"],"picked":"Dodge and Roll","floor":1},{"not_picked":["Escape Plan","Slice"],"picked":"Poisoned Stab","floor":3},{"not_picked":["Concentrate","Setup"],"picked":"Dash","floor":4},{"not_picked":["Bane","Flying Knee"],"picked":"Deflect","floor":5},{"not_picked":["Flying Knee","Outmaneuver"],"picked":"Blur","floor":7},{"not_picked":["Cloak And Dagger","Setup"],"picked":"Slice","floor":8},{"not_picked":["Heel Hook","Acrobatics"],"picked":"Dodge and Roll","floor":13},{"not_picked":["Die Die Die","Deflect"],"picked":"Dagger Throw","floor":15}],"player_experience":621215,"relics_obtained":[{"floor":8,"key":"Vajra"},{"floor":9,"key":"Dream Catcher"}],"event_choices":[{"damage_healed":0,"gold_gain":0,"player_choice":"Paid Gold","damage_taken":0,"relics_obtained":["Potion Belt"],"max_hp_gain":0,"max_hp_loss":0,"event_name":"WeMeetAgain","floor":2,"gold_loss":86},{"damage_healed":0,"gold_gain":30,"player_choice":"Searched \u00272\u0027 times","damage_taken":0,"max_hp_gain":0,"max_hp_loss":0,"event_name":"Dead Adventurer","floor":11,"gold_loss":0},{"damage_healed":0,"gold_gain":0,"player_choice":"Grow","damage_taken":0,"max_hp_gain":0,"max_hp_loss":0,"event_name":"Living Wall","floor":14,"gold_loss":0,"cards_upgraded":["Dash"]}],"is_beta":false,"boss_relics":[],"items_purged_floors":[],"is_endless":false,"potions_floor_spawned":[3,8,13],"killed_by":"Slime Boss","ascension_level":0}