{"gold_per_floor":[116,133,133,25,25,51,69,69,69,34,54,85,85,104,104,178,178,196,196,196,49,62,62,62],"floor_reached":24,"playtime":695,"items_purged":["Strike_R"],"score":458,"play_id":"4e998e4d-65b9-4a96-866d-d34024b10fd6","local_time":"20190405142717","is_ascension_mode":true,"campfire_choices":[{"data":"Fire Breathing","floor":8,"key":"SMITH"},{"data":"Whirlwind","floor":13,"key":"SMITH"},{"data":"Limit Break","floor":15,"key":"SMITH"},{"data":"Demon Form","floor":23,"key":"SMITH"}],"neow_cost":"NONE","seed_source_timestamp":360640281582752,"circlet_count":0,"master_deck":["AscendersBane","Strike_R","Strike_R","Strike_R","Strike_R","Defend_R","Defend_R","Defend_R","Defend_R","Bash","Whirlwind+1","Twin Strike","True Grit","Fire Breathing+1","Demon Form+1","Limit Break+1","Seeing Red","Feed","Inflame","Dual Wield","Shrug It Off","Disarm+1"],"relics":["Burning Blood","NeowsBlessing","Letter Opener","CultistMask","Du-Vu Doll","Orichalcum","Smiling Mask","Sozu"],"potions_floor_usage":[11,11,14],"damage_taken":[{"damage":0,"enemies":"Small Slimes","floor":1,"turns":1},{"damage":0,"enemies":"2 Louse","floor":2,"turns":1},{"damage":0,"enemies":"Lagavulin","floor":6,"turns":1},{"damage":0,"enemies":"Cultist","floor":7,"turns":3},{"damage":7,"enemies":"Blue Slaver","floor":11,"turns":3},{"damage":22,"enemies":"3 Sentries","floor":12,"turns":4},{"damage":14,"enemies":"Large Slime","floor":14,"turns":5},{"damage":31,"enemies":"Hexaghost","floor":16,"turns":7},{"damage":18,"enemies":"Chosen","floor":18,"turns":4},{"damage":21,"enemies":"Spheric Guardian","floor":22,"turns":4},{"damage":38,"enemies":"Gremlin Leader","floor":24,"turns":5}],"seed_played":"-4530581255760746586","potions_obtained":[{"floor":1,"key":"Swift Potion"},{"floor":12,"key":"SkillPotion"}],"is_trial":false,"path_per_floor":["M","M","?","$","?","E","M","R","T","?","M","E","R","M","R","B",null,"M","?","?","$","M","R","E"],"character_chosen":"IRONCLAD","items_purchased":["True Grit","Energy Potion","Dual Wield","Shrug It Off"],"campfire_rested":0,"item_purchase_floors":[4,4,21,21],"current_hp_per_floor":[74,75,70,70,70,75,75,75,75,75,74,58,58,50,50,25,63,51,51,44,44,29,29,0],"gold":62,"neow_bonus":"THREE_ENEMY_KILL","is_prod":false,"is_daily":false,"chose_seed":false,"campfire_upgraded":4,"win_rate":0,"timestamp":1554488837,"path_taken":["M","M","?","$","?","E","?","R","T","?","M","E","R","M","R","BOSS","M","?","?","$","?","R","E"],"build_version":"2019-01-23","purchased_purges":1,"victory":false,"max_hp_per_floor":[75,75,75,75,75,75,75,75,75,75,75,75,75,75,75,75,75,75,75,75,75,75,75,75],"card_choices":[{"not_picked":["Armaments","Twin Strike"],"picked":"Whirlwind","floor":1},{"not_picked":["Heavy Blade","Body Slam"],"picked":"Twin Strike","floor":2},{"not_picked":["Burning Pact","Warcry"],"picked":"Fire Breathing","floor":6},{"not_picked":["Perfected Strike","Anger"],"picked":"Demon Form","floor":7},{"not_picked":["Warcry","Thunderclap","Whirlwind"],"picked":"SKIP","floor":11},{"not_picked":["Combust","Evolve"],"picked":"Limit Break","floor":12},{"not_picked":["Hemokinesis","Corruption"],"picked":"Seeing Red","floor":14},{"not_picked":["Impervious","Immolate"],"picked":"Feed","floor":16},{"not_picked":["Carnage","Twin Strike","Sword Boomerang"],"picked":"SKIP","floor":18},{"not_picked":["Clash","Havoc"],"picked":"Disarm+1","floor":22}],"player_experience":1619821,"relics_obtained":[{"floor":6,"key":"Du-Vu Doll"},{"floor":9,"key":"Orichalcum"},{"floor":12,"key":"Smiling Mask"}],"event_choices":[{"damage_healed":0,"gold_gain":0,"player_choice":"Success","damage_taken":5,"relics_obtained":["Letter Opener"],"max_hp_gain":0,"max_hp_loss":0,"event_name":"Scrap Ooze","floor":3,"gold_loss":0},{"damage_healed":0,"gold_gain":0,"player_choice":"Trade","damage_taken":0,"relics_obtained":["CultistMask"],"max_hp_gain":0,"max_hp_loss":0,"event_name":"FaceTrader","floor":5,"gold_loss":0},{"damage_healed":18,"gold_gain":0,"player_choice":"Healed","damage_taken":0,"max_hp_gain":0,"max_hp_loss":0,"event_name":"The Cleric","floor":10,"gold_loss":35},{"damage_healed":0,"gold_gain":0,"player_choice":"Read","damage_taken":0,"max_hp_gain":0,"max_hp_loss":0,"event_name":"The Library","floor":19,"gold_loss":0,"cards_obtained":["Inflame"]},{"damage_healed":0,"gold_gain":0,"player_choice":"","damage_taken":7,"max_hp_gain":0,"max_hp_loss":0,"event_name":"Knowing Skull","floor":20,"potions_obtained":[],"gold_loss":0,"cards_obtained":[]}],"is_beta":false,"boss_relics":[{"not_picked":["Runic Pyramid","Empty Cage"],"picked":"Sozu"}],"items_purged_floors":[21],"is_endless":false,"potions_floor_spawned":[1,7,12],"killed_by":"Gremlin Leader","ascension_level":20}