{"gold_per_floor":[117,129,129,148,162,162,95,128,207,219,231,265,265,280,280,385,385,400,675,187,287,287,287,314,314,314,341,353,381,396,407,407,504,504,522,180,194,94,114,140,152,184,208,235,250,250,350,350,350,350],"floor_reached":51,"playtime":7752,"items_purged":["Regret","Tools of the Trade"],"score":1250,"play_id":"78b3e096-4860-47df-8572-15654cc29143","local_time":"20190502164944","is_ascension_mode":true,"campfire_choices":[{"data":"Neutralize","floor":6.0,"key":"SMITH"},{"floor":13.0,"key":"REST"},{"data":"Cloak And Dagger","floor":15.0,"key":"SMITH"},{"data":"Bullet Time","floor":23.0,"key":"SMITH"},{"data":"Footwork","floor":25.0,"key":"SMITH"},{"data":"Doppelganger","floor":32.0,"key":"SMITH"},{"data":"Noxious Fumes","floor":46,"key":"SMITH"},{"data":"Secret Technique","floor":49,"key":"SMITH"}],"neow_cost":"NONE","seed_source_timestamp":0,"circlet_count":0,"master_deck":["Survivor","Neutralize+1","Backflip","Choke+1","Cloak And Dagger+1","Dagger Throw","Glass Knife+1","Dagger Spray","Well Laid Plans","Masterful Stab","Venomology","Finisher","Bullet Time+1","Distraction","Footwork+1","Well Laid Plans","Noxious Fumes+1","Catalyst","Deflect","Doppelganger+1","Wraith Form v2","Envenom","PiercingWail","Backflip","Escape Plan","Dodge and Roll","Footwork+1","Acrobatics","Venomology","Backflip","Venomology","Escape Plan+1","Tactician+1","Concentrate","Dodge and Roll","Leg Sweep","Flash of Steel","Finesse","Secret Technique+1"],"special_seed":0,"relics":["Ring of the Snake","Regal Pillow","GremlinMask","Peace Pipe","Paper Crane","Potion Belt","Pandora\u0027s Box","Bag of Preparation","Toy Ornithopter","Shuriken","Thread and Needle","Happy Flower","Letter Opener","Pen Nib","PreservedInsect","Runic Pyramid","Medical Kit","Whetstone","Blood Vial","Omamori","Dead Branch","Tingsha"],"potions_floor_usage":[44,44,44,44,47,47,50,50,50],"damage_taken":[{"damage":0.0,"enemies":"Cultist","floor":1.0,"turns":4.0},{"damage":4.0,"enemies":"Jaw Worm","floor":2.0,"turns":6.0},{"damage":1.0,"enemies":"Small Slimes","floor":4.0,"turns":3.0},{"damage":3.0,"enemies":"Looter","floor":5.0,"turns":3.0},{"damage":28.0,"enemies":"Lagavulin","floor":8.0,"turns":8.0},{"damage":4.0,"enemies":"3 Louse","floor":10.0,"turns":4.0},{"damage":0.0,"enemies":"Red Slaver","floor":11.0,"turns":3.0},{"damage":14.0,"enemies":"Gremlin Nob","floor":12.0,"turns":4.0},{"damage":17.0,"enemies":"Exordium Thugs","floor":14.0,"turns":7.0},{"damage":24.0,"enemies":"Hexaghost","floor":16.0,"turns":13.0},{"damage":12.0,"enemies":"Chosen","floor":18.0,"turns":4.0},{"damage":2.0,"enemies":"Colosseum Slavers","floor":21.0,"turns":4.0},{"damage":11.0,"enemies":"Colosseum Nobs","floor":21.0,"turns":5.0},{"damage":13.0,"enemies":"Gremlin Leader","floor":24.0,"turns":6.0},{"damage":3.0,"enemies":"Slavers","floor":27.0,"turns":6.0},{"damage":0.0,"enemies":"Shell Parasite","floor":28.0,"turns":2.0},{"damage":1.0,"enemies":"Gremlin Leader","floor":29.0,"turns":5.0},{"damage":0.0,"enemies":"Centurion and Healer","floor":30.0,"turns":5.0},{"damage":6.0,"enemies":"Snecko","floor":31.0,"turns":4.0},{"damage":0.0,"enemies":"Automaton","floor":33.0,"turns":8.0},{"damage":0.0,"enemies":"Orb Walker","floor":35.0,"turns":2.0},{"damage":13.0,"enemies":"3 Darklings","floor":37.0,"turns":5.0},{"damage":1.0,"enemies":"Maw","floor":39.0,"turns":6.0},{"damage":16.0,"enemies":"Nemesis","floor":40.0,"turns":6.0},{"damage":35.0,"enemies":"Writhing Mass","floor":41.0,"turns":7.0},{"damage":0.0,"enemies":"Giant Head","floor":42.0,"turns":6.0},{"damage":14,"enemies":"Nemesis","floor":44,"turns":5},{"damage":0,"enemies":"Transient","floor":45,"turns":5},{"damage":0,"enemies":"Mind Bloom Boss Battle","floor":47,"turns":5},{"damage":3,"enemies":"Awakened One","floor":50,"turns":13}],"seed_played":"-1141913237102404782","potions_obtained":[{"floor":1.0,"key":"Fire Potion"},{"floor":4.0,"key":"Energy Potion"},{"floor":8.0,"key":"AttackPotion"},{"floor":10.0,"key":"SteroidPotion"},{"floor":16.0,"key":"Swift Potion"},{"floor":21.0,"key":"Regen Potion"},{"floor":24.0,"key":"GamblersBrew"},{"floor":27.0,"key":"Strength Potion"},{"floor":28.0,"key":"Dexterity Potion"},{"floor":31.0,"key":"Weak Potion"},{"floor":35.0,"key":"Explosive Potion"},{"floor":39.0,"key":"LiquidBronze"},{"floor":45,"key":"Fire Potion"},{"floor":47,"key":"SpeedPotion"}],"is_trial":false,"path_per_floor":["M","M","?","M","M","R","$","E","T","M","M","E","R","M","R","B",null,"M","?","$","?","?","R","E","R","T","E","M","E","M","M","R","B",null,"M","$","M","$","M","E","M","E","T","E","M","R","?","?","R","B",null],"character_chosen":"THE_SILENT","items_purchased":["Glass Knife","Bag of Preparation","Toy Ornithopter","Backflip","Block Potion","Medical Kit","Whetstone"],"campfire_rested":1,"item_purchase_floors":[7,20,20,20,20,36,36],"current_hp_per_floor":[63,59,59,58,55,55,55,27,27,23,23,9,45,28,28,4,54,42,42,42,61,48,48,54,54,54,56,56,60,75,74,74,75,75,75,75,75,75,75,69,51,63,63,75,75,75,75,65,65,75],"gold":350,"neow_bonus":"RANDOM_COMMON_RELIC","is_prod":false,"is_daily":false,"chose_seed":false,"campfire_upgraded":7,"win_rate":0,"timestamp":1556812184,"path_taken":["M","?","?","M","M","R","$","E","T","M","?","E","R","M","R","BOSS","M","?","$","?","?","R","E","R","T","E","M","E","M","M","R","BOSS","M","$","M","$","M","E","M","E","T","E","M","R","?","?","R","BOSS"],"build_version":"2019-01-23","purchased_purges":2,"victory":true,"max_hp_per_floor":[70,70,70,70,70,70,70,70,70,70,70,70,70,70,70,70,70,70,70,70,70,75,75,75,75,75,75,75,75,75,75,75,75,75,75,75,75,75,75,75,75,75,75,75,75,75,75,75,75,75],"card_choices":[{"not_picked":["Catalyst","Expertise"],"picked":"Backflip","floor":1.0},{"not_picked":["Poisoned Stab","Reflex"],"picked":"Choke","floor":2.0},{"not_picked":["Terror","Underhanded Strike"],"picked":"Cloak And Dagger","floor":4.0},{"not_picked":["Bane","Deadly Poison"],"picked":"Dagger Throw","floor":5.0},{"not_picked":["Night Terror","Accuracy"],"picked":"Dagger Spray","floor":8.0},{"not_picked":["Dagger Throw","Dagger Spray"],"picked":"Well Laid Plans","floor":10.0},{"not_picked":["Deadly Poison","Cloak And Dagger"],"picked":"Masterful Stab","floor":11.0},{"not_picked":["Flying Knee","Quick Slash"],"picked":"Venomology","floor":12.0},{"not_picked":["Terror","Slice"],"picked":"Finisher","floor":14.0},{"not_picked":["Envenom","A Thousand Cuts"],"picked":"Bullet Time","floor":16.0},{"not_picked":["Sucker Punch","Eviscerate"],"picked":"PiercingWail","floor":18.0},{"not_picked":["Tactician","Deadly Poison+1"],"picked":"Escape Plan","floor":21.0},{"not_picked":["Calculated Gamble","Outmaneuver+1"],"picked":"Dodge and Roll","floor":24.0},{"not_picked":["Backflip","Heel Hook"],"picked":"Footwork+1","floor":27.0},{"not_picked":["PiercingWail+1","Sucker Punch"],"picked":"Acrobatics","floor":28.0},{"not_picked":["Riddle With Holes","Noxious Fumes"],"picked":"Venomology","floor":29.0},{"not_picked":["Prepared","Blade Dance"],"picked":"Backflip","floor":30.0},{"not_picked":["Deflect","Outmaneuver","Flying Knee"],"picked":"SKIP","floor":31.0},{"not_picked":["Doppelganger","Unload"],"picked":"Venomology","floor":33.0},{"not_picked":["Poisoned Stab","Riddle With Holes","Caltrops"],"picked":"SKIP","floor":35.0},{"not_picked":["Deadly Poison+1","Prepared","Eviscerate+1"],"picked":"SKIP","floor":37.0},{"not_picked":["Riddle With Holes+1","Deadly Poison+1","Backstab"],"picked":"SKIP","floor":39.0},{"not_picked":["Catalyst","Acrobatics+1"],"picked":"Escape Plan+1","floor":40.0},{"not_picked":["Outmaneuver+1","Riddle With Holes"],"picked":"Tactician+1","floor":41.0},{"not_picked":["Eviscerate+1","Backflip+1"],"picked":"Concentrate","floor":42.0},{"not_picked":["Flying Knee+1","Bouncing Flask+1"],"picked":"Dodge and Roll","floor":44},{"not_picked":["Poisoned Stab+1","Eviscerate","Underhanded Strike"],"picked":"SKIP","floor":45},{"not_picked":["Bane","Backflip"],"picked":"Leg Sweep","floor":47},{"not_picked":["Thinking Ahead","Madness"],"picked":"Flash of Steel","floor":48},{"not_picked":["Madness","Trip"],"picked":"Finesse","floor":48},{"not_picked":["Violence","Enlightenment"],"picked":"Secret Technique","floor":48}],"player_experience":271523,"relics_obtained":[{"floor":8.0,"key":"Peace Pipe"},{"floor":9.0,"key":"Paper Crane"},{"floor":12.0,"key":"Potion Belt"},{"floor":21.0,"key":"Shuriken"},{"floor":21.0,"key":"Thread and Needle"},{"floor":24.0,"key":"Happy Flower"},{"floor":26.0,"key":"Letter Opener"},{"floor":27.0,"key":"Pen Nib"},{"floor":29.0,"key":"PreservedInsect"},{"floor":40.0,"key":"Blood Vial"},{"floor":42.0,"key":"Omamori"},{"floor":44,"key":"Dead Branch"},{"floor":47,"key":"Tingsha"}],"event_choices":[{"damage_healed":0.0,"max_hp_gain":0.0,"max_hp_loss":0.0,"gold_gain":0.0,"event_name":"FaceTrader","player_choice":"Trade","floor":3.0,"gold_loss":0.0,"damage_taken":0.0,"relics_obtained":["GremlinMask"]},{"damage_healed":0.0,"max_hp_gain":0.0,"max_hp_loss":0.0,"gold_gain":275.0,"event_name":"Golden Shrine","player_choice":"Desecrate","floor":19.0,"gold_loss":0.0,"damage_taken":0.0,"cards_obtained":["Regret"]},{"damage_healed":0.0,"max_hp_gain":0.0,"max_hp_loss":0.0,"gold_gain":0.0,"event_name":"Colosseum","player_choice":"Fight","floor":21.0,"gold_loss":0.0,"damage_taken":0.0},{"damage_healed":0.0,"max_hp_gain":0.0,"max_hp_loss":0.0,"gold_gain":0.0,"event_name":"Colosseum","player_choice":"Fought Nobs","floor":21.0,"gold_loss":0.0,"damage_taken":0.0},{"damage_healed":0.0,"max_hp_gain":5.0,"max_hp_loss":0.0,"gold_gain":0.0,"event_name":"Forgotten Altar","player_choice":"Shed Blood","floor":22.0,"gold_loss":0.0,"damage_taken":18.0},{"damage_healed":0,"gold_gain":0,"player_choice":"Fight","damage_taken":0,"max_hp_gain":0,"max_hp_loss":0,"event_name":"MindBloom","floor":47,"gold_loss":0},{"damage_healed":0,"gold_gain":0,"player_choice":"Memory 3","damage_taken":10,"max_hp_gain":0,"max_hp_loss":0,"event_name":"SensoryStone","floor":48,"gold_loss":0}],"is_beta":false,"boss_relics":[{"not_picked":["Orrery","Ectoplasm"],"picked":"Pandora\u0027s Box"},{"not_picked":["White Beast Statue","Velvet Choker"],"picked":"Runic Pyramid"}],"items_purged_floors":[20,38],"is_endless":false,"potions_floor_spawned":[1,4,8,10,16,21,24,27,28,31,35,39,45,47],"ascension_level":8}