{"gold_per_floor":[116,126,75,250,263,291,99,99,123,86,118,118],"floor_reached":12,"playtime":444,"items_purged":["Doubt"],"score":86,"play_id":"dc3dbf69-7729-408e-b40b-2321901ede7d","local_time":"20190324131307","is_ascension_mode":false,"campfire_choices":[{"data":"Blizzard","floor":8,"key":"SMITH"}],"neow_cost":"NONE","seed_source_timestamp":94786629223475,"circlet_count":0,"master_deck":["Strike_B","Strike_B","Strike_B","Strike_B","Defend_B","Defend_B","Defend_B","Defend_B","Zap","Dualcast","Loop","Self Repair","Cold Snap","Cold Snap","Stack","Streamline","Blizzard+1","Capacitor","Glacier","Echo Form"],"relics":["Cracked Core","Omamori","Ancient Tea Set","Orichalcum"],"potions_floor_usage":[6],"damage_taken":[{"damage":14,"enemies":"Small Slimes","floor":1,"turns":3},{"damage":9,"enemies":"2 Louse","floor":2,"turns":3},{"damage":7,"enemies":"Jaw Worm","floor":5,"turns":4},{"damage":25,"enemies":"Lagavulin","floor":6,"turns":8},{"damage":18,"enemies":"3 Sentries","floor":11,"turns":7}],"seed_played":"-3635170586572033453","potions_obtained":[{"floor":1,"key":"Swift Potion"},{"floor":2,"key":"Dexterity Potion"},{"floor":5,"key":"Strength Potion"}],"is_trial":false,"path_per_floor":["M","M","$","?","M","E","$","R","T","$","E","?"],"character_chosen":"DEFECT","items_purchased":["Cold Snap","Blizzard","Capacitor","Glacier"],"campfire_rested":0,"item_purchase_floors":[3,7,7,10],"current_hp_per_floor":[61,59,59,59,59,41,41,41,41,41,30,0],"gold":118,"neow_bonus":"THREE_CARDS","is_prod":false,"is_daily":false,"chose_seed":false,"campfire_upgraded":1,"win_rate":0,"timestamp":1553447587,"path_taken":["M","M","$","?","M","E","$","R","T","$","E","?"],"build_version":"2019-01-23","purchased_purges":1,"victory":false,"max_hp_per_floor":[75,75,75,75,75,75,75,75,75,75,75,75],"card_choices":[{"not_picked":["Sunder","Turbo"],"picked":"Loop","floor":0},{"not_picked":["Melter","Steam"],"picked":"Self Repair","floor":1},{"not_picked":["Chaos","Tempest"],"picked":"Cold Snap","floor":2},{"not_picked":["Rebound","Ball Lightning"],"picked":"Stack","floor":5},{"not_picked":["Auto Shields","Rebound"],"picked":"Streamline","floor":6},{"not_picked":["Skim","Scrape"],"picked":"Echo Form","floor":11}],"player_experience":755938,"relics_obtained":[{"floor":6,"key":"Omamori"},{"floor":9,"key":"Ancient Tea Set"},{"floor":11,"key":"Orichalcum"}],"event_choices":[{"damage_healed":0,"gold_gain":175,"player_choice":"AGREE","damage_taken":0,"max_hp_gain":0,"max_hp_loss":0,"event_name":"Liars Game","floor":4,"gold_loss":0,"cards_obtained":["Doubt"]}],"is_beta":false,"boss_relics":[],"items_purged_floors":[7],"is_endless":false,"potions_floor_spawned":[1,2,5],"ascension_level":0}