{"gold_per_floor":[119,3,3,3,3,3,38,59,59,79,119,269,40,65,65,65],"floor_reached":16,"playtime":470,"items_purged":["Strike_G","Doubt"],"score":259,"play_id":"21a05d7a-19ba-4f95-8438-05d6ed167421","local_time":"20190323233849","is_ascension_mode":true,"campfire_choices":[{"data":"Neutralize","floor":6,"key":"SMITH"},{"data":"Noxious Fumes","floor":15,"key":"SMITH"}],"neow_cost":"NONE","seed_source_timestamp":597987035269754,"circlet_count":0,"master_deck":["AscendersBane","Defend_G","Defend_G","Defend_G","Defend_G","Defend_G","Strike_G","Strike_G","Strike_G","Strike_G","Survivor","Neutralize+1","Concentrate+1","Choke","Injury","Escape Plan","Night Terror","Dodge and Roll","Die Die Die","Noxious Fumes+1","PiercingWail"],"relics":["Ring of the Snake","NeowsBlessing","Golden Idol","Dodecahedron","PreservedInsect","Dead Branch"],"potions_floor_usage":[10,14,16],"damage_taken":[{"damage":0,"enemies":"2 Louse","floor":1,"turns":1},{"damage":0,"enemies":"3 Sentries","floor":7,"turns":1},{"damage":0,"enemies":"Jaw Worm","floor":8,"turns":1},{"damage":2,"enemies":"Small Slimes","floor":10,"turns":4},{"damage":38,"enemies":"Gremlin Nob","floor":11,"turns":5},{"damage":4,"enemies":"Looter","floor":14,"turns":3},{"damage":23,"enemies":"The Guardian","floor":16,"turns":2}],"seed_played":"-5681263483927964002","potions_obtained":[{"floor":1,"key":"SneckoOil"},{"floor":8,"key":"Weak Potion"}],"is_trial":false,"path_per_floor":["M","$","?","?","?","R","E","M","T","M","E","?","$","M","R","B"],"character_chosen":"THE_SILENT","items_purchased":["Choke","Noxious Fumes","Swift Potion"],"campfire_rested":0,"item_purchase_floors":[2,13,13],"current_hp_per_floor":[59,59,59,64,64,64,64,64,64,62,24,24,24,20,20,0],"gold":65,"neow_bonus":"THREE_ENEMY_KILL","is_prod":false,"is_daily":false,"chose_seed":false,"campfire_upgraded":2,"win_rate":0,"timestamp":1553398729,"path_taken":["M","$","?","?","?","R","E","M","T","M","E","?","$","M","R","BOSS"],"build_version":"2019-01-23","purchased_purges":2,"victory":false,"max_hp_per_floor":[66,66,66,71,71,71,71,71,71,71,71,71,71,71,71,71],"card_choices":[{"not_picked":["Outmaneuver","Flying Knee"],"picked":"Concentrate","floor":1},{"not_picked":["Quick Slash","Deadly Poison"],"picked":"Escape Plan","floor":7},{"not_picked":["Poisoned Stab","Flying Knee"],"picked":"Night Terror","floor":8},{"not_picked":["Dagger Spray","Eviscerate"],"picked":"Dodge and Roll","floor":10},{"not_picked":["Blade Dance","Dagger Spray"],"picked":"Die Die Die","floor":11},{"not_picked":["Backflip","Backstab"],"picked":"PiercingWail","floor":14}],"player_experience":1376628,"relics_obtained":[{"floor":7,"key":"Dodecahedron"},{"floor":9,"key":"PreservedInsect"},{"floor":11,"key":"Dead Branch"}],"event_choices":[{"damage_healed":0,"gold_gain":0,"player_choice":"Take Wound","damage_taken":0,"relics_obtained":["Golden Idol"],"max_hp_gain":0,"max_hp_loss":0,"event_name":"Golden Idol","floor":3,"gold_loss":0,"cards_obtained":["Injury"]},{"damage_healed":0,"gold_gain":0,"player_choice":"Donut","damage_taken":0,"max_hp_gain":5,"max_hp_loss":0,"event_name":"Big Fish","floor":4,"gold_loss":0},{"damage_healed":0,"gold_gain":0,"player_choice":"Grow","damage_taken":0,"max_hp_gain":0,"max_hp_loss":0,"event_name":"Living Wall","floor":5,"gold_loss":0,"cards_upgraded":["Concentrate"]},{"damage_healed":0,"gold_gain":150,"player_choice":"AGREE","damage_taken":0,"max_hp_gain":0,"max_hp_loss":0,"event_name":"Liars Game","floor":12,"gold_loss":0,"cards_obtained":["Doubt"]}],"is_beta":false,"boss_relics":[],"items_purged_floors":[2,13],"is_endless":false,"potions_floor_spawned":[1,8],"killed_by":"The Guardian","ascension_level":19}