{"gold_per_floor":[111,40,52,62,73,73,99,113,113,113,38,12,12,12,12,91,91,102,377,387,405,24,24,56,72,102,58,58],"floor_reached":28,"playtime":1343,"items_purged":["Regret"],"score":476,"play_id":"8346ada0-48fb-4802-ba72-da04ee6ad5a8","local_time":"20190424225550","is_ascension_mode":true,"campfire_choices":[{"data":"Bouncing Flask","floor":6,"key":"SMITH"},{"data":"Neutralize","floor":10,"key":"SMITH"},{"data":"Footwork","floor":13,"key":"SMITH"},{"data":"Leg Sweep","floor":15,"key":"SMITH"},{"data":"After Image","floor":23,"key":"SMITH"}],"neow_cost":"NONE","seed_source_timestamp":189771434731227,"circlet_count":0,"master_deck":["AscendersBane","Defend_G","Defend_G","Defend_G","Defend_G+1","Defend_G","Strike_G","Strike_G","Strike_G","Strike_G","Survivor+1","Neutralize+1","Dagger Spray","Footwork+1","Bouncing Flask+1","After Image+1","Leg Sweep+1","Dagger Throw","Die Die Die","Slice","Dagger Spray+1","Well Laid Plans","Deflect","Infinite Blades","Noxious Fumes"],"relics":["Ring of the Snake","Matryoshka","War Paint","Art of War","Anchor","Paper Crane","White Beast Statue","Bag of Preparation","Question Card","Omamori","Tiny Chest"],"potions_floor_usage":[8,8,24,25,28,28],"damage_taken":[{"damage":12,"enemies":"Jaw Worm","floor":1,"turns":6},{"damage":12,"enemies":"Cultist","floor":3,"turns":5},{"damage":0,"enemies":"Small Slimes","floor":4,"turns":4},{"damage":5,"enemies":"Looter","floor":5,"turns":4},{"damage":21,"enemies":"Lagavulin","floor":7,"turns":8},{"damage":0,"enemies":"2 Fungi Beasts","floor":8,"turns":2},{"damage":2,"enemies":"Hexaghost","floor":16,"turns":10},{"damage":18,"enemies":"3 Byrds","floor":18,"turns":8},{"damage":0,"enemies":"Chosen","floor":20,"turns":7},{"damage":3,"enemies":"Snecko","floor":21,"turns":6},{"damage":30,"enemies":"Slavers","floor":24,"turns":5},{"damage":4,"enemies":"Centurion and Healer","floor":25,"turns":11},{"damage":15,"enemies":"Cultist and Chosen","floor":28,"turns":3}],"seed_played":"-2391156134492004940","potions_obtained":[{"floor":4,"key":"Explosive Potion"},{"floor":7,"key":"Explosive Potion"},{"floor":18,"key":"SteroidPotion"},{"floor":20,"key":"Poison Potion"},{"floor":24,"key":"Strength Potion"},{"floor":25,"key":"Block Potion"}],"is_trial":false,"path_per_floor":["M","?","M","M","M","R","E","M","T","R","?","$","R","?","R","B",null,"M","?","M","M","$","R","E","M","T","$","M"],"character_chosen":"THE_SILENT","items_purchased":["Dagger Throw","Bag of Preparation","Well Laid Plans","Deflect","Noxious Fumes"],"campfire_rested":0,"item_purchase_floors":[12,22,22,22,27],"current_hp_per_floor":[53,53,41,41,36,36,15,15,15,15,15,15,15,10,10,8,56,38,38,38,35,35,35,5,1,1,1,0],"gold":58,"neow_bonus":"TEN_PERCENT_HP_BONUS","is_prod":false,"is_daily":false,"chose_seed":false,"campfire_upgraded":5,"win_rate":0,"timestamp":1556160950,"path_taken":["M","?","M","?","M","R","E","M","T","R","?","$","R","?","R","BOSS","M","?","M","?","$","R","E","M","T","$","M"],"build_version":"2019-01-23","purchased_purges":1,"victory":false,"max_hp_per_floor":[72,72,72,72,72,72,72,72,72,72,72,72,72,72,72,72,72,72,72,72,72,72,72,72,72,72,72,72],"card_choices":[{"not_picked":["Calculated Gamble","Quick Slash"],"picked":"Dagger Spray","floor":1},{"not_picked":["Dodge and Roll","Accuracy"],"picked":"Footwork","floor":3},{"not_picked":["Catalyst","Cloak And Dagger"],"picked":"Bouncing Flask","floor":4},{"not_picked":["Heel Hook","Backflip","Bane"],"picked":"SKIP","floor":5},{"not_picked":["Burst","Quick Slash"],"picked":"After Image","floor":7},{"not_picked":["Flying Knee","Outmaneuver"],"picked":"Leg Sweep","floor":8},{"not_picked":["Venomology","Storm of Steel"],"picked":"Die Die Die","floor":16},{"not_picked":["Acrobatics","Flechettes"],"picked":"Slice","floor":18},{"not_picked":["Quick Slash","Dagger Throw","Blade Dance"],"picked":"SKIP","floor":20},{"not_picked":["Deflect","Quick Slash"],"picked":"Dagger Spray+1","floor":21},{"not_picked":["Blade Dance","Dagger Spray","Outmaneuver"],"picked":"SKIP","floor":24},{"not_picked":["Poisoned Stab","Prepared","Blade Dance"],"picked":"Infinite Blades","floor":25}],"player_experience":1922364,"relics_obtained":[{"floor":7,"key":"War Paint"},{"floor":9,"key":"Art of War"},{"floor":9,"key":"Anchor"},{"floor":24,"key":"Question Card"},{"floor":26,"key":"Omamori"},{"floor":26,"key":"Tiny Chest"}],"event_choices":[{"damage_healed":0,"gold_gain":0,"player_choice":"Paid Gold","damage_taken":0,"relics_obtained":["Matryoshka"],"max_hp_gain":0,"max_hp_loss":0,"event_name":"WeMeetAgain","floor":2,"gold_loss":71},{"cards_removed":["Strike_G"],"damage_healed":0,"gold_gain":0,"player_choice":"Card Removal","damage_taken":0,"max_hp_gain":0,"max_hp_loss":0,"event_name":"The Cleric","floor":11,"gold_loss":75},{"damage_healed":0,"gold_gain":0,"player_choice":"Success","damage_taken":5,"relics_obtained":["Paper Crane"],"max_hp_gain":0,"max_hp_loss":0,"event_name":"Scrap Ooze","floor":14,"gold_loss":0},{"damage_healed":0,"gold_gain":275,"player_choice":"Desecrate","damage_taken":0,"max_hp_gain":0,"max_hp_loss":0,"event_name":"Golden Shrine","floor":19,"gold_loss":0,"cards_obtained":["Regret"]}],"is_beta":false,"boss_relics":[{"not_picked":["Pandora\u0027s Box","WristBlade"],"picked":"White Beast Statue"}],"items_purged_floors":[22],"is_endless":false,"potions_floor_spawned":[4,7,18,20,21,24,25],"killed_by":"Cultist and Chosen","ascension_level":20}