{"path_per_floor":["M","M","?","?","$","R","?","$","T","M","T","M","R","$","R","B",null,"M","?","M","$","M","R","T","R","T","R","M","E","M"],"character_chosen":"IRONCLAD","items_purchased":["Dramatic Entrance","Tiny Chest","Regal Pillow"],"gold_per_floor":[116,126,126,126,126,126,301,125,179,193,193,207,207,84,84,189,189,189,189,189,42,42,42,42,42,42,42,42,42,42,42],"floor_reached":31,"campfire_rested":0,"playtime":849,"current_hp_per_floor":[77,77,77,65,65,65,65,65,65,65,65,63,63,63,63,25,80,66,66,66,66,61,61,61,61,61,61,45,16,16,0],"items_purged":["Doubt"],"gold":42,"score":243,"play_id":"56528e97-a482-43b6-8bb7-7de25570b025","local_time":"20180409211218","is_prod":false,"is_daily":false,"is_ascension_mode":false,"campfire_upgraded":6,"timestamp":1523322738,"path_taken":["M","M","?","?","?","R","?","?","T","?","?","M","R","?","R","BOSS","M","?","M","$","M","R","?","R","T","R","?","E","M","M"],"build_version":"2018-04-05v2","purchased_purges":1,"victory":false,"master_deck":["Strike_R","Strike_R","Strike_R","Strike_R","Strike_R","Defend_R","Defend_R","Defend_R","Bash+1","Twin Strike+1","Thunderclap+1","Dramatic Entrance+1","Pommel Strike+1","Limit Break+1","Pummel+1","Whirlwind+1"],"max_hp_per_floor":[80,80,80,80,80,80,80,80,80,80,80,80,80,80,80,80,80,80,80,80,80,80,80,80,80,80,80,80,80,80,80],"relics":["Velvet Choker","Sundial","Ancient Tea Set","Ice Cream","Tiny Chest","Ectoplasm","Regal Pillow","Torii","Toxic Egg 2","Old Coin"],"card_choices":[{"not_picked":["Clash","Armaments"],"picked":"Twin Strike","floor":1},{"not_picked":["Power Through","Bloodletting"],"picked":"Thunderclap","floor":2},{"not_picked":["Entrench","Burning Pact"],"picked":"Pommel Strike","floor":10},{"not_picked":["Dark Embrace","Juggernaut"],"picked":"Limit Break","floor":16},{"not_picked":["Flex","Sword Boomerang"],"picked":"Pummel","floor":18},{"not_picked":["Shockwave","True Grit"],"picked":"Whirlwind","floor":22}],"player_experience":793977,"potions_floor_usage":[28,28,29,30,31],"damage_taken":[{"damage":3,"enemies":"Jaw Worm","floor":1,"turns":3},{"damage":0,"enemies":"Cultist","floor":2,"turns":2},{"damage":0,"enemies":"2 Louse","floor":10,"turns":2},{"damage":2,"enemies":"Blue Slaver","floor":12,"turns":3},{"damage":38,"enemies":"Hexaghost","floor":16,"turns":7},{"damage":14,"enemies":"Shell Parasite","floor":18,"turns":4},{"damage":0,"enemies":"3 Byrds","floor":20,"turns":3},{"damage":5,"enemies":"Snecko","floor":22,"turns":3},{"damage":22,"enemies":"Slaver and Parasite","floor":28,"turns":3},{"damage":32,"enemies":"Slavers","floor":29,"turns":2},{"damage":0,"enemies":"Sentry and Sphere","floor":30,"turns":3},{"damage":22,"enemies":"Snake Plant","floor":31,"turns":2}],"event_choices":[{"event_name":"Living Wall","player_choice":"Grow","floor":3,"damage_taken":0},{"event_name":"Scrap Ooze","player_choice":"success","floor":4,"damage_taken":12},{"event_name":"Liars Game","player_choice":"agreed","floor":7,"damage_taken":0},{"event_name":"Purifier","player_choice":"One Purge","floor":19,"damage_taken":0}],"boss_relics":[{"not_picked":["Snecko Eye","Orrery"],"picked":"Ectoplasm"}],"potions_floor_spawned":[2,16,18,28,30],"seed_played":"1756719484206210032","killed_by":"Snake Plant","ascension_level":0,"is_trial":false}