{"gold_per_floor":[19,33,51,51,51,51,25,50,50,75,85,85,96,96],"floor_reached":14,"playtime":485,"items_purged":[],"score":190,"play_id":"ab626cae-c47a-4f1a-9061-757cbd81c3ae","local_time":"20190314010625","is_ascension_mode":true,"campfire_choices":[{"data":"Armaments","floor":6,"key":"SMITH"}],"neow_cost":"NO_GOLD","seed_source_timestamp":50215349563397,"circlet_count":0,"master_deck":["AscendersBane","Strike_R","Strike_R","Strike_R","Strike_R","Strike_R","Defend_R+1","Defend_R+1","Defend_R","Bash","Evolve+1","Armaments+1","Perfected Strike+1","Anger+1","Wild Strike","Feed","Reckless Charge"],"relics":["Burning Blood","Kunai","War Paint","Champion Belt"],"potions_floor_usage":[2],"damage_taken":[{"damage":14,"enemies":"Jaw Worm","floor":1,"turns":4},{"damage":0,"enemies":"Small Slimes","floor":2,"turns":3},{"damage":0,"enemies":"2 Louse","floor":3,"turns":4},{"damage":6,"enemies":"Gremlin Nob","floor":8,"turns":3},{"damage":28,"enemies":"Lagavulin","floor":10,"turns":6},{"damage":8,"enemies":"Blue Slaver","floor":11,"turns":3},{"damage":16,"enemies":"Large Slime","floor":13,"turns":5},{"damage":21,"enemies":"Lots of Slimes","floor":14,"turns":2}],"seed_played":"-405980839483369496","potions_obtained":[{"floor":1,"key":"SkillPotion"},{"floor":3,"key":"SpeedPotion"}],"is_trial":false,"path_per_floor":["M","M","M","?","?","R","$","E","T","E","M","?","M","M"],"character_chosen":"IRONCLAD","items_purchased":["Anger"],"campfire_rested":0,"item_purchase_floors":[7],"current_hp_per_floor":[74,80,86,79,79,79,79,79,79,57,58,30,20,0],"gold":96,"neow_bonus":"TWENTY_PERCENT_HP_BONUS","is_prod":false,"is_daily":false,"chose_seed":false,"campfire_upgraded":1,"win_rate":0,"timestamp":1552539985,"path_taken":["M","M","M","?","?","R","?","E","T","E","M","?","M","M"],"build_version":"2019-01-23","purchased_purges":0,"victory":false,"max_hp_per_floor":[89,89,89,89,89,89,89,89,89,89,92,92,92,92],"card_choices":[{"not_picked":["Rupture","Armaments"],"picked":"Evolve","floor":1},{"not_picked":["Shrug It Off","Intimidate"],"picked":"Armaments","floor":2},{"not_picked":["Headbutt","Corruption"],"picked":"Perfected Strike","floor":3},{"not_picked":["Heavy Blade","Sever Soul"],"picked":"Wild Strike","floor":8},{"not_picked":["Clash","Shockwave"],"picked":"Feed","floor":10},{"not_picked":["Carnage","True Grit"],"picked":"Reckless Charge","floor":11},{"not_picked":["Iron Wave","Clothesline","Anger"],"picked":"SKIP","floor":13}],"player_experience":1105667,"relics_obtained":[{"floor":8,"key":"Kunai"},{"floor":9,"key":"War Paint"},{"floor":10,"key":"Champion Belt"}],"event_choices":[{"cards_removed":["Defend_R"],"damage_healed":0,"gold_gain":0,"player_choice":"Card Removal","damage_taken":7,"max_hp_gain":0,"max_hp_loss":0,"event_name":"Golden Wing","floor":4,"gold_loss":0},{"damage_healed":0,"gold_gain":0,"player_choice":"Grow","damage_taken":0,"max_hp_gain":0,"max_hp_loss":0,"event_name":"Living Wall","floor":5,"gold_loss":0,"cards_upgraded":["Perfected Strike"]},{"damage_healed":0,"gold_gain":0,"player_choice":"Entered Light","damage_taken":28,"max_hp_gain":0,"max_hp_loss":0,"event_name":"Shining Light","floor":12,"gold_loss":0,"cards_upgraded":["Anger","Evolve"]}],"is_beta":false,"boss_relics":[],"items_purged_floors":[],"is_endless":false,"potions_floor_spawned":[1,3],"killed_by":"Lots of Slimes","ascension_level":18}