{"path_per_floor":["M","M","M","?","?","E","$","E","T","R","?","M","M","$","R","B",null,"M","?","$","T","$","R","M","R","T","E","R","?","M","?","R","B",null,"M","?","M","M","M","R","$","M","T","R","E","$","R","M","R","B"],"character_chosen":"IRONCLAD","items_purchased":["Whirlwind","Omamori","Pear","Block Potion"],"gold_per_floor":[112,125,141,141,91,116,8,40,66,66,66,81,95,95,95,200,200,213,213,113,167,12,12,27,27,53,87,87,87,98,98,98,194,194,207,207,223,241,253,253,8,28,81,81,109,60,60,71,71,71],"floor_reached":51,"campfire_rested":4,"playtime":1724,"current_hp_per_floor":[72,70,63,47,47,17,17,7,7,31,19,19,22,22,22,1,63,49,76,76,76,76,76,58,58,58,30,30,30,18,18,45,38,79,67,67,69,63,39,39,49,33,33,66,61,61,61,44,78,30],"items_purged":["Strike_R","Strike_R"],"gold":71,"score":1310,"play_id":"92fc066a-3380-4ac8-84f0-dc261c3999eb","local_time":"20180326173117","is_prod":false,"is_daily":false,"is_ascension_mode":true,"campfire_upgraded":6,"timestamp":1522099877,"path_taken":["M","?","M","?","?","E","?","E","T","R","?","?","M","?","R","BOSS","M","?","$","?","$","R","?","R","T","E","R","?","M","?","R","BOSS","M","?","?","?","M","R","$","M","T","R","E","?","R","M","R","BOSS"],"build_version":"2018-03-22v2","purchased_purges":3,"victory":true,"master_deck":["Strike_R","Defend_R+1","Defend_R+1","Defend_R","Defend_R+1","Bash+1","AscendersBane","Dropkick+1","Headbutt","Cleave","Battle Trance+1","Whirlwind+1","Feed","Inflame+1","Double Tap+1","Flex+1","Corruption+1"],"max_hp_per_floor":[80,80,80,80,80,80,80,80,80,80,80,80,83,83,83,83,83,83,83,83,83,83,83,83,83,83,85,85,85,90,90,90,92,92,92,92,94,96,98,98,108,110,110,110,110,110,110,115,115,115],"relics":["Runic Dome","Bag of Marbles","Shuriken","Happy Flower","War Paint","Philosopher\u0027s Stone","Orichalcum","Omamori","Art of War","Singing Bowl","Lizard Tail","Pear","Pen Nib","Dead Branch"],"card_choices":[{"not_picked":["Searing Blow","Clash"],"picked":"Dropkick","floor":1},{"not_picked":["Sword Boomerang","Carnage"],"picked":"Headbutt","floor":2},{"not_picked":["Searing Blow","Flex"],"picked":"Cleave","floor":3},{"not_picked":["Carnage","Sever Soul"],"picked":"Battle Trance","floor":6},{"not_picked":["Armaments","Shrug It Off"],"picked":"Feed","floor":8},{"not_picked":["Heavy Blade","Pommel Strike"],"picked":"Inflame","floor":13},{"not_picked":["Impervious","Demon Form"],"picked":"Double Tap","floor":16},{"not_picked":["True Grit","Fire Breathing"],"picked":"Flex","floor":35},{"not_picked":["Havoc","Dropkick"],"picked":"Corruption","floor":45}],"player_experience":608852,"potions_floor_usage":[6,8,13,30,33,45,50,50,50],"damage_taken":[{"damage":0,"enemies":"Cultist","floor":1,"turns":3},{"damage":2,"enemies":"2 Louse","floor":2,"turns":3},{"damage":7,"enemies":"Small Slimes","floor":3,"turns":2},{"damage":30,"enemies":"Lagavulin","floor":6,"turns":7},{"damage":10,"enemies":"3 Sentries","floor":8,"turns":5},{"damage":0,"enemies":"2 Fungi Beasts","floor":12,"turns":1},{"damage":0,"enemies":"Large Slime","floor":13,"turns":2},{"damage":21,"enemies":"The Guardian","floor":16,"turns":9},{"damage":14,"enemies":"Shell Parasite","floor":18,"turns":3},{"damage":18,"enemies":"2 Thieves","floor":24,"turns":2},{"damage":30,"enemies":"Slavers","floor":27,"turns":3},{"damage":17,"enemies":"Snake Plant","floor":30,"turns":2},{"damage":9,"enemies":"Collector","floor":33,"turns":5},{"damage":12,"enemies":"3 Shapes","floor":35,"turns":1},{"damage":0,"enemies":"3 Darklings","floor":37,"turns":1},{"damage":8,"enemies":"4 Shapes","floor":38,"turns":1},{"damage":26,"enemies":"Maw","floor":39,"turns":4},{"damage":18,"enemies":"Sphere and 2 Shapes","floor":42,"turns":2},{"damage":5,"enemies":"Giant Head","floor":45,"turns":3},{"damage":22,"enemies":"4 Shapes","floor":48,"turns":2},{"damage":105,"enemies":"Awakened One","floor":50,"turns":6}],"event_choices":[{"event_name":"Shining Light","player_choice":"Entered Light","floor":4,"damage_taken":0},{"event_name":"The Cleric","player_choice":"Card Removal","floor":5,"damage_taken":0},{"event_name":"Scrap Ooze","player_choice":"success","floor":11,"damage_taken":12},{"event_name":"The Library","player_choice":"Heal","floor":19,"damage_taken":0},{"event_name":"Back to Basics","player_choice":"Elegance","floor":29,"damage_taken":0},{"event_name":"Vampires","player_choice":"Ignored","floor":31,"damage_taken":0},{"event_name":"Mysterious Sphere","player_choice":"Ignore","floor":36,"damage_taken":0}],"boss_relics":[{"not_picked":["Tiny House","Calling Bell"],"picked":"Philosopher\u0027s Stone"},{"not_picked":["Eternal Feather","Snecko Eye"],"picked":"Lizard Tail"}],"potions_floor_spawned":[1,3,6,8,18,27,30,35,39,45],"seed_played":"-7210374654111565911","ascension_level":12,"is_trial":false}