{"gold_per_floor":[417,417,417,6,27,27,27,27,27,41,116,41,61,81,81,175,175,196,196,214,229,252,252,267,291,291,316,316,316,316,27,27,125,125,149,169,169,169],"floor_reached":38,"playtime":1586,"items_purged":[],"score":819,"play_id":"ff37bb7f-b847-41c5-b046-25b91d77591a","local_time":"20180909220050","is_ascension_mode":true,"campfire_choices":[{"data":"1","floor":6,"key":"LIFT"},{"data":"2","floor":8,"key":"LIFT"},{"data":"3","floor":15,"key":"LIFT"},{"data":"Armaments","floor":23,"key":"SMITH"},{"data":"True Grit","floor":30,"key":"SMITH"},{"floor":32,"key":"REST"}],"neow_cost":"CURSE","seed_source_timestamp":616724995623709,"circlet_count":0,"master_deck":["Strike_R","Strike_R","Strike_R","Defend_R","Defend_R","Defend_R","Defend_R","Bash","AscendersBane","Anger","Armaments+1","Pummel","Thunderclap","Uppercut","True Grit+1","Heavy Blade+1","Disarm","Limit Break","Pommel Strike+1","Shrug It Off+1","Chrysalis+1","Exhume+1","Flex+1","Armaments+1","Dark Shackles+1"],"relics":["Burning Blood","Old Coin","Golden Idol","Girya","Shuriken","Mark of Pain","Happy Flower","Toxic Egg 2","Runic Dome"],"potions_floor_usage":[16,21,24,27,33,33,38],"damage_taken":[{"damage":6,"enemies":"2 Louse","floor":1,"turns":4},{"damage":0,"enemies":"Small Slimes","floor":5,"turns":3},{"damage":0,"enemies":"Cultist","floor":10,"turns":3},{"damage":8,"enemies":"Blue Slaver","floor":13,"turns":3},{"damage":9,"enemies":"Exordium Wildlife","floor":14,"turns":5},{"damage":0,"enemies":"Slime Boss","floor":16,"turns":6},{"damage":14,"enemies":"3 Byrds","floor":18,"turns":5},{"damage":14,"enemies":"Shell Parasite","floor":20,"turns":4},{"damage":12,"enemies":"Snake Plant","floor":21,"turns":3},{"damage":29,"enemies":"Sentry and Sphere","floor":22,"turns":4},{"damage":8,"enemies":"Cultist and Chosen","floor":24,"turns":3},{"damage":7,"enemies":"Snake Plant","floor":27,"turns":4},{"damage":19,"enemies":"Colosseum Slavers","floor":28,"turns":3},{"damage":37,"enemies":"Collector","floor":33,"turns":6},{"damage":58,"enemies":"3 Darklings","floor":35,"turns":7},{"damage":0,"enemies":"3 Shapes","floor":36,"turns":4},{"damage":15,"enemies":"3 Darklings","floor":38,"turns":4}],"seed_played":"3096054501314358453","potions_obtained":[{"floor":1,"key":"Dexterity Potion"},{"floor":10,"key":"Swift Potion"},{"floor":16,"key":"Block Potion"},{"floor":21,"key":"Dexterity Potion"},{"floor":22,"key":"Strength Potion"},{"floor":27,"key":"Fire Potion"},{"floor":35,"key":"SpeedPotion"}],"is_trial":false,"path_per_floor":["M","?","?","$","M","R","?","R","T","M","?","?","M","M","R","B",null,"M","?","M","M","M","R","M","T","T","M","?","?","R","$","R","B",null,"M","M","?"],"character_chosen":"IRONCLAD","items_purchased":["Girya","Armaments","Shrug It Off+1","Chrysalis+1","Explosive Potion"],"campfire_rested":1,"item_purchase_floors":[4,4,31,31,31],"current_hp_per_floor":[68,61,61,61,67,67,72,72,72,73,62,62,60,57,57,63,71,63,63,55,49,26,26,24,24,24,23,10,25,25,25,46,15,59,7,13,13,0],"gold":169,"neow_bonus":"ONE_RARE_RELIC","is_prod":false,"is_daily":false,"chose_seed":false,"campfire_upgraded":2,"win_rate":0,"timestamp":1536544850,"path_taken":["M","?","?","?","M","R","?","R","T","?","?","?","M","M","R","BOSS","M","?","M","?","?","R","M","?","T","M","?","?","R","?","R","BOSS","M","M","?","M"],"build_version":"2018-09-06","purchased_purges":0,"victory":false,"max_hp_per_floor":[75,75,68,68,68,68,73,73,73,73,73,73,73,73,73,73,73,73,73,73,73,73,73,73,73,73,73,73,73,73,73,73,73,73,73,73,73,73],"card_choices":[{"not_picked":["Headbutt","Searing Blow"],"picked":"Anger","floor":1},{"not_picked":["Evolve","Power Through"],"picked":"Pummel","floor":5},{"not_picked":["Uppercut","Perfected Strike"],"picked":"Thunderclap","floor":10},{"not_picked":["Power Through","Havoc","Wild Strike"],"picked":"SKIP","floor":13},{"not_picked":["Thunderclap","Combust"],"picked":"Uppercut","floor":14},{"not_picked":["Sentinel","Clash+1"],"picked":"True Grit","floor":18},{"not_picked":["Headbutt","Perfected Strike"],"picked":"Heavy Blade+1","floor":20},{"not_picked":["Anger","True Grit"],"picked":"Disarm","floor":21},{"not_picked":["Intimidate","Flex"],"picked":"Limit Break","floor":22},{"not_picked":["Body Slam","Uppercut","Anger"],"picked":"SKIP","floor":24},{"not_picked":["Body Slam","Whirlwind+1"],"picked":"Pommel Strike+1","floor":27},{"not_picked":["Juggernaut","Impervious+1"],"picked":"Exhume+1","floor":33},{"not_picked":["Reckless Charge","Shrug It Off+1"],"picked":"Flex+1","floor":35},{"not_picked":["Intimidate+1","Anger"],"picked":"Armaments+1","floor":36},{"not_picked":["Trip+1","Chrysalis+1"],"picked":"Dark Shackles+1","floor":37}],"player_experience":1002727,"relics_obtained":[{"floor":9,"key":"Shuriken"},{"floor":25,"key":"Happy Flower"},{"floor":26,"key":"Toxic Egg 2"}],"event_choices":[{"event_name":"Golden Wing","player_choice":"Card Removal","floor":2,"damage_taken":0},{"event_name":"Golden Idol","player_choice":"Lose Max HP","floor":3,"damage_taken":0},{"event_name":"Big Fish","player_choice":"Donut","floor":7,"damage_taken":0},{"event_name":"World of Goop","player_choice":"Gather Gold","floor":11,"damage_taken":0},{"event_name":"The Cleric","player_choice":"Card Removal","floor":12,"damage_taken":0},{"event_name":"Bonfire Elementals","player_choice":"BASIC","floor":19,"damage_taken":0},{"event_name":"Colosseum","player_choice":"Fight","floor":28,"damage_taken":0},{"event_name":"Colosseum","player_choice":"Fled From Nobs","floor":28,"damage_taken":0},{"event_name":"The Library","player_choice":"Heal","floor":29,"damage_taken":0},{"event_name":"SensoryStone","player_choice":"Memory 1","floor":37,"damage_taken":0}],"is_beta":false,"boss_relics":[{"not_picked":["Coffee Dripper","Black Star"],"picked":"Mark of Pain"},{"not_picked":["White Beast Statue","Empty Cage"],"picked":"Runic Dome"}],"items_purged_floors":[],"is_endless":false,"potions_floor_spawned":[1,10,16,21,22,27,35],"killed_by":"3 Darklings","ascension_level":16}