{"gold_per_floor":[109,124,124,141,152,152,172,172,219,219,229,263,263,280,280,376,376,391,391,65,79,4,33,50,50,50,78,78,177,193,216,228,344,356,379,742,754,785,813,825,848,21,44,60,60,60,60,70,70,70],"floor_reached":50,"playtime":3247,"items_purged":["Defend_B","Pain"],"score":509,"play_id":"39e08f81-3ab5-4a09-8399-fcad8c62e765","local_time":"20190425132513","is_ascension_mode":false,"campfire_choices":[{"data":"Dualcast","floor":6.0,"key":"SMITH"},{"data":"Zap","floor":8.0,"key":"SMITH"},{"data":"Self Repair","floor":10.0,"key":"SMITH"},{"data":"Glacier","floor":13.0,"key":"SMITH"},{"floor":15.0,"key":"REST"},{"data":"White Noise","floor":25.0,"key":"SMITH"},{"floor":28.0,"key":"REST"},{"floor":32.0,"key":"REST"},{"data":"Seek","floor":40,"key":"SMITH"},{"floor":45,"key":"REST"},{"floor":47,"key":"RECALL"},{"data":"Barrage","floor":49,"key":"SMITH"}],"neow_cost":"NONE","seed_source_timestamp":240466033171080,"circlet_count":0,"master_deck":["Strike_B","Strike_B","Strike_B","Defend_B","Defend_B","Defend_B","Zap+1","Dualcast+1","Hologram","Glacier+1","Self Repair+1","Hologram","White Noise+1","Seek+1","Barrage+1","Storm","Conserve Battery","Barrage","Barrage+1","Cold Snap","Cold Snap","Biased Cognition","Ball Lightning+1","Cold Snap","Blizzard","Storm","Coolheaded+1","Dark Shackles","BootSequence","Coolheaded"],"special_seed":0,"relics":["Cracked Core","Blue Candle","Orichalcum","Inserter","Mummified Hand","Blood Vial","Darkstone Periapt","Dream Catcher","MawBank","White Beast Statue","Old Coin","WarpedTongs","FossilizedHelix","Anchor","ClockworkSouvenir","Lantern"],"potions_floor_usage":[41,41],"damage_taken":[{"damage":1.0,"enemies":"2 Louse","floor":1.0,"turns":3.0},{"damage":0.0,"enemies":"Cultist","floor":2.0,"turns":4.0},{"damage":8.0,"enemies":"Jaw Worm","floor":4.0,"turns":3.0},{"damage":0.0,"enemies":"Large Slime","floor":5.0,"turns":6.0},{"damage":20.0,"enemies":"Exordium Wildlife","floor":7.0,"turns":5.0},{"damage":12.0,"enemies":"Exordium Thugs","floor":11.0,"turns":5.0},{"damage":25.0,"enemies":"Gremlin Nob","floor":12.0,"turns":4.0},{"damage":6.0,"enemies":"3 Louse","floor":14.0,"turns":3.0},{"damage":4.0,"enemies":"Slime Boss","floor":16.0,"turns":10.0},{"damage":14.0,"enemies":"3 Byrds","floor":18.0,"turns":7.0},{"damage":6.0,"enemies":"Chosen","floor":21.0,"turns":4.0},{"damage":28.0,"enemies":"Book of Stabbing","floor":23.0,"turns":8.0},{"damage":9.0,"enemies":"Snecko","floor":24.0,"turns":5.0},{"damage":61.0,"enemies":"Slavers","floor":27.0,"turns":10.0},{"damage":19.0,"enemies":"Snake Plant","floor":30.0,"turns":5.0},{"damage":35.0,"enemies":"Champ","floor":33.0,"turns":13.0},{"damage":10.0,"enemies":"3 Shapes","floor":35.0,"turns":2.0},{"damage":40.0,"enemies":"2 Orb Walkers","floor":36.0,"turns":5.0},{"damage":9,"enemies":"3 Darklings","floor":38,"turns":3},{"damage":2,"enemies":"Transient","floor":39,"turns":5},{"damage":12,"enemies":"4 Shapes","floor":41,"turns":4},{"damage":11,"enemies":"3 Darklings","floor":44,"turns":3},{"damage":9,"enemies":"Transient","floor":48,"turns":5},{"damage":80,"enemies":"Donu and Deca","floor":50,"turns":7}],"seed_played":"-7653074530245811271","potions_obtained":[{"floor":1.0,"key":"PowerPotion"},{"floor":5.0,"key":"Block Potion"},{"floor":11.0,"key":"SpeedPotion"},{"floor":16.0,"key":"GamblersBrew"},{"floor":18.0,"key":"SpeedPotion"},{"floor":24.0,"key":"Strength Potion"},{"floor":33.0,"key":"SteroidPotion"},{"floor":35.0,"key":"Explosive Potion"},{"floor":36.0,"key":"Swift Potion"},{"floor":38,"key":"LiquidBronze"},{"floor":41,"key":"Strength Potion"},{"floor":44,"key":"Strength Potion"}],"is_trial":false,"path_per_floor":["M","M","?","M","M","R","M","R","T","R","M","E","R","M","R","B",null,"M","?","$","M","$","E","M","R","T","E","R","?","M","T","R","B",null,"M","?","?","M","M","R","M","$","T","M","R","?","R","M","R","B"],"character_chosen":"DEFECT","items_purchased":["Mummified Hand","Storm","FossilizedHelix","Anchor","ClockworkSouvenir","Dark Shackles"],"campfire_rested":4,"item_purchase_floors":[20,20,42,42,42,42],"current_hp_per_floor":[74,74,74,73,75,75,62,62,62,62,60,45,45,49,71,75,75,71,71,71,75,75,57,60,60,60,11,33,33,26,26,48,25,75,65,47,53,46,56,56,46,46,46,47,71,71,71,74,74,0],"gold":70,"neow_bonus":"THREE_CARDS","is_prod":false,"is_daily":false,"chose_seed":false,"campfire_upgraded":7,"win_rate":0,"timestamp":1556213113,"path_taken":["M","M","?","M","M","R","M","R","T","R","M","E","R","?","R","BOSS","M","?","$","M","$","E","M","R","T","E","R","?","M","?","R","BOSS","M","?","?","?","M","R","M","$","T","M","R","?","R","?","R","BOSS"],"build_version":"2019-01-23","purchased_purges":2,"victory":false,"max_hp_per_floor":[75,75,75,75,75,75,75,75,75,75,75,75,75,75,75,75,75,75,75,75,75,75,75,75,75,75,75,75,75,75,75,75,75,75,75,75,81,81,81,81,81,81,81,81,81,81,81,81,81,81],"card_choices":[{"not_picked":["Tempest","Lockon"],"picked":"Hologram","floor":0.0},{"not_picked":["Tempest","Redo"],"picked":"Glacier","floor":1.0},{"not_picked":["Turbo","Scrape"],"picked":"Self Repair","floor":2.0},{"not_picked":["Leap","Chaos","Rip and Tear"],"picked":"SKIP","floor":4.0},{"not_picked":["Compile Driver","Hologram","Double Energy"],"picked":"SKIP","floor":5.0},{"not_picked":["Stack","Steam","Rebound"],"picked":"SKIP","floor":7.0},{"not_picked":["Sweeping Beam","Stack","Recycle"],"picked":"SKIP","floor":11.0},{"not_picked":["Compile Driver","Leap"],"picked":"Hologram","floor":12.0},{"not_picked":["All For One","Coolheaded"],"picked":"White Noise","floor":14.0},{"not_picked":["Machine Learning","All For One"],"picked":"Seek","floor":16.0},{"not_picked":["Storm","Hologram"],"picked":"Barrage+1","floor":18.0},{"not_picked":["Beam Cell","Stack"],"picked":"Conserve Battery","floor":21.0},{"not_picked":["Stack","Core Surge"],"picked":"Barrage","floor":23.0},{"not_picked":["Fusion","Sunder","Gash+1"],"picked":"SKIP","floor":24.0},{"not_picked":["Auto Shields","Streamline"],"picked":"Barrage","floor":27.0},{"not_picked":["Sunder","Barrage"],"picked":"Cold Snap","floor":30.0},{"not_picked":["Rebound","Stack"],"picked":"Cold Snap","floor":32.0},{"not_picked":["All For One","Seek"],"picked":"Biased Cognition","floor":33.0},{"not_picked":["Streamline","Reprogram+1"],"picked":"Ball Lightning+1","floor":35.0},{"not_picked":["Stack+1","Rebound"],"picked":"Cold Snap","floor":36.0},{"not_picked":["Hologram+1","Doom and Gloom"],"picked":"Blizzard","floor":38},{"not_picked":["Streamline","Melter+1"],"picked":"Storm","floor":39},{"not_picked":["Compile Driver","Multi-Cast"],"picked":"Coolheaded+1","floor":41},{"not_picked":["Sweeping Beam+1","Go for the Eyes+1"],"picked":"BootSequence","floor":44},{"not_picked":["Beam Cell+1","Fusion"],"picked":"Coolheaded","floor":45},{"not_picked":["Scrape","Leap+1","Darkness+1"],"picked":"SKIP","floor":48}],"player_experience":900990,"relics_obtained":[{"floor":3.0,"key":"Blue Candle"},{"floor":12.0,"key":"Orichalcum"},{"floor":23.0,"key":"Blood Vial"},{"floor":26.0,"key":"Darkstone Periapt"},{"floor":27.0,"key":"Dream Catcher"},{"floor":31.0,"key":"MawBank"},{"floor":36.0,"key":"Old Coin"},{"floor":43,"key":"Lantern"}],"event_choices":[{"damage_healed":0.0,"max_hp_gain":0.0,"max_hp_loss":0.0,"gold_gain":0.0,"event_name":"Wheel of Change","player_choice":"Relic","floor":3.0,"gold_loss":0.0,"damage_taken":0.0},{"damage_healed":0.0,"max_hp_gain":0.0,"max_hp_loss":0.0,"gold_gain":0.0,"event_name":"Vampires","player_choice":"Ignored","floor":19.0,"gold_loss":0.0,"damage_taken":0.0},{"damage_healed":0.0,"max_hp_gain":0.0,"max_hp_loss":0.0,"gold_gain":99.0,"event_name":"Nest","player_choice":"Stole From Cult","floor":29.0,"gold_loss":0.0,"damage_taken":0.0},{"damage_healed":0.0,"max_hp_gain":0.0,"max_hp_loss":0.0,"gold_gain":0.0,"event_name":"Mysterious Sphere","player_choice":"Fight","floor":36.0,"gold_loss":0.0,"damage_taken":0.0},{"damage_healed":0,"gold_gain":0,"player_choice":"Rummage","damage_taken":0,"relics_obtained":["WarpedTongs"],"max_hp_gain":0,"max_hp_loss":0,"event_name":"Accursed Blacksmith","floor":37,"gold_loss":0,"cards_obtained":["Pain"]},{"cards_removed":["Strike_B"],"damage_healed":0,"gold_gain":0,"player_choice":"Offered Basic","damage_taken":0,"max_hp_gain":0,"max_hp_loss":0,"event_name":"Bonfire Elementals","floor":46,"gold_loss":0}],"is_beta":false,"boss_relics":[{"not_picked":["Astrolabe","FrozenCore"],"picked":"Inserter"},{"not_picked":["Black Star","Nuclear Battery"],"picked":"White Beast Statue"}],"items_purged_floors":[22,42],"is_endless":false,"potions_floor_spawned":[1,5,11,16,18,24,33,35,36,38,39,41,44,48],"killed_by":"Donu and Deca","ascension_level":0}