{"path_per_floor":["M","M","M","?","?","E","R","?","T","R","M","E","R","E","R","B",null,"M","?","?","M","M","R","?","R","T","?","T","M","E","M","R","B",null,"M","$","?","$","?","M","R","E","T","$","?","M","?","M","R","B"],"character_chosen":"IRONCLAD","items_purchased":["Torii","Vajra","Mind Blast","Swift Potion","Fire Potion","Iron Wave"],"gold_per_floor":[113,131,142,142,142,175,175,205,252,252,268,306,306,350,350,474,474,495,495,495,509,523,523,523,523,523,573,573,593,626,642,642,740,740,755,368,415,263,263,282,282,312,312,0,0,11,11,28,28,28],"floor_reached":51,"campfire_rested":1,"playtime":2641,"current_hp_per_floor":[77,79,78,75,75,45,45,25,25,49,55,53,53,41,41,25,66,69,69,53,59,65,65,65,65,65,70,70,74,73,73,73,22,66,78,78,61,61,61,78,78,70,70,70,70,80,80,84,84,57],"items_purged":["Injury","Defend_R"],"gold":28,"score":1000,"play_id":"79868864-65ec-4277-85df-86a89e9a3bfc","local_time":"20180311150547","is_prod":false,"is_daily":false,"is_ascension_mode":true,"campfire_upgraded":8,"timestamp":1520795147,"path_taken":["M","?","M","?","?","E","R","?","T","R","M","E","R","E","R","BOSS","M","?","?","?","M","R","?","R","T","?","?","?","E","M","R","BOSS","M","$","?","$","?","?","R","E","T","$","?","M","?","M","R","BOSS"],"build_version":"2018-03-09","purchased_purges":4,"victory":true,"master_deck":["Strike_R","Strike_R","Strike_R","Strike_R","Strike_R","Defend_R","Defend_R+1","Bash+1","Flex+1","Shockwave+1","Ghostly Armor+1","Shrug It Off+1","Thunderclap+1","Bludgeon+1","Heavy Blade+1","Bludgeon+1","Seeing Red+1","Sword Boomerang+1","Pommel Strike+1","Clothesline+1","Disarm+1","Offering+1","Feed+1","Perfected Strike+1","Uppercut+1","Inflame+1","Clash+1","Mind Blast+1","Iron Wave+1","Headbutt+1","Blood for Blood+1"],"max_hp_per_floor":[80,80,80,80,80,80,80,80,80,80,80,80,80,80,80,80,80,80,80,80,80,80,80,80,80,80,80,80,80,80,80,80,80,80,80,80,80,80,80,80,80,80,80,80,80,80,80,84,84,84],"relics":["Black Blood","Toolbox","Bloody Idol","Dream Catcher","Odd Mushroom","Orichalcum","Molten Egg 2","Unceasing Top","Velvet Choker","Nilry\u0027s Codex","Ice Cream","Magic Flower","Blood Vial","Torii","Ginger","Vajra","Juzu Bracelet","Ancient Tea Set","Red Mask"],"card_choices":[{"not_picked":["Anger","Twin Strike"],"picked":"Flex"},{"not_picked":["Intimidate","Havoc"],"picked":"Shockwave"},{"not_picked":["Second Wind","Headbutt"],"picked":"Ghostly Armor"},{"not_picked":["Pommel Strike","Second Wind"],"picked":"Shrug It Off"},{"not_picked":["Clothesline","Perfected Strike"],"picked":"Thunderclap"},{"not_picked":["Infernal Blade","Uppercut"],"picked":"Bludgeon"},{"not_picked":["Evolve","Perfected Strike"],"picked":"Heavy Blade"},{"not_picked":["Fiend Fire","Immolate"],"picked":"Bludgeon"},{"not_picked":["Evolve","Power Through"],"picked":"Seeing Red"},{"not_picked":["Anger","Body Slam"],"picked":"Pommel Strike"},{"not_picked":["Seeing Red","Warcry"],"picked":"Clothesline"},{"not_picked":["Cleave","Havoc"],"picked":"Disarm"},{"not_picked":["Clash","Shrug It Off"],"picked":"Offering"},{"not_picked":["Impervious","Juggernaut"],"picked":"Feed"},{"not_picked":["Warcry","Clash"],"picked":"Perfected Strike"},{"not_picked":["Carnage","Pummel"],"picked":"Uppercut"},{"not_picked":["Flex","Havoc"],"picked":"Inflame"},{"not_picked":["Pommel Strike","Armaments"],"picked":"Clash"},{"not_picked":["True Grit","Combust"],"picked":"Headbutt"},{"not_picked":["Pummel","Intimidate"],"picked":"Blood for Blood"}],"player_experience":463582,"potions_floor_usage":[6,12,16,29,30,33,42,42,48,48],"damage_taken":[{"damage":1,"enemies":"Cultist","floor":1,"turns":4},{"damage":4,"enemies":"2 Louse","floor":2,"turns":3},{"damage":7,"enemies":"Jaw Worm","floor":3,"turns":4},{"damage":36,"enemies":"Lagavulin","floor":6,"turns":7},{"damage":26,"enemies":"The Mushroom Lair","floor":8,"turns":6},{"damage":0,"enemies":"Looter","floor":11,"turns":4},{"damage":12,"enemies":"Gremlin Nob","floor":12,"turns":6},{"damage":18,"enemies":"3 Sentries","floor":14,"turns":8},{"damage":22,"enemies":"The Guardian","floor":16,"turns":10},{"damage":3,"enemies":"Spheric Guardian","floor":18,"turns":3},{"damage":0,"enemies":"Shell Parasite","floor":21,"turns":1},{"damage":0,"enemies":"Chosen and Byrds","floor":22,"turns":4},{"damage":10,"enemies":"3 Cultists","floor":29,"turns":4},{"damage":15,"enemies":"Gremlin Leader","floor":30,"turns":5},{"damage":17,"enemies":"Sentry and Sphere","floor":31,"turns":4},{"damage":68,"enemies":"Automaton","floor":33,"turns":9},{"damage":11,"enemies":"3 Darklings","floor":35,"turns":3},{"damage":45,"enemies":"Mysterious Sphere","floor":37,"turns":7},{"damage":6,"enemies":"3 Shapes","floor":40,"turns":5},{"damage":30,"enemies":"2 Orb Walkers","floor":42,"turns":4},{"damage":4,"enemies":"3 Darklings","floor":46,"turns":2},{"damage":20,"enemies":"4 Shapes","floor":48,"turns":3},{"damage":42,"enemies":"Time Eater","floor":50,"turns":5}],"event_choices":[{"event_name":"Scrap Ooze","player_choice":"success","floor":4,"damage_taken":3},{"event_name":"Golden Idol","player_choice":"Take Wound","floor":5,"damage_taken":0},{"event_name":"Mushrooms","player_choice":"Fought Mushrooms","floor":8,"damage_taken":0},{"event_name":"The Library","player_choice":"Read","floor":19,"damage_taken":0},{"event_name":"Cursed Tome","player_choice":"Obtained Book","floor":20,"damage_taken":0},{"event_name":"Forgotten Altar","player_choice":"Gave Idol","floor":24,"damage_taken":0},{"event_name":"The Joust","player_choice":"Bet on Murderer","floor":27,"damage_taken":0},{"event_name":"Mysterious Sphere","player_choice":"Fight","floor":37,"damage_taken":0},{"event_name":"Tomb of Lord Red Mask","player_choice":"Paid","floor":45,"damage_taken":0},{"event_name":"Accursed Blacksmith","player_choice":"Ignore","floor":47,"damage_taken":0}],"boss_relics":[{"not_picked":["Cursed Key","Runic Pyramid"],"picked":"Velvet Choker"},{"not_picked":["Tiny House","Eternal Feather"],"picked":"Black Blood"}],"potions_floor_spawned":[2,11,14,16,21,30,31,40,46,48],"seed_played":"-3823023726789246619","ascension_level":8,"is_trial":false}