{"gold_per_floor":[117,132,147,147,166,209,209,209],"floor_reached":8,"playtime":315,"items_purged":[],"score":216,"play_id":"21c25432-a9f1-4db1-bbb0-6cbf90eb3cd8","local_time":"20190408012246","is_ascension_mode":true,"campfire_choices":[{"floor":7,"key":"REST"}],"neow_cost":"NONE","seed_source_timestamp":573203284824176,"circlet_count":0,"master_deck":["AscendersBane","Defend_G","Defend_G","Defend_G","Defend_G","Defend_G","Strike_G","Strike_G","Strike_G","Strike_G","Strike_G","Survivor","Neutralize","Doubt","Doubt","Doubt","Acrobatics","Escape Plan","Terror","Injury","Caltrops+1","Dagger Spray"],"relics":["Calling Bell","Bronze Scales","Frozen Egg 2","Du-Vu Doll","Golden Idol","Ice Cream"],"potions_floor_usage":[6,8],"damage_taken":[{"damage":2,"enemies":"2 Louse","floor":1,"turns":2},{"damage":0,"enemies":"Jaw Worm","floor":2,"turns":2},{"damage":1,"enemies":"Small Slimes","floor":3,"turns":4},{"damage":10,"enemies":"Exordium Wildlife","floor":5,"turns":4},{"damage":38,"enemies":"Lagavulin","floor":6,"turns":6},{"damage":38,"enemies":"Gremlin Nob","floor":8,"turns":3}],"seed_played":"1972074098801396644","potions_obtained":[{"floor":3,"key":"Swift Potion"},{"floor":6,"key":"SpeedPotion"}],"is_trial":false,"path_per_floor":["M","M","M","?","M","E","R","E"],"character_chosen":"THE_SILENT","items_purchased":[],"campfire_rested":1,"item_purchase_floors":[],"current_hp_per_floor":[57,57,56,56,46,8,27,0],"gold":209,"neow_bonus":"BOSS_RELIC","is_prod":false,"is_daily":false,"chose_seed":false,"campfire_upgraded":0,"win_rate":0,"timestamp":1554700966,"path_taken":["M","M","M","?","M","E","R","E"],"build_version":"2019-01-23","purchased_purges":0,"victory":false,"max_hp_per_floor":[66,66,66,66,66,66,66,66],"card_choices":[{"not_picked":["Heel Hook","Prepared"],"picked":"Acrobatics","floor":1},{"not_picked":["Acrobatics","Calculated Gamble"],"picked":"Escape Plan","floor":2},{"not_picked":["Backflip","Finisher"],"picked":"Terror","floor":3},{"not_picked":["All Out Attack","Reflex"],"picked":"Caltrops+1","floor":5},{"not_picked":["Blade Dance","PiercingWail"],"picked":"Dagger Spray","floor":6}],"player_experience":1717743,"relics_obtained":[{"floor":0,"key":"Bronze Scales"},{"floor":0,"key":"Frozen Egg 2"},{"floor":0,"key":"Du-Vu Doll"},{"floor":6,"key":"Ice Cream"}],"event_choices":[{"damage_healed":0,"gold_gain":0,"player_choice":"Take Wound","damage_taken":0,"relics_obtained":["Golden Idol"],"max_hp_gain":0,"max_hp_loss":0,"event_name":"Golden Idol","floor":4,"gold_loss":0,"cards_obtained":["Injury"]}],"is_beta":false,"boss_relics":[],"items_purged_floors":[],"is_endless":false,"potions_floor_spawned":[3,6],"killed_by":"Gremlin Nob","ascension_level":20}