{"path_per_floor":["M","?","?","$","$","R","E","R","T","R","M","M","?","M","R","B",null,"M","M","?","?","$","M","R"],"character_chosen":"THE_SILENT","items_purchased":["Panacea","Vajra","Whetstone"],"gold_per_floor":[363,363,313,150,7,7,35,35,87,87,102,119,119,132,132,228,228,252,277,202,202,46,59,59,59],"floor_reached":25,"campfire_rested":0,"playtime":789,"current_hp_per_floor":[58,58,58,58,58,58,28,28,28,28,28,28,28,28,28,16,46,21,17,17,17,17,5,13,0],"items_purged":["Defend_G"],"gold":59,"score":364,"play_id":"7e065439-2b51-4064-9337-1bb5406ca1f1","local_time":"20180407101841","is_prod":false,"is_daily":false,"is_ascension_mode":true,"campfire_upgraded":5,"timestamp":1523110721,"path_taken":["M","?","?","?","$","R","E","R","T","R","?","M","?","M","R","BOSS","M","M","?","?","$","M","R","E"],"build_version":"2018-04-05v2","purchased_purges":1,"victory":false,"master_deck":["Defend_G","Defend_G","Defend_G","Survivor+1","Neutralize+1","AscendersBane","Flying Knee+1","Panacea","Phantasmal Killer+1","Dagger Spray","Terror","Skewer+1","Doppelganger+1","PiercingWail+1","Dash","Bite","Bite","Bite","Bite+1","Bite"],"max_hp_per_floor":[60,60,60,60,60,60,60,60,60,60,60,60,56,56,56,56,56,56,56,56,39,39,39,39,39],"relics":["Ring of the Snake","Vajra","Ancient Tea Set","Pen Nib","Golden Idol","Eternal Feather","Whetstone"],"card_choices":[{"not_picked":["Acrobatics","Outmaneuver"],"picked":"Flying Knee","floor":1},{"not_picked":["Blur","Quick Slash"],"picked":"Phantasmal Killer","floor":7},{"not_picked":["Calculated Gamble","Dagger Throw"],"picked":"Dagger Spray","floor":11},{"not_picked":["Underhanded Strike","Noxious Fumes"],"picked":"Terror","floor":12},{"not_picked":["Footwork","Slice"],"picked":"Skewer","floor":14},{"not_picked":["Tactician","After Image"],"picked":"Doppelganger","floor":16},{"not_picked":["Acrobatics","Dagger Throw"],"picked":"PiercingWail","floor":18},{"not_picked":["Leg Sweep","Concentrate"],"picked":"Dash","floor":19}],"player_experience":710411,"potions_floor_usage":[7,7,16,18,19],"damage_taken":[{"damage":1,"enemies":"Small Slimes","floor":1,"turns":5},{"damage":30,"enemies":"Lagavulin","floor":7,"turns":9},{"damage":0,"enemies":"Cultist","floor":11,"turns":3},{"damage":0,"enemies":"Jaw Worm","floor":12,"turns":2},{"damage":0,"enemies":"2 Fungi Beasts","floor":14,"turns":2},{"damage":12,"enemies":"The Guardian","floor":16,"turns":6},{"damage":25,"enemies":"2 Thieves","floor":18,"turns":4},{"damage":4,"enemies":"3 Byrds","floor":19,"turns":5},{"damage":17,"enemies":"Slaver and Parasite","floor":23,"turns":5},{"damage":16,"enemies":"Slavers","floor":25,"turns":1}],"event_choices":[{"event_name":"The Lab","player_choice":"Got Potions","floor":2,"damage_taken":0},{"event_name":"The Cleric","player_choice":"Card Removal","floor":3,"damage_taken":0},{"event_name":"Golden Idol","player_choice":"Lose Max HP","floor":13,"damage_taken":0},{"event_name":"Beggar","player_choice":"Gave Gold","floor":20,"damage_taken":0},{"event_name":"Vampires","player_choice":"Became a vampire","floor":21,"damage_taken":0}],"boss_relics":[{"not_picked":["Pandora\u0027s Box","Snecko Eye"],"picked":"Eternal Feather"}],"potions_floor_spawned":[12,16],"seed_played":"-7104214387873618134","killed_by":"Slavers","ascension_level":14,"is_trial":false}