{"path_per_floor":["M","?","$","M","M","E","$","R","T","M","E","R","M","M","R","B",null,"M","M","$","?","M","R","E","R","T","?","M","?","R","M","R","B",null,"M","M","?","M","M","R","?","R","T","M","T","?","M","E","R","B"],"character_chosen":"THE_SILENT","items_purchased":["Leg Sweep","Panache","Caltrops"],"gold_per_floor":[18,168,57,70,82,108,8,8,86,106,131,131,149,166,166,243,243,243,243,9,9,9,9,9,9,9,9,9,9,9,9,9,9,9,9,9,9,9,9,9,9,9,9,9,9,0,0,0,0,0],"floor_reached":51,"campfire_rested":0,"playtime":4104,"current_hp_per_floor":[55,55,55,54,54,38,38,38,38,32,42,42,42,42,42,42,60,57,57,57,57,33,33,18,18,18,18,18,18,18,21,21,43,45,45,46,53,42,50,50,50,50,50,52,52,52,53,53,53,53],"items_purged":["Doubt","Defend_G"],"gold":0,"score":1335,"play_id":"3173a855-3f1e-4a9a-8399-74466206ffdf","local_time":"20180421145343","is_prod":false,"is_daily":false,"chose_seed":false,"is_ascension_mode":true,"campfire_upgraded":10,"timestamp":1524336823,"path_taken":["M","?","$","?","M","E","?","R","T","?","E","R","M","M","R","BOSS","M","M","$","?","M","R","E","R","T","?","?","?","R","?","R","BOSS","M","?","?","?","M","R","?","R","T","M","?","?","M","E","R","BOSS"],"build_version":"2018-04-19","seed_source_timestamp":519208257823511,"purchased_purges":3,"victory":true,"master_deck":["Defend_G","Defend_G","Defend_G","Defend_G","Survivor","Neutralize","AscendersBane","Noxious Fumes+1","Leg Sweep","Footwork+1","Backflip","PiercingWail","Night Terror+1","Blur+1","Escape Plan","Burst+1","Noxious Fumes+1","Panache+1","Caltrops+1","Bite","Bite","Bite","Bite","Well Laid Plans+1","Wraith Form v2+1","Bouncing Flask+1"],"max_hp_per_floor":[66,66,66,66,66,66,66,66,66,66,66,66,66,66,66,66,66,66,66,66,66,66,66,66,66,66,66,66,46,46,46,46,46,46,46,46,53,53,53,53,53,53,53,53,53,53,53,53,53,53],"relics":["Ring of the Snake","Omamori","Gremlin Horn","Ice Cream","Ectoplasm","Ornamental Fan","Mercury Hourglass","Smiling Mask","Cursed Key","Strawberry","Red Mask","Bag of Preparation"],"card_choices":[{"not_picked":["Sucker Punch","Quick Slash"],"picked":"Noxious Fumes","floor":1},{"not_picked":["Cloak And Dagger","PiercingWail"],"picked":"Footwork","floor":4},{"not_picked":["Dagger Spray","Bane"],"picked":"Backflip","floor":5},{"not_picked":["Terror","Choke"],"picked":"PiercingWail","floor":6},{"not_picked":["Skewer","Terror"],"picked":"Night Terror","floor":10},{"not_picked":["Bane","Terror"],"picked":"Blur","floor":11},{"not_picked":["Bane","Dagger Throw"],"picked":"Escape Plan","floor":13},{"not_picked":["Die Die Die","Phantasmal Killer"],"picked":"Burst","floor":16},{"not_picked":["Poisoned Stab","Dagger Spray"],"picked":"Noxious Fumes","floor":19},{"not_picked":["Quick Slash","Dodge and Roll"],"picked":"Well Laid Plans","floor":31},{"not_picked":["Tools of the Trade","Storm of Steel"],"picked":"Wraith Form v2","floor":33},{"not_picked":["Outmaneuver","Accuracy"],"picked":"Bouncing Flask","floor":36}],"player_experience":909244,"potions_floor_usage":[6,11,16,19,24,33,33,50,50,50],"damage_taken":[{"damage":4,"enemies":"2 Louse","floor":1,"turns":5},{"damage":1,"enemies":"Small Slimes","floor":4,"turns":5},{"damage":0,"enemies":"Jaw Worm","floor":5,"turns":8},{"damage":16,"enemies":"Gremlin Nob","floor":6,"turns":6},{"damage":6,"enemies":"Gremlin Gang","floor":10,"turns":6},{"damage":2,"enemies":"3 Sentries","floor":11,"turns":7},{"damage":0,"enemies":"Red Slaver","floor":13,"turns":7},{"damage":0,"enemies":"Large Slime","floor":14,"turns":10},{"damage":0,"enemies":"Hexaghost","floor":16,"turns":14},{"damage":3,"enemies":"Spheric Guardian","floor":18,"turns":5},{"damage":0,"enemies":"Chosen","floor":19,"turns":8},{"damage":24,"enemies":"Centurion and Healer","floor":22,"turns":8},{"damage":15,"enemies":"Book of Stabbing","floor":24,"turns":8},{"damage":0,"enemies":"3 Cultists","floor":28,"turns":4},{"damage":9,"enemies":"Snake Plant","floor":31,"turns":6},{"damage":4,"enemies":"Automaton","floor":33,"turns":10},{"damage":0,"enemies":"3 Darklings","floor":35,"turns":3},{"damage":0,"enemies":"3 Shapes","floor":36,"turns":4},{"damage":21,"enemies":"Maw","floor":38,"turns":7},{"damage":0,"enemies":"3 Darklings","floor":39,"turns":4},{"damage":0,"enemies":"4 Shapes","floor":44,"turns":2},{"damage":0,"enemies":"Maw","floor":47,"turns":7},{"damage":0,"enemies":"2 Orb Walkers","floor":48,"turns":5},{"damage":14,"enemies":"Awakened One","floor":50,"turns":13}],"event_choices":[{"event_name":"Liars Game","player_choice":"agreed","floor":2,"damage_taken":0},{"event_name":"The Mausoleum","player_choice":"Yes","floor":21,"damage_taken":0},{"event_name":"Addict","player_choice":"Ignored","floor":27,"damage_taken":0},{"event_name":"Vampires","player_choice":"Became a vampire","floor":29,"damage_taken":0},{"event_name":"Accursed Blacksmith","player_choice":"Rummage","floor":37,"damage_taken":0},{"event_name":"Tomb of Lord Red Mask","player_choice":"Paid","floor":46,"damage_taken":0}],"boss_relics":[{"not_picked":["Runic Dome","Calling Bell"],"picked":"Ectoplasm"},{"not_picked":["Snecko Eye","Tiny House"],"picked":"Cursed Key"}],"potions_floor_spawned":[5,10,11,14,16,19,24,28,47,48],"seed_played":"-3255518183556118382","ascension_level":15,"is_trial":false}