{"gold_per_floor":[119,119,119,44,44,44,73,73,73,73,92,92,92,106,106,183,183,194,212,212,137,137,137,165,165,165,46,46,56,56,56],"floor_reached":31,"playtime":590,"items_purged":["Decay"],"score":494,"play_id":"6f853534-a5eb-4058-bee8-4b9117790ce8","local_time":"20190307133519","is_ascension_mode":true,"campfire_choices":[{"data":"Fiend Fire","floor":6,"key":"SMITH"},{"data":"Bash","floor":8,"key":"SMITH"},{"floor":10,"key":"REST"},{"data":"Demon Form","floor":12,"key":"SMITH"},{"data":"Cleave","floor":15,"key":"SMITH"},{"data":"Intimidate","floor":23,"key":"SMITH"},{"floor":25,"key":"REST"},{"data":"Writhe","floor":30,"key":"PURGE"}],"neow_cost":"TEN_PERCENT_HP_LOSS","seed_source_timestamp":526497329454419,"circlet_count":0,"master_deck":["AscendersBane","Strike_R+1","Strike_R","Defend_R","Defend_R","Defend_R","Defend_R+1","Bash+1","Fiend Fire+1","Cleave+1","Demon Form+1","Reaper","Metallicize","Intimidate+1","Shrug It Off","Shrug It Off","Feel No Pain","Uppercut"],"relics":["Burning Blood","Darkstone Periapt","Red Skull","Oddly Smooth Stone","Mark of Pain","Blue Candle","Peace Pipe","Frozen Egg 2"],"potions_floor_usage":[16,18,24,29],"damage_taken":[{"damage":1,"enemies":"Cultist","floor":1,"turns":3},{"damage":40,"enemies":"3 Sentries","floor":7,"turns":8},{"damage":0,"enemies":"Small Slimes","floor":11,"turns":2},{"damage":0,"enemies":"2 Louse","floor":14,"turns":2},{"damage":18,"enemies":"The Guardian","floor":16,"turns":6},{"damage":23,"enemies":"2 Thieves","floor":18,"turns":4},{"damage":21,"enemies":"Spheric Guardian","floor":19,"turns":4},{"damage":54,"enemies":"Slavers","floor":24,"turns":8},{"damage":28,"enemies":"Cultist and Chosen","floor":29,"turns":9},{"damage":44,"enemies":"Book of Stabbing","floor":31,"turns":5}],"seed_played":"-8966565702805407873","potions_obtained":[{"floor":7,"key":"AttackPotion"},{"floor":16,"key":"Fire Potion"},{"floor":19,"key":"Weak Potion"},{"floor":24,"key":"FearPotion"}],"is_trial":false,"path_per_floor":["M","?","?","?","?","R","E","R","T","R","M","R","?","M","R","B",null,"M","M","?","?","?","R","E","R","T","$","?","M","R","E"],"character_chosen":"IRONCLAD","items_purchased":["Feel No Pain"],"campfire_rested":2,"item_purchase_floors":[27],"current_hp_per_floor":[68,61,66,66,48,48,14,14,14,35,41,41,19,25,25,13,58,41,26,26,26,32,32,8,31,31,31,37,39,39,0],"gold":56,"neow_bonus":"THREE_RARE_CARDS","is_prod":false,"is_daily":false,"chose_seed":false,"campfire_upgraded":5,"win_rate":0,"timestamp":1551990919,"path_taken":["M","?","?","?","?","R","E","R","T","R","M","R","?","M","R","BOSS","M","M","?","?","?","R","E","R","T","$","?","M","R","E"],"build_version":"2019-02-06","purchased_purges":1,"victory":false,"max_hp_per_floor":[68,68,73,73,73,73,73,73,73,73,73,73,73,73,73,73,73,73,73,73,73,79,79,79,79,79,79,85,85,85,85],"card_choices":[{"not_picked":["Barricade","Limit Break"],"picked":"Fiend Fire","floor":0},{"not_picked":["Fire Breathing","Wild Strike"],"picked":"Cleave","floor":1},{"not_picked":["Perfected Strike","Cleave"],"picked":"Demon Form","floor":7},{"not_picked":["Wild Strike","Thunderclap","Fire Breathing"],"picked":"SKIP","floor":11},{"not_picked":["Heavy Blade","Combust","Thunderclap"],"picked":"SKIP","floor":14},{"not_picked":["Brutality","Exhume"],"picked":"Reaper","floor":16},{"not_picked":["Corruption","Anger"],"picked":"Metallicize","floor":18},{"not_picked":["Clash","Havoc"],"picked":"Intimidate","floor":19},{"not_picked":["Anger","Infernal Blade+1"],"picked":"Shrug It Off","floor":24},{"not_picked":["Wild Strike","Body Slam"],"picked":"Uppercut","floor":29}],"player_experience":1166617,"relics_obtained":[{"floor":7,"key":"Red Skull"},{"floor":9,"key":"Oddly Smooth Stone"},{"floor":24,"key":"Blue Candle"},{"floor":26,"key":"Peace Pipe"}],"event_choices":[{"cards_removed":["Strike_R"],"damage_healed":0,"gold_gain":0,"player_choice":"Card Removal","damage_taken":7,"max_hp_gain":0,"max_hp_loss":0,"event_name":"Golden Wing","floor":2,"gold_loss":0},{"damage_healed":0,"gold_gain":0,"player_choice":"Donut","damage_taken":0,"max_hp_gain":5,"max_hp_loss":0,"event_name":"Big Fish","floor":3,"gold_loss":0},{"cards_removed":["Strike_R"],"damage_healed":0,"gold_gain":0,"player_choice":"Card Removal","damage_taken":0,"max_hp_gain":0,"max_hp_loss":0,"event_name":"The Cleric","floor":4,"gold_loss":75},{"damage_healed":0,"gold_gain":0,"player_choice":"Success","damage_taken":18,"relics_obtained":["Darkstone Periapt"],"max_hp_gain":0,"max_hp_loss":0,"event_name":"Scrap Ooze","floor":5,"gold_loss":0},{"damage_healed":0,"gold_gain":0,"player_choice":"Entered Light","damage_taken":22,"max_hp_gain":0,"max_hp_loss":0,"event_name":"Shining Light","floor":13,"gold_loss":0,"cards_upgraded":["Strike_R","Defend_R"]},{"damage_healed":0,"gold_gain":0,"player_choice":"Read","damage_taken":0,"max_hp_gain":0,"max_hp_loss":0,"event_name":"The Library","floor":20,"gold_loss":0,"cards_obtained":["Shrug It Off"]},{"cards_removed":["Strike_R"],"damage_healed":0,"gold_gain":0,"player_choice":"Gave Gold","damage_taken":0,"max_hp_gain":0,"max_hp_loss":0,"event_name":"Beggar","floor":21,"gold_loss":75},{"damage_healed":0,"gold_gain":0,"player_choice":"Smashed Altar","damage_taken":0,"max_hp_gain":0,"max_hp_loss":0,"event_name":"Forgotten Altar","floor":22,"gold_loss":0,"cards_obtained":["Decay"]},{"damage_healed":0,"gold_gain":0,"player_choice":"Opened","damage_taken":0,"relics_obtained":["Frozen Egg 2"],"max_hp_gain":0,"max_hp_loss":0,"event_name":"The Mausoleum","floor":28,"gold_loss":0,"cards_obtained":["Writhe"]}],"is_beta":true,"boss_relics":[{"not_picked":["Pandora\u0027s Box","Busted Crown"],"picked":"Mark of Pain"}],"items_purged_floors":[27],"is_endless":false,"potions_floor_spawned":[7,16,19,24],"killed_by":"Book of Stabbing","ascension_level":20}