{"gold_per_floor":[118,136,136,146,165,165,195,208,208,208,208,224,251,251,251,251],"floor_reached":16,"playtime":991,"items_purged":[],"score":218,"play_id":"8258127b-2653-40e0-8447-1dd6593193e2","local_time":"20190323041232","is_ascension_mode":true,"campfire_choices":[{"data":"Cloak And Dagger","floor":6,"key":"SMITH"},{"floor":10,"key":"REST"},{"data":"Infinite Blades","floor":11,"key":"SMITH"},{"data":"Footwork","floor":15,"key":"SMITH"}],"neow_cost":"NONE","seed_source_timestamp":527458867919790,"circlet_count":0,"master_deck":["AscendersBane","Defend_G","Defend_G","Defend_G","Defend_G","Defend_G","Strike_G","Strike_G","Strike_G","Strike_G","Strike_G","Survivor","Neutralize","Cloak And Dagger+1","Deflect","Poisoned Stab","Footwork+1","Infinite Blades+1","Terror","Tools of the Trade","Acrobatics"],"relics":["Ring of the Snake","WingedGreaves","Oddly Smooth Stone","Centennial Puzzle","Kunai"],"potions_floor_usage":[5,8,16,16],"damage_taken":[{"damage":0,"enemies":"2 Louse","floor":1,"turns":3},{"damage":0,"enemies":"Cultist","floor":2,"turns":3},{"damage":0,"enemies":"Small Slimes","floor":4,"turns":5},{"damage":0,"enemies":"Red Slaver","floor":5,"turns":6},{"damage":51,"enemies":"Gremlin Nob","floor":7,"turns":6},{"damage":0,"enemies":"Looter","floor":8,"turns":2},{"damage":7,"enemies":"3 Louse","floor":12,"turns":4},{"damage":7,"enemies":"3 Sentries","floor":13,"turns":10},{"damage":18,"enemies":"Hexaghost","floor":16,"turns":9}],"seed_played":"8193991287493032741","potions_obtained":[{"floor":1,"key":"Block Potion"},{"floor":7,"key":"Fire Potion"},{"floor":13,"key":"SkillPotion"},{"floor":14,"key":"EssenceOfSteel"},{"floor":14,"key":"SpeedPotion"}],"is_trial":false,"path_per_floor":["M","M","?","M","M","R","E","M","T","R","R","M","E","?","R","B"],"character_chosen":"THE_SILENT","items_purchased":[],"campfire_rested":1,"item_purchase_floors":[],"current_hp_per_floor":[65,65,60,60,60,60,9,9,9,30,30,23,16,16,16,0],"gold":251,"neow_bonus":"TEN_PERCENT_HP_BONUS","is_prod":false,"is_daily":false,"chose_seed":false,"campfire_upgraded":3,"win_rate":0,"timestamp":1553328752,"path_taken":["M","M","?","M","M","R","E","M","T","R","R","M","E","?","R","BOSS"],"build_version":"2019-01-23","purchased_purges":0,"victory":false,"max_hp_per_floor":[72,72,72,72,72,72,72,72,72,72,72,72,72,72,72,72],"card_choices":[{"not_picked":["Setup","Endless Agony"],"picked":"Cloak And Dagger","floor":1},{"not_picked":["Deadly Poison","Acrobatics"],"picked":"Deflect","floor":2},{"not_picked":["Heel Hook","Reflex"],"picked":"Poisoned Stab","floor":4},{"not_picked":["Cloak And Dagger","Dagger Spray"],"picked":"Footwork","floor":5},{"not_picked":["Outmaneuver","Flying Knee"],"picked":"Infinite Blades","floor":7},{"not_picked":["Skewer","Quick Slash"],"picked":"Terror","floor":8},{"not_picked":["Blade Dance","Underhanded Strike"],"picked":"Tools of the Trade","floor":12},{"not_picked":["Deadly Poison","Concentrate"],"picked":"Acrobatics","floor":13}],"player_experience":1366462,"relics_obtained":[{"floor":7,"key":"Oddly Smooth Stone"},{"floor":9,"key":"Centennial Puzzle"},{"floor":13,"key":"Kunai"}],"event_choices":[{"damage_healed":0,"gold_gain":0,"player_choice":"Success","damage_taken":5,"relics_obtained":["WingedGreaves"],"max_hp_gain":0,"max_hp_loss":0,"event_name":"Scrap Ooze","floor":3,"gold_loss":0},{"damage_healed":0,"gold_gain":0,"player_choice":"Got Potions","damage_taken":0,"max_hp_gain":0,"max_hp_loss":0,"event_name":"Lab","floor":14,"gold_loss":0}],"is_beta":false,"boss_relics":[],"items_purged_floors":[],"is_endless":false,"potions_floor_spawned":[1,7,13],"killed_by":"Hexaghost","ascension_level":19}