{"gold_per_floor":[117,117,132,147,147,147,159,159,234,248,92,92,122,140,140,211,211,224,224,237,2,0,0,0],"floor_reached":24,"playtime":1004,"items_purged":[],"score":392,"play_id":"cda71058-3301-420f-b700-abf351e0ef30","local_time":"20190413012352","is_ascension_mode":true,"campfire_choices":[{"data":"Caltrops","floor":6,"key":"SMITH"},{"data":"Cloak And Dagger","floor":12,"key":"SMITH"},{"data":"Leg Sweep","floor":15,"key":"SMITH"},{"floor":23,"key":"REST"}],"neow_cost":"NONE","seed_source_timestamp":110984580384662,"circlet_count":0,"master_deck":["AscendersBane","Defend_G","Defend_G","Defend_G","Defend_G","Defend_G+1","Strike_G","Strike_G","Strike_G","Strike_G","Strike_G","Survivor","Neutralize","Dagger Spray+1","Sucker Punch","Caltrops+1","Leg Sweep+1","Blade Dance","Well Laid Plans","Cloak And Dagger+1","Dodge and Roll","Escape Plan","Wraith Form v2","Infinite Blades"],"relics":["Ring of the Snake","Kunai","Boot","Cursed Key","Regal Pillow"],"potions_floor_usage":[5,7,10,13,16,20],"damage_taken":[{"damage":0,"enemies":"Small Slimes","floor":1,"turns":4},{"damage":0,"enemies":"2 Louse","floor":3,"turns":3},{"damage":0,"enemies":"Cultist","floor":4,"turns":4},{"damage":4,"enemies":"Exordium Wildlife","floor":7,"turns":5},{"damage":0,"enemies":"Lots of Slimes","floor":10,"turns":1},{"damage":2,"enemies":"Gremlin Nob","floor":13,"turns":3},{"damage":17,"enemies":"2 Fungi Beasts","floor":14,"turns":3},{"damage":12,"enemies":"The Guardian","floor":16,"turns":12},{"damage":5,"enemies":"Shell Parasite","floor":18,"turns":8},{"damage":14,"enemies":"Spheric Guardian","floor":20,"turns":5},{"damage":59,"enemies":"Gremlin Leader","floor":24,"turns":4}],"seed_played":"-761401285428810518","potions_obtained":[{"floor":3,"key":"GamblersBrew"},{"floor":5,"key":"Fruit Juice"},{"floor":5,"key":"SkillPotion"},{"floor":7,"key":"PowerPotion"},{"floor":13,"key":"PowerPotion"}],"is_trial":false,"path_per_floor":["M","?","M","M","?","R","M","?","T","M","$","R","E","M","R","B",null,"M","?","M","$","?","R","E"],"character_chosen":"THE_SILENT","items_purchased":["Well Laid Plans","Cloak And Dagger","SteroidPotion","Regal Pillow","Infinite Blades"],"campfire_rested":1,"item_purchase_floors":[11,11,11,21,21],"current_hp_per_floor":[65,43,43,43,48,48,44,40,40,40,40,40,38,21,21,9,60,55,33,19,19,19,58,0],"gold":0,"neow_bonus":"TEN_PERCENT_HP_BONUS","is_prod":false,"is_daily":false,"chose_seed":false,"campfire_upgraded":3,"win_rate":0,"timestamp":1555133032,"path_taken":["M","?","M","M","?","R","?","?","T","?","$","R","E","M","R","BOSS","M","?","M","$","?","R","E"],"build_version":"2019-01-23","purchased_purges":0,"victory":false,"max_hp_per_floor":[72,72,72,72,77,77,77,77,77,77,77,77,77,77,77,77,77,77,82,82,82,82,82,82],"card_choices":[{"not_picked":["Backflip","Poisoned Stab"],"picked":"Dagger Spray","floor":1},{"not_picked":["Prepared","Flying Knee"],"picked":"Sucker Punch","floor":3},{"not_picked":["Prepared","Choke"],"picked":"Caltrops","floor":4},{"not_picked":["Poisoned Stab","Acrobatics"],"picked":"Leg Sweep","floor":7},{"not_picked":["Deadly Poison","Quick Slash"],"picked":"Blade Dance","floor":10},{"not_picked":["Phantasmal Killer","Bane"],"picked":"Dodge and Roll","floor":13},{"not_picked":["Poisoned Stab","Dagger Spray"],"picked":"Escape Plan","floor":14},{"not_picked":["Grand Finale","Storm of Steel"],"picked":"Wraith Form v2","floor":16},{"not_picked":["Flying Knee","Blade Dance","Poisoned Stab"],"picked":"SKIP","floor":18},{"not_picked":["Blade Dance","Outmaneuver","Bane"],"picked":"SKIP","floor":20}],"player_experience":1837338,"relics_obtained":[{"floor":9,"key":"Kunai"},{"floor":13,"key":"Boot"}],"event_choices":[{"damage_healed":0,"gold_gain":0,"player_choice":"Entered Light","damage_taken":22,"max_hp_gain":0,"max_hp_loss":0,"event_name":"Shining Light","floor":2,"gold_loss":0,"cards_upgraded":["Defend_G","Dagger Spray"]},{"damage_healed":0,"gold_gain":0,"player_choice":"Got Potions","damage_taken":0,"max_hp_gain":0,"max_hp_loss":0,"event_name":"Lab","floor":5,"gold_loss":0},{"damage_healed":0,"gold_gain":0,"player_choice":"Bought 0 Potions","damage_taken":0,"max_hp_gain":0,"max_hp_loss":0,"event_name":"The Woman in Blue","floor":8,"gold_loss":0},{"damage_healed":0,"gold_gain":0,"player_choice":"Shed Blood","damage_taken":27,"max_hp_gain":5,"max_hp_loss":0,"event_name":"Forgotten Altar","floor":19,"gold_loss":0},{"damage_healed":0,"gold_gain":0,"player_choice":"Paid Fearfully","damage_taken":0,"max_hp_gain":0,"max_hp_loss":0,"event_name":"Masked Bandits","floor":22,"gold_loss":2}],"is_beta":false,"boss_relics":[{"not_picked":["Pandora\u0027s Box","Empty Cage"],"picked":"Cursed Key"}],"items_purged_floors":[],"is_endless":false,"potions_floor_spawned":[3,7,13,14],"killed_by":"Gremlin Leader","ascension_level":20}