{"gold_per_floor":[114,133,133,150,150,150,160,160],"floor_reached":8,"playtime":370,"items_purged":[],"score":96,"play_id":"adeaaef9-7595-4e26-85d3-2679ecd5b9fe","local_time":"20190507140212","is_ascension_mode":true,"campfire_choices":[{"floor":6,"key":"REST"}],"neow_cost":"NONE","seed_source_timestamp":18453741257786,"circlet_count":0,"master_deck":["AscendersBane","Defend_G+1","Defend_G","Defend_G","Defend_G","Defend_G","Strike_G","Strike_G","Strike_G","Strike_G","Survivor+1","Neutralize","Predator","Predator","Backflip","Deadly Poison"],"relics":["Ring of the Snake"],"potions_floor_usage":[7,7],"damage_taken":[{"damage":1,"enemies":"Jaw Worm","floor":1,"turns":4},{"damage":0,"enemies":"2 Louse","floor":2,"turns":3},{"damage":2,"enemies":"Cultist","floor":4,"turns":5},{"damage":46,"enemies":"Gremlin Gang","floor":7,"turns":9},{"damage":8,"enemies":"Gremlin Nob","floor":8,"turns":2}],"seed_played":"-5068531417271062329","potions_obtained":[{"floor":1,"key":"GamblersBrew"},{"floor":2,"key":"SpeedPotion"}],"is_trial":false,"path_per_floor":["M","M","?","M","?","R","M","E"],"character_chosen":"THE_SILENT","items_purchased":[],"campfire_rested":1,"item_purchase_floors":[],"current_hp_per_floor":[58,58,51,49,29,48,2,0],"gold":160,"neow_bonus":"THREE_CARDS","is_prod":false,"is_daily":false,"chose_seed":false,"campfire_upgraded":0,"win_rate":0,"timestamp":1557262932,"path_taken":["M","M","?","M","?","R","M","E"],"build_version":"2019-04-23","purchased_purges":0,"victory":false,"max_hp_per_floor":[66,66,66,66,66,66,66,66],"card_choices":[{"not_picked":["Flying Knee","Cloak And Dagger"],"picked":"Predator","floor":0},{"not_picked":["Acrobatics","Deflect"],"picked":"Predator","floor":1},{"not_picked":["Dagger Throw","Dodge and Roll"],"picked":"Backflip","floor":2},{"not_picked":["Slice","Dodge and Roll"],"picked":"Deadly Poison","floor":4},{"not_picked":["Bane","Blade Dance","Sucker Punch"],"picked":"SKIP","floor":7}],"player_experience":6238791,"relics_obtained":[],"event_choices":[{"cards_removed":["Strike_G"],"damage_healed":0,"gold_gain":0,"player_choice":"Card Removal","damage_taken":7,"max_hp_gain":0,"max_hp_loss":0,"event_name":"Golden Wing","floor":3,"gold_loss":0},{"damage_healed":0,"gold_gain":0,"player_choice":"Entered Light","damage_taken":20,"max_hp_gain":0,"max_hp_loss":0,"event_name":"Shining Light","floor":5,"gold_loss":0,"cards_upgraded":["Survivor","Defend_G"]}],"is_beta":true,"boss_relics":[],"items_purged_floors":[],"is_endless":false,"potions_floor_spawned":[1,2],"killed_by":"Gremlin Nob","ascension_level":20}