{"path_per_floor":["M","?","$","?","M","E","R","E","T","E","M","T","R","M","R","B",null,"M","?","$","T","M","R","E","?","T","M","E","R","E","M","R"],"character_chosen":"IRONCLAD","items_purchased":["Shuriken"],"gold_per_floor":[17,17,17,17,27,90,90,120,120,149,168,168,168,182,182,277,277,290,290,49,75,86,86,118,318,341,357,391,391,422,434,434],"floor_reached":33,"campfire_rested":0,"playtime":2489,"current_hp_per_floor":[80,80,80,80,66,62,62,58,58,55,64,64,64,70,70,45,100,84,84,84,84,72,72,39,39,46,51,46,46,28,25,25],"items_purged":[],"gold":434,"play_id":"33d0bd89-07f1-40a8-bfe6-24478bf705f4","is_prod":false,"is_daily":false,"is_ascension_mode":true,"campfire_upgraded":6,"path_taken":["M","?","?","?","M","E","R","E","T","E","?","?","R","M","R","BOSS","M","?","$","?","M","R","E","?","T","M","E","R","E","?","R","BOSS"],"build_version":"2018-02-01-PROD3","purchased_purges":0,"victory":false,"master_deck":["Strike_R","Strike_R","Strike_R","Strike_R","Strike_R","Defend_R","Defend_R","Defend_R","Defend_R","Bash+1","Rampage+1","Inflame+1","Feed+1","Brutality","Spot Weakness+1","Fire Breathing+1","Warcry+1","Rampage+1"],"max_hp_per_floor":[80,80,80,80,80,80,80,84,84,88,92,92,92,96,96,100,100,100,100,100,100,100,100,104,104,111,115,115,115,115,119,119],"relics":["Burning Blood","Magic Flower","Blood Vial","Tiny Chest","Happy Flower","Red Skull","Oddly Smooth Stone","Sundial","White Beast Statue","Shuriken","Regal Pillow","Anchor","Strawberry","Darkstone Periapt","Smiling Mask"],"card_choices":[{"not_picked":["Hemokinesis","Wild Strike"],"picked":"Rampage"},{"not_picked":["Reckless Charge","Second Wind"],"picked":"Inflame"},{"not_picked":["Heavy Blade","Body Slam"],"picked":"Feed"},{"not_picked":["Impervious","Feed"],"picked":"Brutality"},{"not_picked":["Second Wind","Uppercut"],"picked":"Spot Weakness"},{"not_picked":["Dropkick","Shrug It Off"],"picked":"Fire Breathing"},{"not_picked":["Brutality","Seeing Red"],"picked":"Warcry"},{"not_picked":["Disarm","Brutality"],"picked":"Rampage"}],"player_experience":75800,"potions_floor_usage":[6,8,16,22,24,24,27,28,30,31,33],"damage_taken":[{"damage":5,"enemies":"2 Louse","floor":1,"turns":3},{"damage":23,"enemies":"Jaw Worm","floor":5,"turns":4},{"damage":36,"enemies":"Lagavulin","floor":6,"turns":7},{"damage":22,"enemies":"3 Sentries","floor":8,"turns":7},{"damage":21,"enemies":"Lagavulin","floor":10,"turns":4},{"damage":9,"enemies":"Blue Slaver","floor":11,"turns":4},{"damage":12,"enemies":"Looter","floor":14,"turns":4},{"damage":43,"enemies":"The Guardian","floor":16,"turns":7},{"damage":25,"enemies":"Spheric Guardian","floor":18,"turns":4},{"damage":24,"enemies":"Chosen","floor":22,"turns":4},{"damage":51,"enemies":"Slavers","floor":24,"turns":5},{"damage":13,"enemies":"Centurion and Healer","floor":27,"turns":4},{"damage":17,"enemies":"Gremlin Leader","floor":28,"turns":5},{"damage":30,"enemies":"Book of Stabbing","floor":30,"turns":5},{"damage":21,"enemies":"Snake Plant","floor":31,"turns":3},{"damage":51,"enemies":"Collector","floor":33,"turns":5}],"event_choices":[{"event_name":"Big Fish","player_choice":"Box","floor":2,"damage_taken":0},{"event_name":"Living Wall","player_choice":"Grow","floor":4,"damage_taken":0},{"event_name":"Purifier","player_choice":"One Purge","floor":19,"damage_taken":0},{"event_name":"Wheel of Change","player_choice":"Gold","floor":25,"damage_taken":0}],"boss_relics":[{"not_picked":["Runic Pyramid","Velvet Choker"],"picked":"White Beast Statue"}],"potions_floor_spawned":[1,6,8,14,18,22,24,27,28,30,31],"seed_played":"7027615598474538124","killed_by":"Collector","ascension_level":1,"is_trial":false}