{"gold_per_floor":[210,87,87,87,111,111,125,125,148,148,169,169,202,216,216,315,315,335,335,14,34,49,49,49],"floor_reached":24,"playtime":1041,"items_purged":["Strike_G"],"score":392,"play_id":"2bdd190f-febb-4e3f-8120-a2271add6d61","local_time":"20190427052324","is_ascension_mode":true,"campfire_choices":[{"data":"Bouncing Flask","floor":6,"key":"SMITH"},{"data":"Neutralize","floor":8,"key":"SMITH"},{"data":"Footwork","floor":10,"key":"SMITH"},{"data":"Catalyst","floor":12,"key":"SMITH"},{"data":"Sucker Punch","floor":15,"key":"SMITH"},{"data":"Caltrops","floor":23,"key":"SMITH"}],"neow_cost":"NONE","seed_source_timestamp":386123746448350,"circlet_count":0,"master_deck":["AscendersBane","Defend_G","Defend_G","Defend_G","Defend_G","Defend_G","Strike_G","Strike_G","Strike_G","Strike_G","Survivor","Neutralize+1","Sucker Punch+1","Footwork+1","Bouncing Flask+1","Catalyst+1","Dodge and Roll","Malaise","Deadly Poison","Burst","Caltrops+1","Calculated Gamble+1"],"relics":["Ring of the Snake","Golden Idol","Bronze Scales","FossilizedHelix","Coffee Dripper","Anchor"],"potions_floor_usage":[16,24],"damage_taken":[{"damage":1,"enemies":"Cultist","floor":1,"turns":4},{"damage":1,"enemies":"2 Louse","floor":5,"turns":4},{"damage":1,"enemies":"Small Slimes","floor":7,"turns":4},{"damage":10,"enemies":"Exordium Wildlife","floor":11,"turns":3},{"damage":2,"enemies":"Lagavulin","floor":13,"turns":4},{"damage":0,"enemies":"2 Fungi Beasts","floor":14,"turns":4},{"damage":3,"enemies":"Hexaghost","floor":16,"turns":8},{"damage":11,"enemies":"Spheric Guardian","floor":18,"turns":6},{"damage":0,"enemies":"3 Byrds","floor":21,"turns":4},{"damage":5,"enemies":"Snake Plant","floor":22,"turns":4},{"damage":47,"enemies":"Gremlin Leader","floor":24,"turns":6}],"seed_played":"-3403993555164768985","potions_obtained":[{"floor":7,"key":"FearPotion"},{"floor":13,"key":"EssenceOfSteel"},{"floor":16,"key":"Strength Potion"},{"floor":18,"key":"Ancient Potion"},{"floor":21,"key":"Swift Potion"}],"is_trial":false,"path_per_floor":["M","$","?","?","M","R","M","R","T","R","M","R","E","M","R","B",null,"M","?","$","M","M","R","E"],"character_chosen":"THE_SILENT","items_purchased":["Footwork","Bouncing Flask","Anchor","Caltrops"],"campfire_rested":0,"item_purchase_floors":[2,2,20,20],"current_hp_per_floor":[58,58,63,63,62,62,61,61,61,61,51,51,49,49,49,46,60,49,49,49,49,44,44,0],"gold":49,"neow_bonus":"HUNDRED_GOLD","is_prod":false,"is_daily":false,"chose_seed":false,"campfire_upgraded":6,"win_rate":0,"timestamp":1556357004,"path_taken":["M","?","?","?","M","R","?","R","T","R","M","R","E","M","R","BOSS","M","?","$","M","M","R","E"],"build_version":"2019-01-23","purchased_purges":1,"victory":false,"max_hp_per_floor":[66,66,71,64,64,64,64,64,64,64,64,64,64,64,64,64,64,64,64,64,64,64,64,64],"card_choices":[{"not_picked":["Eviscerate","Flying Knee"],"picked":"Sucker Punch","floor":1},{"not_picked":["Flechettes","Dash"],"picked":"Catalyst","floor":5},{"not_picked":["Deflect","Accuracy"],"picked":"Dodge and Roll","floor":7},{"not_picked":["Underhanded Strike","All Out Attack","Quick Slash"],"picked":"SKIP","floor":11},{"not_picked":["Poisoned Stab","Tools of the Trade","Tactician"],"picked":"SKIP","floor":13},{"not_picked":["Concentrate","Quick Slash","Setup"],"picked":"SKIP","floor":14},{"not_picked":["Phantasmal Killer","Grand Finale"],"picked":"Malaise","floor":16},{"not_picked":["Slice","Blade Dance"],"picked":"Deadly Poison","floor":18},{"not_picked":["Prepared","Eviscerate"],"picked":"Calculated Gamble+1","floor":21},{"not_picked":["Slice","Deflect+1","Envenom"],"picked":"SKIP","floor":22}],"player_experience":1990516,"relics_obtained":[{"floor":9,"key":"Bronze Scales"},{"floor":13,"key":"FossilizedHelix"}],"event_choices":[{"damage_healed":0,"gold_gain":0,"player_choice":"Donut","damage_taken":0,"max_hp_gain":5,"max_hp_loss":0,"event_name":"Big Fish","floor":3,"gold_loss":0},{"damage_healed":0,"gold_gain":0,"player_choice":"Lose Max HP","damage_taken":0,"relics_obtained":["Golden Idol"],"max_hp_gain":0,"max_hp_loss":7,"event_name":"Golden Idol","floor":4,"gold_loss":0},{"damage_healed":0,"gold_gain":0,"player_choice":"1 cards matched","damage_taken":0,"max_hp_gain":0,"max_hp_loss":0,"event_name":"Match and Keep!","floor":19,"gold_loss":0,"cards_obtained":["Burst"]}],"is_beta":false,"boss_relics":[{"not_picked":["Runic Dome","Eternal Feather"],"picked":"Coffee Dripper"}],"items_purged_floors":[20],"is_endless":false,"potions_floor_spawned":[7,13,14,16,18,21],"killed_by":"Gremlin Leader","ascension_level":20}