{"gold_per_floor":[118,118,134,152,171,200,200,227,227,227,244,276,1,21,21,96,96,108,119,119,119,119,144,144,159,184,99,46,71,71,90,90,164,164,182,192,192,211,223,223,275,275],"floor_reached":42,"playtime":3159,"items_purged":[],"score":941,"play_id":"330aeff5-cf1e-4f9f-b88c-9b05c2b7932b","local_time":"20190506095642","is_ascension_mode":true,"campfire_choices":[{"floor":7.0,"key":"REST"},{"data":"Dagger Spray","floor":10.0,"key":"SMITH"},{"data":"Cloak And Dagger","floor":15.0,"key":"SMITH"},{"data":"Writhe","floor":24,"key":"PURGE"},{"floor":32,"key":"RECALL"},{"data":"Defend_G","floor":40,"key":"PURGE"}],"neow_cost":"NONE","seed_source_timestamp":1177759218518312,"circlet_count":0,"master_deck":["AscendersBane","Defend_G","Defend_G","Defend_G","Defend_G","Survivor","Neutralize+1","Escape Plan","Cloak And Dagger","Dash","Dagger Spray+1","Quick Slash","Cloak And Dagger+1","Crippling Poison","Corpse Explosion","Skewer","Dodge and Roll","Bite","Bite","Bite","Bite","Bite","Dodge and Roll","Poisoned Stab","Endless Agony+1","A Thousand Cuts","Noxious Fumes+1","Blur+1","Flechettes+1","Backflip","Choke+1"],"special_seed":0,"relics":["Ring of the Snake","Matryoshka","Orichalcum","Kunai","Anchor","PreservedInsect","Ninja Scroll","Fusion Hammer","Peace Pipe","Nilry\u0027s Codex","Turnip","Regal Pillow","Letter Opener","Gremlin Horn","WristBlade","Bird Faced Urn"],"potions_floor_usage":[16,16,33,33,36,39,42],"damage_taken":[{"damage":0.0,"enemies":"2 Louse","floor":1.0,"turns":5.0},{"damage":0.0,"enemies":"Cultist","floor":3.0,"turns":4.0},{"damage":4.0,"enemies":"Small Slimes","floor":4.0,"turns":4.0},{"damage":6.0,"enemies":"Looter","floor":5.0,"turns":5.0},{"damage":38.0,"enemies":"3 Sentries","floor":6.0,"turns":13.0},{"damage":14.0,"enemies":"Gremlin Nob","floor":8.0,"turns":5.0},{"damage":0.0,"enemies":"3 Louse","floor":11.0,"turns":2.0},{"damage":17.0,"enemies":"3 Sentries","floor":12.0,"turns":7.0},{"damage":0.0,"enemies":"2 Fungi Beasts","floor":14.0,"turns":2.0},{"damage":3,"enemies":"Hexaghost","floor":16,"turns":10},{"damage":6,"enemies":"Shell Parasite","floor":18,"turns":5},{"damage":9,"enemies":"Spheric Guardian","floor":19,"turns":5},{"damage":12,"enemies":"Gremlin Leader","floor":23,"turns":6},{"damage":0,"enemies":"Centurion and Healer","floor":25,"turns":18},{"damage":5,"enemies":"Slavers","floor":29,"turns":2},{"damage":11,"enemies":"Cultist and Chosen","floor":31,"turns":4},{"damage":46,"enemies":"Collector","floor":33,"turns":12},{"damage":10,"enemies":"Orb Walker","floor":35,"turns":3},{"damage":29,"enemies":"3 Darklings","floor":36,"turns":3},{"damage":0,"enemies":"Sphere and 2 Shapes","floor":38,"turns":6},{"damage":14,"enemies":"Transient","floor":39,"turns":6},{"damage":32,"enemies":"2 Orb Walkers","floor":41,"turns":5},{"damage":28,"enemies":"3 Darklings","floor":42,"turns":3}],"seed_played":"6207459571088549446","potions_obtained":[{"floor":1.0,"key":"GhostInAJar"},{"floor":4.0,"key":"LiquidBronze"},{"floor":14.0,"key":"Poison Potion"},{"floor":19,"key":"Weak Potion"},{"floor":29,"key":"Dexterity Potion"},{"floor":33,"key":"EntropicBrew"}],"is_trial":false,"path_per_floor":["M","?","M","M","M","E","R","E","T","R","M","E","$","M","R","B",null,"M","M","?","?","?","E","R","M","T","?","$","E","?","M","R","B",null,"M","M","?","M","M","R","?","M"],"character_chosen":"THE_SILENT","items_purchased":["Ninja Scroll","Poisoned Stab"],"campfire_rested":1,"item_purchase_floors":[13,28],"current_hp_per_floor":[65,65,65,61,55,17,38,24,24,24,24,7,7,7,7,4,55,49,40,40,19,19,15,15,50,50,50,50,47,47,39,39,7,39,37,12,50,50,40,40,16,0],"gold":275,"neow_bonus":"TEN_PERCENT_HP_BONUS","is_prod":false,"is_daily":false,"chose_seed":false,"campfire_upgraded":2,"win_rate":0,"timestamp":1557151002,"path_taken":["M","?","M","?","M","E","R","E","T","R","M","E","$","M","R","BOSS","M","M","?","?","?","E","R","M","T","?","?","E","?","?","R","BOSS","M","?","?","M","?","R","?","M"],"build_version":"2019-01-23","purchased_purges":0,"victory":false,"max_hp_per_floor":[72,72,72,72,72,72,72,72,72,72,72,72,72,72,72,72,72,72,72,72,72,50,50,50,50,50,50,50,50,50,50,50,50,50,50,50,50,50,50,50,50,50],"card_choices":[{"not_picked":["Accuracy","All Out Attack"],"picked":"Escape Plan","floor":1.0},{"not_picked":["Sucker Punch","Dagger Throw"],"picked":"Cloak And Dagger","floor":3.0},{"not_picked":["Reflex","Catalyst"],"picked":"Dash","floor":4.0},{"not_picked":["Cloak And Dagger","Acrobatics","Eviscerate"],"picked":"SKIP","floor":5.0},{"not_picked":["Deflect","Dagger Throw"],"picked":"Dagger Spray","floor":6.0},{"not_picked":["Flechettes","Prepared"],"picked":"Quick Slash","floor":8.0},{"not_picked":["Concentrate","Flying Knee"],"picked":"Cloak And Dagger","floor":11.0},{"not_picked":["Night Terror","Underhanded Strike"],"picked":"Crippling Poison","floor":12.0},{"not_picked":["Flying Knee","Deadly Poison","Acrobatics"],"picked":"SKIP","floor":14.0},{"not_picked":["Unload","Burst"],"picked":"Corpse Explosion","floor":16},{"not_picked":["Dagger Throw","Infinite Blades"],"picked":"Skewer","floor":18},{"not_picked":["Dagger Spray","Accuracy"],"picked":"Dodge and Roll","floor":19},{"not_picked":["Storm of Steel","Deadly Poison"],"picked":"Dodge and Roll","floor":23},{"not_picked":["Sucker Punch","Outmaneuver+1","Cloak And Dagger"],"picked":"SKIP","floor":25},{"not_picked":["Outmaneuver","Caltrops"],"picked":"Endless Agony+1","floor":29},{"not_picked":["Tactician","Calculated Gamble","Dagger Throw"],"picked":"SKIP","floor":31},{"not_picked":["Corpse Explosion","Adrenaline"],"picked":"A Thousand Cuts","floor":33},{"not_picked":["Deflect","Backflip"],"picked":"Noxious Fumes+1","floor":35},{"not_picked":["Dodge and Roll+1","Dagger Spray+1"],"picked":"Blur+1","floor":36},{"not_picked":["Underhanded Strike","Deflect+1"],"picked":"Flechettes+1","floor":38},{"not_picked":["Slice","Quick Slash"],"picked":"Backflip","floor":39},{"not_picked":["Expertise","All Out Attack+1"],"picked":"Choke+1","floor":41}],"player_experience":2394254,"relics_obtained":[{"floor":6.0,"key":"Matryoshka"},{"floor":8.0,"key":"Orichalcum"},{"floor":9.0,"key":"Kunai"},{"floor":9.0,"key":"Anchor"},{"floor":12.0,"key":"PreservedInsect"},{"floor":21,"key":"Nilry\u0027s Codex"},{"floor":23,"key":"Turnip"},{"floor":26,"key":"Regal Pillow"},{"floor":29,"key":"Gremlin Horn"},{"floor":41,"key":"Bird Faced Urn"}],"event_choices":[{"damage_healed":0.0,"max_hp_gain":0.0,"max_hp_loss":0.0,"gold_gain":0.0,"event_name":"Accursed Blacksmith","player_choice":"Forge","floor":2.0,"gold_loss":0.0,"damage_taken":0.0,"cards_upgraded":["Neutralize"]},{"damage_healed":0,"gold_gain":0,"player_choice":"Opened","damage_taken":0,"relics_obtained":["Peace Pipe"],"max_hp_gain":0,"max_hp_loss":0,"event_name":"The Mausoleum","floor":20,"gold_loss":0,"cards_obtained":["Writhe"]},{"damage_healed":0,"gold_gain":0,"player_choice":"Obtained Book","damage_taken":21,"max_hp_gain":0,"max_hp_loss":0,"event_name":"Cursed Tome","floor":21,"gold_loss":0},{"damage_healed":0,"gold_gain":0,"player_choice":"Became a vampire","damage_taken":0,"max_hp_gain":0,"max_hp_loss":22,"event_name":"Vampires","floor":22,"gold_loss":0,"cards_obtained":["Bite","Bite","Bite","Bite","Bite"]},{"damage_healed":0,"gold_gain":0,"player_choice":"Obtained Relic","damage_taken":0,"relics_obtained":["Letter Opener"],"max_hp_gain":0,"max_hp_loss":0,"event_name":"Addict","floor":27,"gold_loss":85},{"damage_healed":0,"gold_gain":0,"player_choice":"Ignored","damage_taken":0,"max_hp_gain":0,"max_hp_loss":0,"event_name":"Ghosts","floor":30,"gold_loss":0},{"damage_healed":38,"gold_gain":0,"player_choice":"Full Heal","damage_taken":0,"max_hp_gain":0,"max_hp_loss":0,"event_name":"Wheel of Change","floor":37,"gold_loss":0},{"damage_healed":0,"gold_gain":0,"player_choice":"Fight","damage_taken":0,"max_hp_gain":0,"max_hp_loss":0,"event_name":"Mysterious Sphere","floor":41,"gold_loss":0}],"is_beta":false,"boss_relics":[{"not_picked":["Velvet Choker","Sozu"],"picked":"Fusion Hammer"},{"not_picked":["Empty Cage","Eternal Feather"],"picked":"WristBlade"}],"items_purged_floors":[],"is_endless":false,"potions_floor_spawned":[1,4,5,14,19,29,33,38],"killed_by":"3 Darklings","ascension_level":20}