{"path_per_floor":["M","M","?","?","M","E","R","M","T","?","R","M","R","M","R","B",null,"M","?","M","M","?","R","M","T","T","M","?","$","M","M","R"],"character_chosen":"THE_SILENT","items_purchased":["Molten Egg 2","Pantograph"],"gold_per_floor":[18,38,38,38,56,84,84,98,98,273,273,291,291,308,308,381,381,399,399,412,423,423,423,439,513,813,827,827,272,292,308,308,308],"floor_reached":33,"campfire_rested":3,"playtime":1114,"current_hp_per_floor":[59,59,41,41,39,8,27,27,27,27,27,27,46,45,45,37,59,51,51,51,27,49,49,36,36,36,36,36,36,26,2,21,0],"items_purged":["Decay"],"gold":308,"score":427,"play_id":"cf823dc2-996b-4336-9000-095200696545","local_time":"20180407134324","is_prod":false,"is_daily":false,"is_ascension_mode":true,"campfire_upgraded":2,"timestamp":1523123004,"path_taken":["M","M","?","?","?","E","R","M","T","?","R","?","R","M","R","BOSS","M","?","?","?","?","R","M","?","T","M","?","$","?","M","R","BOSS"],"build_version":"2018-04-05v2","purchased_purges":1,"victory":false,"master_deck":["Defend_G","Defend_G","Defend_G","Defend_G","Defend_G","Strike_G","Strike_G","Strike_G","Strike_G","Strike_G","Survivor","Neutralize","AscendersBane","Poisoned Stab","Glass Knife+1","Backstab+1","Flying Knee","Predator+1","Deadly Poison","Doubt","Poisoned Stab","Footwork+1","Sucker Punch","Bane","Leg Sweep","Footwork+1","Skewer+1","Flying Knee+1"],"max_hp_per_floor":[66,66,66,66,66,66,66,66,66,66,66,66,66,66,66,66,66,66,66,66,66,66,66,66,66,66,66,66,66,66,66,66,66],"relics":["Ring of the Snake","Shovel","Frozen Egg 2","Dream Catcher","Ginger","Gremlin Horn","Runic Dome","Paper Crane","Old Coin","Molten Egg 2","Pantograph"],"card_choices":[{"not_picked":["Cloak And Dagger","Prepared"],"picked":"Poisoned Stab","floor":1},{"not_picked":["Calculated Gamble","Well Laid Plans"],"picked":"Glass Knife","floor":2},{"not_picked":["Slice","Predator"],"picked":"Backstab","floor":5},{"not_picked":["Flechettes","Outmaneuver"],"picked":"Flying Knee","floor":6},{"not_picked":["Sucker Punch","Endless Agony"],"picked":"Predator","floor":7},{"not_picked":["Prepared","Bane"],"picked":"Deadly Poison","floor":8},{"not_picked":["Dagger Throw","Choke"],"picked":"Poisoned Stab","floor":12},{"not_picked":["Bullet Time","Distraction"],"picked":"Footwork","floor":13},{"not_picked":["Dodge and Roll","Eviscerate"],"picked":"Sucker Punch","floor":14},{"not_picked":["Poisoned Stab","Sucker Punch"],"picked":"Bane","floor":18},{"not_picked":["Dagger Spray","Sucker Punch"],"picked":"Leg Sweep","floor":20},{"not_picked":["Setup","Deflect"],"picked":"Footwork","floor":27},{"not_picked":["Finisher","Quick Slash"],"picked":"Skewer","floor":30},{"not_picked":["Masterful Stab","Quick Slash"],"picked":"Flying Knee","floor":32}],"player_experience":712991,"potions_floor_usage":[16,16,20,21,27,33],"damage_taken":[{"damage":0,"enemies":"Small Slimes","floor":1,"turns":5},{"damage":0,"enemies":"2 Louse","floor":2,"turns":2},{"damage":2,"enemies":"Jaw Worm","floor":5,"turns":4},{"damage":31,"enemies":"Lagavulin","floor":6,"turns":7},{"damage":0,"enemies":"Blue Slaver","floor":8,"turns":2},{"damage":0,"enemies":"Red Slaver","floor":12,"turns":4},{"damage":1,"enemies":"Large Slime","floor":14,"turns":6},{"damage":8,"enemies":"Hexaghost","floor":16,"turns":10},{"damage":8,"enemies":"3 Byrds","floor":18,"turns":5},{"damage":0,"enemies":"Spheric Guardian","floor":20,"turns":1},{"damage":24,"enemies":"Centurion and Healer","floor":21,"turns":5},{"damage":13,"enemies":"Sentry and Sphere","floor":24,"turns":4},{"damage":0,"enemies":"3 Cultists","floor":27,"turns":6},{"damage":10,"enemies":"Snecko","floor":30,"turns":3},{"damage":24,"enemies":"Snake Plant","floor":31,"turns":2},{"damage":61,"enemies":"Collector","floor":33,"turns":5}],"event_choices":[{"event_name":"Scrap Ooze","player_choice":"success","floor":3,"damage_taken":18},{"event_name":"Upgrade Shrine","player_choice":"Upgraded","floor":4,"damage_taken":0},{"event_name":"Liars Game","player_choice":"agreed","floor":10,"damage_taken":0},{"event_name":"Ghosts","player_choice":"Ignored","floor":19,"damage_taken":0},{"event_name":"The Library","player_choice":"Heal","floor":22,"damage_taken":0},{"event_name":"Forgotten Altar","player_choice":"Smashed Altar","floor":28,"damage_taken":0}],"boss_relics":[{"not_picked":["Pandora\u0027s Box","Black Star"],"picked":"Runic Dome"}],"potions_floor_spawned":[6,12,16,20,21,31],"seed_played":"-7482136649994762379","killed_by":"Collector","ascension_level":14,"is_trial":false}