{"gold_per_floor":[110,110,126,146,27,27,56,56,56,131,131,145,179,198,198,271,271,285,102,102,117,117,117,117,117,117,131,141,141,158,171,171,171],"floor_reached":33,"playtime":1139,"items_purged":["Strike_G"],"score":539,"play_id":"d4425c12-afdc-4953-b47c-860d77bfe69a","local_time":"20180905153744","is_ascension_mode":true,"campfire_choices":[{"data":"Neutralize","floor":6,"key":"SMITH"},{"data":"Noxious Fumes","floor":8,"key":"SMITH"},{"floor":15,"key":"REST"},{"data":"Adrenaline","floor":23,"key":"SMITH"},{"data":"Noxious Fumes","floor":25,"key":"SMITH"},{"data":"Cloak And Dagger","floor":29,"key":"SMITH"},{"floor":32,"key":"REST"}],"neow_cost":"NONE","seed_source_timestamp":84103787356196,"circlet_count":0,"master_deck":["Defend_G","Defend_G","Defend_G","Defend_G","Defend_G","Survivor","Neutralize+1","AscendersBane","Backflip","Dagger Spray","Crippling Poison","Dash+1","Noxious Fumes+1","Escape Plan","Cloak And Dagger","Noxious Fumes+1","Adrenaline+1","Backstab","Infinite Blades","Bite","Bite","Bite","Bite","Bite","Well Laid Plans","Cloak And Dagger+1","Blur"],"relics":["Ring of the Snake","Whetstone","Gremlin Horn","Bag of Marbles","Runic Dome","Potion Belt"],"potions_floor_usage":[4,13,28,33,33],"damage_taken":[{"damage":0,"enemies":"2 Louse","floor":1,"turns":4},{"damage":1,"enemies":"Small Slimes","floor":3,"turns":4},{"damage":4,"enemies":"Jaw Worm","floor":4,"turns":6},{"damage":9,"enemies":"Lagavulin","floor":7,"turns":8},{"damage":0,"enemies":"Exordium Thugs","floor":12,"turns":4},{"damage":7,"enemies":"Gremlin Nob","floor":13,"turns":4},{"damage":0,"enemies":"Lots of Slimes","floor":14,"turns":1},{"damage":4,"enemies":"The Guardian","floor":16,"turns":9},{"damage":21,"enemies":"2 Thieves","floor":18,"turns":4},{"damage":14,"enemies":"Shell Parasite","floor":21,"turns":6},{"damage":9,"enemies":"Centurion and Healer","floor":27,"turns":7},{"damage":3,"enemies":"3 Cultists","floor":28,"turns":5},{"damage":37,"enemies":"Chosen and Byrds","floor":30,"turns":7},{"damage":24,"enemies":"Shelled Parasite and Fungi","floor":31,"turns":6},{"damage":56,"enemies":"Champ","floor":33,"turns":13}],"seed_played":"-3506005277936053575","potions_obtained":[{"floor":1,"key":"Regen Potion"},{"floor":7,"key":"AttackPotion"},{"floor":14,"key":"Weak Potion"},{"floor":16,"key":"GamblersBrew"},{"floor":31,"key":"SkillPotion"}],"is_trial":false,"path_per_floor":["M","?","M","M","$","R","E","R","T","?","$","M","E","M","R","B",null,"M","$","?","M","?","R","?","R","T","M","M","R","M","M","R"],"character_chosen":"THE_SILENT","items_purchased":["Noxious Fumes","Backstab","Infinite Blades"],"campfire_rested":2,"item_purchase_floors":[5,19,19],"current_hp_per_floor":[59,52,51,62,62,62,53,53,53,42,42,42,35,35,54,50,62,41,41,41,41,30,30,30,30,30,39,46,46,21,15,30,0],"gold":171,"neow_bonus":"THREE_CARDS","is_prod":false,"is_daily":false,"chose_seed":false,"campfire_upgraded":5,"win_rate":0,"timestamp":1536187064,"path_taken":["M","?","M","M","$","R","E","R","T","?","$","M","E","?","R","BOSS","M","?","?","M","?","R","?","R","T","M","M","R","M","M","R","BOSS"],"build_version":"2018-09-04-v2","purchased_purges":1,"victory":false,"max_hp_per_floor":[66,66,66,66,66,66,66,66,66,66,66,66,66,66,66,66,66,66,66,46,46,51,51,51,51,51,51,51,51,51,51,51,51],"card_choices":[{"not_picked":["Slice","Reflex"],"picked":"Backflip","floor":0},{"not_picked":["Accuracy","Backflip"],"picked":"Dagger Spray","floor":1},{"not_picked":["Backflip","Reflex"],"picked":"Crippling Poison","floor":3},{"not_picked":["Sucker Punch","Dagger Spray"],"picked":"Dash","floor":4},{"not_picked":["Reflex","Eviscerate"],"picked":"Escape Plan","floor":7},{"not_picked":["Flechettes","Caltrops"],"picked":"Cloak And Dagger","floor":12},{"not_picked":["Backflip","Setup"],"picked":"Noxious Fumes","floor":13},{"not_picked":["Poisoned Stab","Distraction"],"picked":"Adrenaline","floor":14},{"not_picked":["Accuracy","Blade Dance","Prepared"],"picked":"SKIP","floor":18},{"not_picked":["Bane","Acrobatics"],"picked":"Well Laid Plans","floor":21},{"not_picked":["Deadly Poison","Choke","Quick Slash"],"picked":"SKIP","floor":27},{"not_picked":["Predator","Tools of the Trade"],"picked":"Blur","floor":28},{"not_picked":["Blur","Acrobatics","Predator"],"picked":"SKIP","floor":30},{"not_picked":["Sucker Punch","Acrobatics","Masterful Stab"],"picked":"SKIP","floor":31}],"player_experience":914845,"relics_obtained":[{"floor":7,"key":"Whetstone"},{"floor":9,"key":"Gremlin Horn"},{"floor":13,"key":"Bag of Marbles"},{"floor":26,"key":"Potion Belt"}],"event_choices":[{"event_name":"Golden Wing","player_choice":"Card Removal","floor":2,"damage_taken":0},{"event_name":"World of Goop","player_choice":"Gather Gold","floor":10,"damage_taken":0},{"event_name":"Vampires","player_choice":"Became a vampire","floor":20,"damage_taken":0},{"event_name":"Forgotten Altar","player_choice":"Shed Blood","floor":22,"damage_taken":0},{"event_name":"The Library","player_choice":"Read","floor":24,"damage_taken":0}],"is_beta":true,"boss_relics":[{"not_picked":["Pandora\u0027s Box","Ring of the Serpent"],"picked":"Runic Dome"}],"items_purged_floors":[5],"is_endless":false,"potions_floor_spawned":[1,7,14,16,18,31],"killed_by":"Champ","ascension_level":20}