{"gold_per_floor":[116,134,150,2,13,39,39,69,146,146,111,111,129,129,129,232,232,250,270,270,26,43,43,60,87,87,112,112,131,141,141,141,244,244,264,21,37,52,69,69,98,98,178,192,0,32,32,67,67,67],"floor_reached":51,"playtime":4331,"items_purged":["Strike_B"],"score":1245,"play_id":"8bccc05b-c871-4963-8a79-c09f102b8b0d","local_time":"20190318122126","is_ascension_mode":true,"campfire_choices":[{"data":"Zap","floor":7.0,"key":"SMITH"},{"data":"Cold Snap","floor":10.0,"key":"SMITH"},{"data":"Dualcast","floor":15.0,"key":"SMITH"},{"data":"Creative AI","floor":23,"key":"SMITH"},{"data":"Consume","floor":28,"key":"SMITH"},{"data":"Core Surge","floor":32,"key":"SMITH"},{"data":"Seek","floor":40,"key":"SMITH"},{"data":"Rainbow","floor":42,"key":"SMITH"},{"data":"Compile Driver","floor":47,"key":"SMITH"},{"data":"Stack","floor":49,"key":"SMITH"}],"neow_cost":"NONE","seed_source_timestamp":0,"circlet_count":0,"master_deck":["AscendersBane","Strike_B","Defend_B","Defend_B","Defend_B","Defend_B+1","Zap+1","Dualcast+1","Genetic Algorithm","Compile Driver+1","Streamline+1","Self Repair","Cold Snap+1","Echo Form","Echo Form","Undo","Creative AI+1","Leap+1","Chill+1","Consume+1","Core Surge+1","Stack+1","Static Discharge+1","Rainbow+1","Conserve Battery+1","Double Energy+1","Seek+1","Static Discharge+1"],"special_seed":0,"relics":["Cracked Core","Omamori","Bird Faced Urn","Bottled Flame","Art of War","Empty Cage","Bag of Preparation","Letter Opener","Sundial","Thread and Needle","Turnip","Philosopher\u0027s Stone","Singing Bowl","Gremlin Horn","Pantograph","Red Mask","Ancient Tea Set","Darkstone Periapt"],"potions_floor_usage":[25,33,38,41,44,46,50],"damage_taken":[{"damage":0.0,"enemies":"Cultist","floor":1.0,"turns":3.0},{"damage":3.0,"enemies":"Jaw Worm","floor":2.0,"turns":4.0},{"damage":2.0,"enemies":"2 Louse","floor":3.0,"turns":4.0},{"damage":11.0,"enemies":"Blue Slaver","floor":5.0,"turns":3.0},{"damage":20.0,"enemies":"Lagavulin","floor":6.0,"turns":7.0},{"damage":25.0,"enemies":"3 Sentries","floor":8.0,"turns":9.0},{"damage":4.0,"enemies":"Gremlin Gang","floor":13.0,"turns":5.0},{"damage":20.0,"enemies":"The Guardian","floor":16.0,"turns":10.0},{"damage":12,"enemies":"Shell Parasite","floor":18,"turns":7},{"damage":24,"enemies":"Spheric Guardian","floor":19,"turns":6},{"damage":11,"enemies":"Centurion and Healer","floor":22,"turns":6},{"damage":6,"enemies":"Snake Plant","floor":24,"turns":6},{"damage":21,"enemies":"Slavers","floor":25,"turns":10},{"damage":26,"enemies":"Gremlin Leader","floor":27,"turns":8},{"damage":24,"enemies":"Shelled Parasite and Fungi","floor":29,"turns":7},{"damage":0,"enemies":"Snecko","floor":30,"turns":6},{"damage":15,"enemies":"Collector","floor":33,"turns":10},{"damage":0,"enemies":"Orb Walker","floor":35,"turns":5},{"damage":16,"enemies":"3 Shapes","floor":37,"turns":3},{"damage":20,"enemies":"Writhing Mass","floor":38,"turns":8},{"damage":27,"enemies":"Jaw Worm Horde","floor":39,"turns":6},{"damage":0,"enemies":"Giant Head","floor":41,"turns":6},{"damage":10,"enemies":"Transient","floor":44,"turns":5},{"damage":0,"enemies":"Reptomancer","floor":46,"turns":8},{"damage":30,"enemies":"Giant Head","floor":48,"turns":7},{"damage":73,"enemies":"Time Eater","floor":50,"turns":10}],"seed_played":"-2512674281064223894","potions_obtained":[{"floor":1.0,"key":"Dexterity Potion"},{"floor":2.0,"key":"FearPotion"},{"floor":6.0,"key":"SneckoOil"},{"floor":8.0,"key":"EssenceOfSteel"},{"floor":19,"key":"Explosive Potion"},{"floor":24,"key":"FocusPotion"},{"floor":27,"key":"SpeedPotion"},{"floor":30,"key":"LiquidBronze"},{"floor":39,"key":"FocusPotion"},{"floor":41,"key":"Block Potion"},{"floor":44,"key":"Energy Potion"},{"floor":48,"key":"Energy Potion"}],"is_trial":false,"path_per_floor":["M","M","M","$","M","E","R","E","T","R","?","?","M","?","R","B",null,"M","M","?","$","M","R","M","E","T","E","R","M","M","?","R","B",null,"M","$","M","M","M","R","E","R","T","M","?","E","R","E","R","B",null],"character_chosen":"DEFECT","items_purchased":["Self Repair","Letter Opener","Singing Bowl"],"campfire_rested":0,"item_purchase_floors":[4,21,36],"current_hp_per_floor":[75,72,70,70,66,53,53,35,35,35,55,37,42,26,26,17,66,63,75,75,75,79,79,82,82,82,77,77,82,82,82,82,80,82,82,82,68,76,70,70,86,86,86,87,87,90,90,82,82,32],"gold":67,"neow_bonus":"TEN_PERCENT_HP_BONUS","is_prod":false,"is_daily":false,"chose_seed":false,"campfire_upgraded":10,"win_rate":0,"timestamp":1552926086,"path_taken":["M","M","?","$","M","E","R","E","T","R","?","?","M","?","R","BOSS","M","M","?","$","M","R","M","E","T","E","R","?","M","?","R","BOSS","M","$","?","M","M","R","E","R","T","M","?","E","R","E","R","BOSS"],"build_version":"2019-01-23","purchased_purges":1,"victory":true,"max_hp_per_floor":[82,82,82,82,82,82,82,82,82,82,82,82,82,82,82,82,82,82,82,82,82,82,82,82,82,82,82,82,82,82,82,82,82,82,82,82,82,82,84,84,86,86,86,88,88,90,90,90,90,90],"card_choices":[{"not_picked":["Undo","Auto Shields"],"picked":"Genetic Algorithm","floor":1.0},{"not_picked":["Hologram","Steam"],"picked":"Compile Driver","floor":2.0},{"not_picked":["Genetic Algorithm","Steam Power"],"picked":"Streamline","floor":3.0},{"not_picked":["Tempest","Sunder"],"picked":"Cold Snap","floor":5.0},{"not_picked":["Thunder Strike","Compile Driver"],"picked":"Echo Form","floor":6.0},{"not_picked":["Melter","Barrage"],"picked":"Echo Form","floor":8.0},{"not_picked":["Hologram","Lockon"],"picked":"Undo","floor":13.0},{"not_picked":["Meteor Strike","Multi-Cast"],"picked":"Creative AI","floor":16.0},{"not_picked":["Force Field","FTL"],"picked":"Leap+1","floor":18},{"not_picked":["Streamline","Leap+1"],"picked":"Chill+1","floor":19},{"not_picked":["Leap+1","Double Energy"],"picked":"Consume","floor":22},{"not_picked":["Rebound","Beam Cell"],"picked":"Core Surge","floor":24},{"not_picked":["Sunder","Gash","Melter"],"picked":"SKIP","floor":25},{"not_picked":["Skim","Compile Driver","Reinforced Body"],"picked":"SKIP","floor":27},{"not_picked":["Steam","Self Repair"],"picked":"Stack","floor":29},{"not_picked":["Stack","Compile Driver"],"picked":"Static Discharge","floor":30},{"not_picked":["Biased Cognition","Meteor Strike"],"picked":"Rainbow","floor":33},{"not_picked":["Barrage","Scrape"],"picked":"Conserve Battery+1","floor":35},{"not_picked":["Beam Cell+1","Turbo"],"picked":"Double Energy+1","floor":37},{"not_picked":["Reprogram","Streamline"],"picked":"Seek","floor":38},{"not_picked":["BootSequence","Rebound+1","Rip and Tear"],"picked":"Singing Bowl","floor":39},{"not_picked":["Coolheaded","Barrage","Echo Form"],"picked":"Singing Bowl","floor":41},{"not_picked":["Rebound","Redo","Beam Cell+1"],"picked":"Singing Bowl","floor":44},{"not_picked":["Auto Shields","Leap","Undo+1"],"picked":"Singing Bowl","floor":46},{"not_picked":["Ball Lightning+1","Melter+1"],"picked":"Static Discharge+1","floor":48}],"player_experience":1206666,"relics_obtained":[{"floor":6.0,"key":"Omamori"},{"floor":8.0,"key":"Bird Faced Urn"},{"floor":9.0,"key":"Bottled Flame"},{"floor":25,"key":"Sundial"},{"floor":26,"key":"Thread and Needle"},{"floor":27,"key":"Turnip"},{"floor":41,"key":"Gremlin Horn"},{"floor":43,"key":"Pantograph"},{"floor":46,"key":"Ancient Tea Set"},{"floor":48,"key":"Darkstone Periapt"}],"event_choices":[{"damage_healed":20.0,"max_hp_gain":0.0,"max_hp_loss":0.0,"gold_gain":0.0,"event_name":"The Cleric","player_choice":"Healed","floor":11.0,"gold_loss":35.0,"damage_taken":0.0},{"damage_healed":0.0,"max_hp_gain":0.0,"max_hp_loss":0.0,"gold_gain":0.0,"event_name":"Scrap Ooze","player_choice":"Success","floor":12.0,"gold_loss":0.0,"damage_taken":18.0,"relics_obtained":["Art of War"]},{"damage_healed":0.0,"max_hp_gain":0.0,"max_hp_loss":0.0,"gold_gain":0.0,"event_name":"Shining Light","player_choice":"Entered Light","floor":14.0,"gold_loss":0.0,"damage_taken":16.0,"cards_upgraded":["Defend_B","Streamline"]},{"damage_healed":0,"gold_gain":0,"player_choice":"Gave Potion","damage_taken":0,"relics_obtained":["Bag of Preparation"],"max_hp_gain":0,"max_hp_loss":0,"event_name":"WeMeetAgain","floor":20,"gold_loss":0},{"damage_healed":0,"gold_gain":0,"player_choice":"Upgraded","damage_taken":0,"max_hp_gain":0,"max_hp_loss":0,"event_name":"Upgrade Shrine","floor":31,"gold_loss":0,"cards_upgraded":["Static Discharge"]},{"damage_healed":0,"gold_gain":0,"player_choice":"Paid","damage_taken":0,"relics_obtained":["Red Mask"],"max_hp_gain":0,"max_hp_loss":0,"event_name":"Tomb of Lord Red Mask","floor":45,"gold_loss":192}],"is_beta":false,"boss_relics":[{"not_picked":["Orrery","Snecko Eye"],"picked":"Empty Cage"},{"not_picked":["Lizard Tail","Pandora\u0027s Box"],"picked":"Philosopher\u0027s Stone"}],"items_purged_floors":[4],"is_endless":false,"potions_floor_spawned":[1,2,6,8,19,24,27,30,39,41,44,48],"ascension_level":11}