{"gold_per_floor":[112,69,27,44,44,44,78,78,78,96,112,145,170,170,170,170],"floor_reached":16,"playtime":544,"items_purged":[],"score":266,"play_id":"ff01835c-4b21-4a2d-a6c3-311c12b82fa4","local_time":"20190411174654","is_ascension_mode":true,"campfire_choices":[{"data":"Feel No Pain","floor":6,"key":"SMITH"},{"data":"Shockwave","floor":8,"key":"SMITH"},{"data":"Pommel Strike","floor":15,"key":"SMITH"}],"neow_cost":"NONE","seed_source_timestamp":92920346932514,"circlet_count":0,"master_deck":["AscendersBane","Strike_R","Strike_R","Strike_R","Strike_R","Strike_R","Defend_R","Defend_R","Defend_R","Defend_R","Bash+1","Heavy Blade","Feel No Pain+1","Shockwave+1","Pommel Strike+1","Offering","Feel No Pain+1","Reckless Charge"],"relics":["Burning Blood","NeowsBlessing","Self Forming Clay","Frozen Egg 2","Toxic Egg 2","Odd Mushroom","Thread and Needle"],"potions_floor_usage":[],"damage_taken":[{"damage":0,"enemies":"Cultist","floor":1,"turns":1},{"damage":0,"enemies":"Jaw Worm","floor":4,"turns":1},{"damage":0,"enemies":"3 Sentries","floor":7,"turns":1},{"damage":0,"enemies":"2 Louse","floor":10,"turns":2},{"damage":6,"enemies":"2 Fungi Beasts","floor":11,"turns":3},{"damage":12,"enemies":"Lagavulin","floor":12,"turns":6},{"damage":24,"enemies":"The Mushroom Lair","floor":13,"turns":5},{"damage":48,"enemies":"Hexaghost","floor":16,"turns":11}],"seed_played":"-4162730861433838827","potions_obtained":[{"floor":4,"key":"Dexterity Potion"},{"floor":11,"key":"Dexterity Potion"}],"is_trial":false,"path_per_floor":["M","$","$","M","?","R","E","R","T","M","M","E","?","?","R","B"],"character_chosen":"IRONCLAD","items_purchased":["Feel No Pain","Shockwave"],"campfire_rested":0,"item_purchase_floors":[2,3],"current_hp_per_floor":[74,74,74,75,75,75,75,75,75,75,75,69,51,46,46,0],"gold":170,"neow_bonus":"THREE_ENEMY_KILL","is_prod":false,"is_daily":false,"chose_seed":false,"campfire_upgraded":3,"win_rate":0,"timestamp":1555019214,"path_taken":["M","?","$","?","?","R","E","R","T","M","M","E","?","?","R","BOSS"],"build_version":"2019-01-23","purchased_purges":0,"victory":false,"max_hp_per_floor":[75,75,75,75,75,75,75,75,75,75,75,75,75,75,75,75],"card_choices":[{"not_picked":["Iron Wave","Perfected Strike"],"picked":"Heavy Blade","floor":1},{"not_picked":["Whirlwind","Cleave"],"picked":"Pommel Strike","floor":4},{"not_picked":["Thunderclap","Carnage","Warcry"],"picked":"SKIP","floor":7},{"not_picked":["Bloodletting","Thunderclap","Pommel Strike"],"picked":"SKIP","floor":10},{"not_picked":["Heavy Blade","Perfected Strike"],"picked":"Offering","floor":11},{"not_picked":["Rampage","Whirlwind"],"picked":"Feel No Pain+1","floor":12},{"not_picked":["Heavy Blade","Sever Soul"],"picked":"Reckless Charge","floor":13}],"player_experience":1795605,"relics_obtained":[{"floor":7,"key":"Self Forming Clay"},{"floor":9,"key":"Frozen Egg 2"},{"floor":12,"key":"Toxic Egg 2"},{"floor":13,"key":"Odd Mushroom"}],"event_choices":[{"damage_healed":0,"gold_gain":0,"player_choice":"Grow","damage_taken":0,"max_hp_gain":0,"max_hp_loss":0,"event_name":"Living Wall","floor":5,"gold_loss":0,"cards_upgraded":["Bash"]},{"damage_healed":0,"gold_gain":0,"player_choice":"Fought Mushrooms","damage_taken":0,"max_hp_gain":0,"max_hp_loss":0,"event_name":"Mushrooms","floor":13,"gold_loss":0},{"damage_healed":0,"gold_gain":0,"player_choice":"Success","damage_taken":5,"relics_obtained":["Thread and Needle"],"max_hp_gain":0,"max_hp_loss":0,"event_name":"Scrap Ooze","floor":14,"gold_loss":0}],"is_beta":false,"boss_relics":[],"items_purged_floors":[],"is_endless":false,"potions_floor_spawned":[4,11,13],"killed_by":"Hexaghost","ascension_level":20}