{"gold_per_floor":[119,44,44,44,57,95,95,110,184,184,215,230,115,115,115,115],"floor_reached":16,"playtime":316,"items_purged":["Strike_B"],"score":266,"play_id":"234193b8-a17d-4579-b8a8-fc480f48e0ad","local_time":"20190208201522","is_ascension_mode":true,"campfire_choices":[{"data":"Zap","floor":7,"key":"SMITH"},{"data":"Chaos","floor":10,"key":"SMITH"},{"data":"Defragment","floor":15,"key":"SMITH"}],"neow_cost":"NONE","seed_source_timestamp":463775871003582,"circlet_count":0,"master_deck":["AscendersBane","Strike_B","Defend_B","Defend_B","Defend_B","Defend_B","Zap+1","Dualcast","Reinforced Body","Coolheaded","Cold Snap","Chaos+1","Electrodynamics","Sweeping Beam","Defragment+1"],"relics":["Cracked Core","NeowsBlessing","Golden Idol","Bag of Preparation","Cables","Ice Cream"],"potions_floor_usage":[11,11],"damage_taken":[{"damage":0,"enemies":"Cultist","floor":1,"turns":1},{"damage":0,"enemies":"2 Louse","floor":5,"turns":1},{"damage":0,"enemies":"Lagavulin","floor":6,"turns":1},{"damage":3,"enemies":"Small Slimes","floor":8,"turns":3},{"damage":27,"enemies":"Gremlin Nob","floor":11,"turns":5},{"damage":0,"enemies":"Exordium Wildlife","floor":12,"turns":2},{"damage":36,"enemies":"Hexaghost","floor":16,"turns":14}],"seed_played":"8781135352488448383","potions_obtained":[{"floor":6,"key":"Energy Potion"},{"floor":8,"key":"GamblersBrew"}],"is_trial":false,"path_per_floor":["M","?","?","?","M","E","R","M","T","R","E","M","$","?","R","B"],"character_chosen":"DEFECT","items_purchased":["Defragment"],"campfire_rested":0,"item_purchase_floors":[13],"current_hp_per_floor":[64,64,40,63,63,63,63,60,60,60,33,33,33,26,26,0],"gold":115,"neow_bonus":"THREE_ENEMY_KILL","is_prod":false,"is_daily":false,"chose_seed":false,"campfire_upgraded":3,"win_rate":0,"timestamp":1549682122,"path_taken":["M","?","?","?","M","E","R","M","T","R","E","M","$","?","R","BOSS"],"build_version":"2019-02-06","purchased_purges":1,"victory":false,"max_hp_per_floor":[71,71,71,71,71,71,71,71,71,71,71,71,71,71,71,71],"card_choices":[{"not_picked":["Cold Snap","Sweeping Beam"],"picked":"Reinforced Body","floor":1},{"not_picked":["Steam","Double Energy"],"picked":"Coolheaded","floor":5},{"not_picked":["Gash","Coolheaded"],"picked":"Cold Snap","floor":6},{"not_picked":["Redo","Rebound"],"picked":"Chaos","floor":8},{"not_picked":["Genetic Algorithm","Hologram"],"picked":"Electrodynamics","floor":11},{"not_picked":["Force Field","Skim"],"picked":"Sweeping Beam","floor":12}],"player_experience":1080578,"relics_obtained":[{"floor":6,"key":"Bag of Preparation"},{"floor":9,"key":"Cables"},{"floor":11,"key":"Ice Cream"}],"event_choices":[{"cards_removed":["Strike_B"],"damage_healed":0,"gold_gain":0,"player_choice":"Card Removal","damage_taken":0,"max_hp_gain":0,"max_hp_loss":0,"event_name":"The Cleric","floor":2,"gold_loss":75},{"damage_healed":0,"gold_gain":0,"player_choice":"Take Damage","damage_taken":24,"relics_obtained":["Golden Idol"],"max_hp_gain":0,"max_hp_loss":0,"event_name":"Golden Idol","floor":3,"gold_loss":0},{"damage_healed":23,"gold_gain":0,"player_choice":"Banana","damage_taken":0,"max_hp_gain":0,"max_hp_loss":0,"event_name":"Big Fish","floor":4,"gold_loss":0},{"cards_removed":["Strike_B"],"damage_healed":0,"gold_gain":0,"player_choice":"Card Removal","damage_taken":7,"max_hp_gain":0,"max_hp_loss":0,"event_name":"Golden Wing","floor":14,"gold_loss":0}],"is_beta":true,"boss_relics":[],"items_purged_floors":[13],"is_endless":false,"potions_floor_spawned":[6,8],"killed_by":"Hexaghost","ascension_level":20}