{"path_per_floor":["M","?","$","?","?","R","E","M","T","?","M","?","?","?","R","B"],"character_chosen":"THE_SILENT","items_purchased":[],"gold_per_floor":[117,117,42,42,42,42,69,87,158,108,120,120,120,120,120,220,250],"floor_reached":17,"campfire_rested":0,"playtime":523,"current_hp_per_floor":[67,55,55,55,55,55,46,45,45,45,45,38,38,25,25,24,29],"items_purged":["Pain"],"gold":250,"score":151,"play_id":"03bfc934-50cb-4bf0-a235-4dacd15e7ce6","local_time":"20180408125250","is_prod":false,"is_daily":false,"is_ascension_mode":false,"campfire_upgraded":2,"timestamp":1523206370,"path_taken":["M","?","$","?","?","R","E","M","T","?","M","?","?","?","R","BOSS"],"build_version":"2018-04-05v2","purchased_purges":1,"victory":false,"master_deck":["Defend_G","Defend_G+1","Defend_G","Defend_G","Defend_G","Strike_G+1","Strike_G","Strike_G","Strike_G+1","Survivor","Neutralize+1","Noxious Fumes+1","Unload+1","Footwork+1","A Thousand Cuts"],"max_hp_per_floor":[70,70,70,70,70,70,70,70,70,67,67,67,67,67,67,67,72],"relics":["Calling Bell","Tough Bandages","Torii","Kunai","Regal Pillow","Juzu Bracelet","The Courier","Tiny House"],"card_choices":[{"not_picked":["Deflect","Dash"],"picked":"Noxious Fumes","floor":1},{"not_picked":["Underhanded Strike","Quick Slash"],"picked":"Unload","floor":8},{"not_picked":["Quick Slash","Riddle With Holes"],"picked":"Footwork","floor":11},{"not_picked":["Burst","Bullet Time"],"picked":"A Thousand Cuts","floor":16}],"player_experience":751971,"potions_floor_usage":[],"damage_taken":[{"damage":3,"enemies":"2 Louse","floor":1,"turns":3},{"damage":9,"enemies":"3 Sentries","floor":7,"turns":9},{"damage":1,"enemies":"Jaw Worm","floor":8,"turns":4},{"damage":0,"enemies":"Cultist","floor":11,"turns":3},{"damage":1,"enemies":"Hexaghost","floor":16,"turns":11}],"event_choices":[{"event_name":"Scrap Ooze","player_choice":"success","floor":2,"damage_taken":12},{"event_name":"Accursed Blacksmith","player_choice":"Forge","floor":4,"damage_taken":0},{"event_name":"Purifier","player_choice":"One Purge","floor":5,"damage_taken":0},{"event_name":"The Cleric","player_choice":"Card Removal","floor":10,"damage_taken":0},{"event_name":"Golden Wing","player_choice":"Card Removal","floor":12,"damage_taken":0},{"event_name":"Upgrade Shrine","player_choice":"Upgraded","floor":13,"damage_taken":0},{"event_name":"Shining Light","player_choice":"Entered Light","floor":14,"damage_taken":0}],"boss_relics":[{"not_picked":["Runic Pyramid","Lizard Tail"],"picked":"Tiny House"}],"potions_floor_spawned":[8,16],"seed_played":"-588998645233538417","ascension_level":0,"is_trial":false}