{"gold_per_floor":[115,115,128,148,148,148,177,191,191,208,208,238,252,252],"floor_reached":14,"playtime":1196,"items_purged":[],"score":173,"play_id":"bf8f83d3-0c57-4a58-a70d-b93a27549c36","local_time":"20190509170221","is_ascension_mode":true,"campfire_choices":[{"data":"Armaments","floor":6.0,"key":"SMITH"},{"floor":11,"key":"REST"}],"neow_cost":"NONE","seed_source_timestamp":0,"circlet_count":0,"master_deck":["AscendersBane","Strike_R","Strike_R","Strike_R","Strike_R","Strike_R","Defend_R","Defend_R","Defend_R","Defend_R","Bash+1","Clash","Body Slam","Armaments+1","Pain","Rampage","Disarm","Thunderclap","Perfected Strike"],"special_seed":0,"relics":["Burning Blood","Happy Flower","WarpedTongs","Boot","Kunai","WingedGreaves"],"potions_floor_usage":[14],"damage_taken":[{"damage":4.0,"enemies":"Small Slimes","floor":1.0,"turns":4.0},{"damage":6.0,"enemies":"Cultist","floor":3.0,"turns":4.0},{"damage":0.0,"enemies":"2 Louse","floor":4.0,"turns":3.0},{"damage":44.0,"enemies":"3 Sentries","floor":7.0,"turns":15.0},{"damage":20.0,"enemies":"Exordium Thugs","floor":8.0,"turns":7.0},{"damage":17,"enemies":"Large Slime","floor":10,"turns":5},{"damage":12,"enemies":"Gremlin Nob","floor":12,"turns":4},{"damage":9,"enemies":"Gremlin Gang","floor":13,"turns":4},{"damage":28,"enemies":"3 Sentries","floor":14,"turns":5}],"seed_played":"2432983871800746494","potions_obtained":[{"floor":7.0,"key":"Ancient Potion"},{"floor":8.0,"key":"Swift Potion"},{"floor":10,"key":"EssenceOfSteel"}],"is_trial":false,"path_per_floor":["M","?","M","M","?","R","E","M","T","M","R","E","M","E"],"character_chosen":"IRONCLAD","items_purchased":[],"campfire_rested":1,"item_purchase_floors":[],"current_hp_per_floor":[70,70,70,75,75,75,37,23,23,12,34,28,25,0],"gold":252,"neow_bonus":"RANDOM_COMMON_RELIC","is_prod":false,"is_daily":false,"chose_seed":false,"campfire_upgraded":1,"win_rate":0,"timestamp":1557414141,"path_taken":["M","?","M","M","?","R","E","M","T","?","R","E","M","E"],"build_version":"2019-01-23","purchased_purges":0,"victory":false,"max_hp_per_floor":[75,75,75,75,75,75,75,75,75,75,75,75,75,75],"card_choices":[{"not_picked":["Wild Strike","Warcry"],"picked":"Clash","floor":1.0},{"not_picked":["Seeing Red","Warcry"],"picked":"Body Slam","floor":3.0},{"not_picked":["Clash","Thunderclap"],"picked":"Armaments","floor":4.0},{"not_picked":["Power Through","Rupture"],"picked":"Rampage","floor":7.0},{"not_picked":["Wild Strike","Spot Weakness"],"picked":"Disarm","floor":8.0},{"not_picked":["Havoc","Clash"],"picked":"Thunderclap","floor":10},{"not_picked":["Heavy Blade","Clash","Sentinel"],"picked":"SKIP","floor":12},{"not_picked":["Clash","Hemokinesis"],"picked":"Perfected Strike","floor":13}],"player_experience":751582,"relics_obtained":[{"floor":7.0,"key":"Boot"},{"floor":9.0,"key":"Kunai"},{"floor":12,"key":"WingedGreaves"}],"event_choices":[{"damage_healed":0.0,"max_hp_gain":0.0,"max_hp_loss":0.0,"gold_gain":0.0,"event_name":"Living Wall","player_choice":"Grow","floor":2.0,"gold_loss":0.0,"damage_taken":0.0,"cards_upgraded":["Bash"]},{"damage_healed":0.0,"max_hp_gain":0.0,"max_hp_loss":0.0,"gold_gain":0.0,"event_name":"Accursed Blacksmith","player_choice":"Rummage","floor":5.0,"gold_loss":0.0,"damage_taken":0.0,"relics_obtained":["WarpedTongs"],"cards_obtained":["Pain"]}],"is_beta":false,"boss_relics":[],"items_purged_floors":[],"is_endless":false,"potions_floor_spawned":[7,8,10,12],"killed_by":"3 Sentries","ascension_level":14}