{"gold_per_floor":[117,117,128,145,157,157,173,173,173,208,218,218,218,34,34,34],"floor_reached":16,"playtime":598,"items_purged":["Strike_B"],"score":204,"play_id":"c797261a-f60b-427a-a0d3-21a920f73ce1","local_time":"20190413003344","is_ascension_mode":true,"campfire_choices":[{"data":"Zap","floor":6,"key":"SMITH"},{"data":"Compile Driver","floor":8,"key":"SMITH"},{"data":"Hologram","floor":12,"key":"SMITH"},{"data":"Auto Shields","floor":15,"key":"SMITH"}],"neow_cost":"PERCENT_DAMAGE","seed_source_timestamp":108385283195542,"circlet_count":0,"master_deck":["AscendersBane","Strike_B","Strike_B","Defend_B","Defend_B","Defend_B","Defend_B","Zap+1","Dualcast","Conserve Battery","Compile Driver+1","Gash","Gash","Conserve Battery","Hologram+1","Conserve Battery","Auto Shields+1"],"relics":["Cracked Core","Bag of Preparation","PreservedInsect","Smiling Mask"],"potions_floor_usage":[10,16,16],"damage_taken":[{"damage":4,"enemies":"Jaw Worm","floor":1,"turns":3},{"damage":0,"enemies":"Cultist","floor":3,"turns":3},{"damage":4,"enemies":"Small Slimes","floor":4,"turns":3},{"damage":9,"enemies":"Red Slaver","floor":5,"turns":3},{"damage":12,"enemies":"Lots of Slimes","floor":7,"turns":5},{"damage":27,"enemies":"Gremlin Nob","floor":10,"turns":4},{"damage":0,"enemies":"2 Fungi Beasts","floor":11,"turns":3},{"damage":5,"enemies":"Hexaghost","floor":16,"turns":9}],"seed_played":"-2155916343196465691","potions_obtained":[{"floor":3,"key":"SpeedPotion"},{"floor":5,"key":"SpeedPotion"},{"floor":10,"key":"FearPotion"}],"is_trial":false,"path_per_floor":["M","?","M","M","M","R","M","R","T","E","M","R","T","$","R","B"],"character_chosen":"DEFECT","items_purchased":["Conserve Battery","Auto Shields"],"campfire_rested":0,"item_purchase_floors":[14,14],"current_hp_per_floor":[56,56,56,52,43,43,31,31,31,4,4,4,4,4,4,0],"gold":34,"neow_bonus":"TWENTY_PERCENT_HP_BONUS","is_prod":false,"is_daily":false,"chose_seed":false,"campfire_upgraded":4,"win_rate":0,"timestamp":1555130024,"path_taken":["M","?","M","M","M","R","M","R","T","E","?","R","?","$","R","BOSS"],"build_version":"2019-01-23","purchased_purges":1,"victory":false,"max_hp_per_floor":[85,85,85,85,85,85,85,85,85,85,85,85,85,85,85,85],"card_choices":[{"not_picked":["Streamline","Steam"],"picked":"Conserve Battery","floor":1},{"not_picked":["Fusion","Lockon"],"picked":"Compile Driver","floor":3},{"not_picked":["Conserve Battery","Redo"],"picked":"Gash","floor":4},{"not_picked":["Chaos","Conserve Battery","Reboot"],"picked":"SKIP","floor":5},{"not_picked":["Go for the Eyes","Reinforced Body"],"picked":"Gash","floor":7},{"not_picked":["Blizzard","Storm"],"picked":"Conserve Battery","floor":10},{"not_picked":["Stack","Compile Driver"],"picked":"Hologram","floor":11}],"player_experience":1834806,"relics_obtained":[{"floor":9,"key":"Bag of Preparation"},{"floor":10,"key":"PreservedInsect"},{"floor":13,"key":"Smiling Mask"}],"event_choices":[{"cards_removed":["Strike_B"],"damage_healed":0,"gold_gain":0,"player_choice":"Purged","damage_taken":0,"max_hp_gain":0,"max_hp_loss":0,"event_name":"Purifier","floor":2,"gold_loss":0}],"is_beta":false,"boss_relics":[],"items_purged_floors":[14],"is_endless":false,"potions_floor_spawned":[3,5,10],"killed_by":"Hexaghost","ascension_level":20}