{"gold_per_floor":[209,284,304,39,39,54,82,94,129,141,153,179,224,250,262,274],"floor_reached":16,"playtime":453,"items_purged":["Strike_R"],"score":193,"play_id":"bb1658d4-27ca-4270-857d-f37b3f7ba2bc","local_time":"20190403193956","is_ascension_mode":true,"campfire_choices":[{"data":"Armaments","floor":8,"key":"SMITH"},{"data":"Feed","floor":11,"key":"SMITH"},{"data":"Flame Barrier","floor":15,"key":"SMITH"}],"neow_cost":"NONE","seed_source_timestamp":1845181843867314,"circlet_count":0,"master_deck":["AscendersBane","Strike_R","Strike_R","Strike_R","Strike_R","Defend_R","Defend_R+1","Defend_R","Defend_R","Bash","Hemokinesis+1","Clothesline","Flame Barrier+1","Armaments+1","Feed+1","Flame Barrier+1","Exhume","Flame Barrier"],"relics":["Burning Blood","Anchor","MawBank","Ancient Tea Set","War Paint","PreservedInsect"],"potions_floor_usage":[13,16],"damage_taken":[{"damage":18,"enemies":"Jaw Worm","floor":1,"turns":4},{"damage":13,"enemies":"Small Slimes","floor":3,"turns":4},{"damage":2,"enemies":"2 Louse","floor":6,"turns":2},{"damage":16,"enemies":"3 Sentries","floor":7,"turns":7},{"damage":2,"enemies":"Red Slaver","floor":12,"turns":2},{"damage":11,"enemies":"Lagavulin","floor":13,"turns":9},{"damage":14,"enemies":"2 Fungi Beasts","floor":14,"turns":4},{"damage":45,"enemies":"The Guardian","floor":16,"turns":17}],"seed_played":"-2543404244055407434","potions_obtained":[{"floor":3,"key":"SpeedPotion"},{"floor":6,"key":"SteroidPotion"}],"is_trial":false,"path_per_floor":["M","?","M","$","?","M","E","R","T","?","R","M","E","M","R","B"],"character_chosen":"IRONCLAD","items_purchased":["Flame Barrier","Anchor"],"campfire_rested":0,"item_purchase_floors":[4,4],"current_hp_per_floor":[56,45,38,38,38,42,32,32,32,32,32,40,39,35,35,0],"gold":274,"neow_bonus":"HUNDRED_GOLD","is_prod":false,"is_daily":false,"chose_seed":false,"campfire_upgraded":3,"win_rate":0,"timestamp":1554334796,"path_taken":["M","?","M","$","?","M","E","R","T","?","R","M","E","M","R","BOSS"],"build_version":"2019-03-15","purchased_purges":1,"victory":false,"max_hp_per_floor":[75,75,75,75,75,75,75,75,75,75,75,79,83,87,87,87],"card_choices":[{"not_picked":["Thunderclap","Heavy Blade"],"picked":"Hemokinesis","floor":1},{"not_picked":["Burning Pact","Combust"],"picked":"Clothesline","floor":3},{"not_picked":["Twin Strike","Pummel"],"picked":"Armaments","floor":6},{"not_picked":["Headbutt","Iron Wave"],"picked":"Feed","floor":7},{"not_picked":["Heavy Blade","Warcry"],"picked":"Flame Barrier","floor":12},{"not_picked":["Iron Wave","Anger"],"picked":"Exhume","floor":13},{"not_picked":["Cleave","Blood for Blood"],"picked":"Flame Barrier","floor":14}],"player_experience":2348547,"relics_obtained":[{"floor":7,"key":"MawBank"},{"floor":9,"key":"Ancient Tea Set"},{"floor":13,"key":"PreservedInsect"}],"event_choices":[{"damage_healed":0,"gold_gain":75,"player_choice":"Gather Gold","damage_taken":11,"max_hp_gain":0,"max_hp_loss":0,"event_name":"World of Goop","floor":2,"gold_loss":0},{"damage_healed":0,"gold_gain":0,"player_choice":"Grow","damage_taken":0,"max_hp_gain":0,"max_hp_loss":0,"event_name":"Living Wall","floor":5,"gold_loss":0,"cards_upgraded":["Hemokinesis"]},{"damage_healed":0,"gold_gain":0,"player_choice":"Searched \u00271\u0027 times","damage_taken":0,"relics_obtained":["War Paint"],"max_hp_gain":0,"max_hp_loss":0,"event_name":"Dead Adventurer","floor":10,"gold_loss":0}],"is_beta":true,"boss_relics":[],"items_purged_floors":[4],"is_endless":false,"potions_floor_spawned":[3,6],"killed_by":"The Guardian","ascension_level":15}