{"path_per_floor":["M","M","M","?","M","R","M","R","T","M","?","R","$","M","R","B",null,"M","M","?","?","M","R","M","?","T","M","$","R","M","$","R","B",null,"M","M","$","M","M","R","?","?","T","M","M","R","?","$","R"],"character_chosen":"IRONCLAD","items_purchased":["Flex","Swift Potion","Block Potion","Energy Potion","Strength Potion"],"gold_per_floor":[110,124,139,139,152,152,163,163,163,177,177,177,57,68,68,167,167,177,196,196,196,211,211,225,225,225,245,41,41,61,11,11,113,113,127,145,20,38,58,58,58,58,58,76,93,93,93,43,43,43],"floor_reached":50,"campfire_rested":3,"playtime":1567,"current_hp_per_floor":[77,76,76,76,74,74,74,74,74,74,74,74,74,74,74,43,80,70,58,58,80,65,65,66,66,66,49,49,49,49,49,49,6,80,76,70,70,38,10,34,34,34,34,23,22,46,46,46,70,0],"items_purged":["Defend_R","Defend_R","Strike_R"],"gold":43,"score":438,"play_id":"d4182c42-a839-4cf9-8c84-dad16b57b898","local_time":"20180408030927","is_prod":false,"is_daily":false,"is_ascension_mode":false,"campfire_upgraded":7,"timestamp":1523171367,"path_taken":["M","M","M","?","M","R","M","R","T","?","?","R","?","M","R","BOSS","M","M","?","?","?","R","M","?","T","M","$","R","M","?","R","BOSS","M","M","$","M","M","R","?","?","T","?","M","R","?","$","R","BOSS"],"build_version":"2018-04-05v2","purchased_purges":3,"victory":false,"master_deck":["Strike_R","Strike_R","Strike_R","Defend_R","Defend_R","Bash+1","Limit Break","Rage","Searing Blow+5","Bludgeon+1","Flex+1","Seeing Red+1","Battle Trance","Headbutt","Thunderclap+1","Whirlwind+1","Inflame+1","Seeing Red+1"],"max_hp_per_floor":[80,80,80,80,80,80,80,80,80,80,80,80,80,80,80,80,80,80,80,80,80,80,80,80,80,80,80,80,80,80,80,80,80,80,80,80,80,80,80,80,80,80,80,80,80,80,80,80,80,80],"relics":["Cursed Key"],"card_choices":[{"not_picked":["Pommel Strike","Shrug It Off"],"picked":"Limit Break","floor":1},{"not_picked":["Clothesline","Shrug It Off"],"picked":"Rage","floor":2},{"not_picked":["Clash","Metallicize"],"picked":"Searing Blow","floor":3},{"not_picked":["Twin Strike","Rampage"],"picked":"Bludgeon","floor":7},{"not_picked":["Twin Strike","Disarm"],"picked":"Flex","floor":18},{"not_picked":["Cleave","Pommel Strike"],"picked":"Seeing Red","floor":19},{"not_picked":["Wild Strike","Cleave"],"picked":"Battle Trance","floor":22},{"not_picked":["Evolve","Perfected Strike"],"picked":"Headbutt","floor":27},{"not_picked":["Pommel Strike","Iron Wave"],"picked":"Thunderclap","floor":35},{"not_picked":["Intimidate","Havoc"],"picked":"Whirlwind","floor":38},{"not_picked":["Havoc","Heavy Blade"],"picked":"Inflame","floor":39}],"player_experience":750404,"potions_floor_usage":[5,14,24,30,33,33,35,38,39,44,45,50],"damage_taken":[{"damage":3,"enemies":"Small Slimes","floor":1,"turns":3},{"damage":1,"enemies":"2 Louse","floor":2,"turns":2},{"damage":0,"enemies":"Cultist","floor":3,"turns":3},{"damage":12,"enemies":"Gremlin Gang","floor":5,"turns":5},{"damage":0,"enemies":"3 Louse","floor":7,"turns":4},{"damage":0,"enemies":"Blue Slaver","floor":10,"turns":2},{"damage":0,"enemies":"Exordium Wildlife","floor":14,"turns":2},{"damage":31,"enemies":"The Guardian","floor":16,"turns":8},{"damage":10,"enemies":"Spheric Guardian","floor":18,"turns":3},{"damage":12,"enemies":"Shell Parasite","floor":19,"turns":2},{"damage":15,"enemies":"Snecko","floor":22,"turns":3},{"damage":11,"enemies":"Cultist and Chosen","floor":24,"turns":5},{"damage":17,"enemies":"Centurion and Healer","floor":27,"turns":5},{"damage":0,"enemies":"Slaver and Parasite","floor":30,"turns":2},{"damage":43,"enemies":"Collector","floor":33,"turns":5},{"damage":4,"enemies":"3 Darklings","floor":35,"turns":4},{"damage":6,"enemies":"3 Shapes","floor":36,"turns":5},{"damage":32,"enemies":"Maw","floor":38,"turns":5},{"damage":28,"enemies":"4 Shapes","floor":39,"turns":2},{"damage":14,"enemies":"3 Darklings","floor":44,"turns":2},{"damage":1,"enemies":"Sphere and 2 Shapes","floor":45,"turns":2},{"damage":70,"enemies":"Donu and Deca","floor":50,"turns":3}],"event_choices":[{"event_name":"Living Wall","player_choice":"Forget","floor":4,"damage_taken":0},{"event_name":"Liars Game","player_choice":"disagreed","floor":11,"damage_taken":0},{"event_name":"Cursed Tome","player_choice":"Ignored","floor":20,"damage_taken":0},{"event_name":"The Library","player_choice":"Heal","floor":21,"damage_taken":0},{"event_name":"Ghosts","player_choice":"Ignored","floor":25,"damage_taken":0},{"event_name":"Mysterious Sphere","player_choice":"Ignore","floor":42,"damage_taken":0},{"event_name":"Duplicator","player_choice":"One dupe","floor":47,"damage_taken":0}],"boss_relics":[{"not_picked":["Orrery","Ectoplasm","Cursed Key"]},{"not_picked":["Orrery","Ectoplasm","Cursed Key"]}],"potions_floor_spawned":[3,10,14,19,27,30,33,38,39,44],"seed_played":"-7443200059264759590","killed_by":"Donu and Deca","ascension_level":0,"is_trial":false}