{"gold_per_floor":[118,5,5,5,5,30,30,60,60,60,70,30,63,80,80,151,151,170,181,23,23,43,43,71,71,71,71,87,120,136,171,171,246,246,257,257,311,311,118,151,151,181,181,194,220,220,220,220,220,220,220,220,220,62,95,95],"floor_reached":56,"playtime":3278,"items_purged":["Strike_R"],"score":2310,"play_id":"54d75363-1fca-418d-98de-e1c73702de7f","local_time":"20190510232729","is_ascension_mode":true,"campfire_choices":[{"data":"Fiend Fire","floor":7,"key":"SMITH"},{"floor":10,"key":"REST"},{"data":"Power Through","floor":15,"key":"SMITH"},{"data":"Battle Trance","floor":23,"key":"SMITH"},{"data":"Demon Form","floor":25,"key":"SMITH"},{"floor":27,"key":"REST"},{"data":"Demon Form","floor":32,"key":"SMITH"},{"data":"Burning Pact","floor":41,"key":"SMITH"},{"floor":46,"key":"RECALL"},{"data":"Shrug It Off","floor":49,"key":"SMITH"},{"floor":53,"key":"REST"}],"neow_cost":"NONE","seed_source_timestamp":308659777366093,"circlet_count":0,"master_deck":["AscendersBane","Strike_R+1","Strike_R","Defend_R","Defend_R","Defend_R","Defend_R","Bash+1","Thunderclap","Anger+1","Burning Pact+1","Fiend Fire+1","Armaments","Heavy Blade+1","Whirlwind+1","Power Through+1","Demon Form+1","Shrug It Off+1","Battle Trance+1","Pommel Strike+1","Evolve+1","Demon Form+1","Immolate+1","Shrug It Off","Shrug It Off+1","Master of Strategy","Master of Strategy","Corruption"],"relics":["Burning Blood","Lantern","Ancient Tea Set","Molten Egg 2","Potion Belt","Velvet Choker","Pen Nib","Thread and Needle","The Courier","Bag of Preparation","Blue Candle","Dead Branch","Snecko Eye","Ice Cream","Bag of Marbles","Matryoshka","Omamori","Whetstone","Happy Flower","Sundial"],"potions_floor_usage":[6,13,24,51,56,56,56,56],"damage_taken":[{"damage":3,"enemies":"2 Louse","floor":1,"turns":4},{"damage":55,"enemies":"3 Sentries","floor":6,"turns":9},{"damage":30,"enemies":"Lagavulin","floor":8,"turns":5},{"damage":0,"enemies":"Cultist","floor":11,"turns":1},{"damage":0,"enemies":"3 Sentries","floor":13,"turns":2},{"damage":0,"enemies":"Small Slimes","floor":14,"turns":2},{"damage":25,"enemies":"Slime Boss","floor":16,"turns":7},{"damage":11,"enemies":"Spheric Guardian","floor":18,"turns":3},{"damage":12,"enemies":"Chosen","floor":19,"turns":4},{"damage":17,"enemies":"Snake Plant","floor":22,"turns":4},{"damage":8,"enemies":"Slavers","floor":24,"turns":3},{"damage":0,"enemies":"Sentry and Sphere","floor":28,"turns":2},{"damage":13,"enemies":"Gremlin Leader","floor":29,"turns":6},{"damage":2,"enemies":"3 Cultists","floor":30,"turns":3},{"damage":12,"enemies":"Book of Stabbing","floor":31,"turns":4},{"damage":0,"enemies":"Collector","floor":33,"turns":3},{"damage":0,"enemies":"Orb Walker","floor":35,"turns":3},{"damage":18,"enemies":"2 Orb Walkers","floor":37,"turns":2},{"damage":23,"enemies":"Nemesis","floor":40,"turns":5},{"damage":3,"enemies":"Giant Head","floor":42,"turns":4},{"damage":0,"enemies":"3 Shapes","floor":44,"turns":5},{"damage":0,"enemies":"Reptomancer","floor":45,"turns":1},{"damage":37,"enemies":"Donu and Deca","floor":50,"turns":7},{"damage":38,"enemies":"Awakened One","floor":51,"turns":11},{"damage":0,"enemies":"Shield and Spear","floor":55,"turns":3},{"damage":80,"enemies":"The Heart","floor":56,"turns":8}],"seed_played":"-858800482427597351","potions_obtained":[{"floor":8,"key":"Explosive Potion"},{"floor":11,"key":"SteroidPotion"},{"floor":19,"key":"Poison Potion"},{"floor":22,"key":"FairyPotion"},{"floor":29,"key":"Swift Potion"},{"floor":33,"key":"SkillPotion"},{"floor":42,"key":"Strength Potion"}],"is_trial":false,"path_per_floor":["M","$","?","?","?","E","R","E","T","R","M","$","E","M","R","B",null,"M","M","$","T","M","R","E","R","T","R","M","E","M","E","R","B",null,"M","?","?","?","$","E","R","E","T","M","E","R","?","$","R","B","B",null,"R","$","E","B"],"character_chosen":"IRONCLAD","items_purchased":["Anger","Regen Potion","Whirlwind+1","Pen Nib","Bag of Marbles","Corruption","Block Potion","Weak Potion"],"campfire_rested":3,"item_purchase_floors":[2,2,12,20,39,54,54,54],"current_hp_per_floor":[71,71,76,76,76,42,42,18,18,42,48,48,54,60,60,41,70,65,59,59,59,48,48,46,46,46,70,76,69,73,67,67,73,78,80,80,68,68,68,51,51,54,54,60,66,66,56,56,56,25,14,64,80,80,80,0],"gold":95,"neow_bonus":"RANDOM_COMMON_RELIC","is_prod":false,"is_daily":false,"chose_seed":false,"campfire_upgraded":7,"win_rate":0,"timestamp":1557556049,"path_taken":["M","$","?","?","?","E","R","E","T","R","M","$","E","M","R","BOSS","M","M","$","?","?","R","E","R","T","R","M","E","M","E","R","BOSS","M","?","?","?","$","E","R","E","T","?","E","R","?","$","R","BOSS","BOSS","R","$","E","BOSS"],"build_version":"2019-05-07","purchased_purges":1,"victory":false,"max_hp_per_floor":[75,75,80,80,80,80,80,80,80,80,80,80,80,80,80,80,80,80,80,80,80,80,80,80,80,80,80,80,80,80,80,80,80,80,80,80,80,80,80,80,80,80,80,80,80,80,80,80,80,80,80,80,80,80,80,80],"card_choices":[{"not_picked":["Cleave","Sentinel"],"picked":"Thunderclap","floor":1},{"not_picked":["Twin Strike","Sentinel"],"picked":"Fiend Fire","floor":6},{"not_picked":["Thunderclap","Warcry"],"picked":"Armaments","floor":8},{"not_picked":["Twin Strike+1","Intimidate"],"picked":"Heavy Blade+1","floor":11},{"not_picked":["Heavy Blade+1","Burning Pact"],"picked":"Power Through","floor":13},{"not_picked":["Whirlwind+1","Rupture","Armaments"],"picked":"SKIP","floor":14},{"not_picked":["Fiend Fire+1","Juggernaut"],"picked":"Demon Form","floor":16},{"not_picked":["Cleave+1","Wild Strike+1"],"picked":"Shrug It Off+1","floor":18},{"not_picked":["Shrug It Off","Pummel+1"],"picked":"Battle Trance","floor":19},{"not_picked":["Cleave+1","Iron Wave+1"],"picked":"Pommel Strike+1","floor":22},{"not_picked":["Dark Embrace","Ghostly Armor","Infernal Blade"],"picked":"SKIP","floor":24},{"not_picked":["Twin Strike+1","Anger+1"],"picked":"Evolve+1","floor":28},{"not_picked":["Carnage+1","Double Tap","Havoc"],"picked":"SKIP","floor":29},{"not_picked":["Sword Boomerang+1","Sentinel+1","Pommel Strike+1"],"picked":"SKIP","floor":30},{"not_picked":["Sentinel","Combust"],"picked":"Demon Form","floor":31},{"not_picked":["Berserk","Dark Embrace"],"picked":"Immolate+1","floor":33},{"not_picked":["Anger+1","Sword Boomerang+1","Body Slam+1"],"picked":"SKIP","floor":35},{"not_picked":["Thunderclap+1","Fire Breathing"],"picked":"Shrug It Off","floor":40},{"not_picked":["Intimidate","Sentinel","True Grit"],"picked":"SKIP","floor":42},{"not_picked":["Perfected Strike+1","Havoc"],"picked":"Shrug It Off","floor":44},{"not_picked":["Inflame","Twin Strike+1","Perfected Strike+1"],"picked":"SKIP","floor":45},{"not_picked":["Good Instincts","Secret Weapon"],"picked":"Master of Strategy","floor":47},{"not_picked":["Dramatic Entrance+1","Forethought"],"picked":"Master of Strategy","floor":47},{"not_picked":["Warcry","Combust","Sword Boomerang+1"],"picked":"SKIP","floor":55}],"player_experience":6349989,"relics_obtained":[{"floor":8,"key":"Ancient Tea Set"},{"floor":9,"key":"Molten Egg 2"},{"floor":13,"key":"Potion Belt"},{"floor":21,"key":"Thread and Needle"},{"floor":24,"key":"The Courier"},{"floor":26,"key":"Bag of Preparation"},{"floor":29,"key":"Blue Candle"},{"floor":31,"key":"Dead Branch"},{"floor":37,"key":"Ice Cream"},{"floor":40,"key":"Matryoshka"},{"floor":42,"key":"Omamori"},{"floor":43,"key":"Whetstone"},{"floor":45,"key":"Happy Flower"},{"floor":55,"key":"Sundial"}],"event_choices":[{"damage_healed":0,"gold_gain":0,"player_choice":"Donut","damage_taken":0,"max_hp_gain":5,"max_hp_loss":0,"event_name":"Big Fish","floor":3,"gold_loss":0},{"damage_healed":0,"gold_gain":0,"player_choice":"Grow","damage_taken":0,"max_hp_gain":0,"max_hp_loss":0,"event_name":"Living Wall","floor":4,"gold_loss":0,"cards_upgraded":["Anger"]},{"damage_healed":0,"gold_gain":0,"cards_transformed":["Strike_R"],"player_choice":"Transformed","damage_taken":0,"max_hp_gain":0,"max_hp_loss":0,"event_name":"Transmorgrifier","floor":5,"gold_loss":0,"cards_obtained":["Burning Pact"]},{"damage_healed":0,"gold_gain":0,"player_choice":"Ignored","damage_taken":0,"max_hp_gain":0,"max_hp_loss":0,"event_name":"Tomb of Lord Red Mask","floor":36,"gold_loss":0},{"damage_healed":0,"gold_gain":0,"player_choice":"Fight","damage_taken":0,"max_hp_gain":0,"max_hp_loss":0,"event_name":"Mysterious Sphere","floor":37,"gold_loss":0},{"cards_removed":["Strike_R"],"damage_healed":0,"gold_gain":0,"player_choice":"Purged","damage_taken":0,"max_hp_gain":0,"max_hp_loss":0,"event_name":"Purifier","floor":38,"gold_loss":0},{"damage_healed":0,"gold_gain":0,"player_choice":"Memory 3","damage_taken":10,"max_hp_gain":0,"max_hp_loss":0,"event_name":"SensoryStone","floor":47,"gold_loss":0}],"is_beta":true,"boss_relics":[{"not_picked":["Runic Cube","Eternal Feather"],"picked":"Velvet Choker"},{"not_picked":["Cursed Key","Orrery"],"picked":"Snecko Eye"}],"items_purged_floors":[39],"is_endless":false,"potions_floor_spawned":[8,11,19,22,29,33,40,42,45,55],"killed_by":"The Heart","ascension_level":20}