{"gold_per_floor":[12,12,287,305,177,177,188,88,88,122,122,122,154,172,172,249,249,267,109,109,126,137,137,137,53,99,99],"floor_reached":27,"playtime":1425,"items_purged":["Regret","Strike_B"],"score":488,"play_id":"6a200b80-89c2-4a98-b15b-57244fc3fd98","local_time":"20190510175819","is_ascension_mode":true,"campfire_choices":[{"data":"Zap","floor":6,"key":"SMITH"},{"floor":12,"key":"REST"},{"floor":15,"key":"REST"},{"floor":23,"key":"REST"}],"neow_cost":"NO_GOLD","seed_source_timestamp":28193609472510,"circlet_count":0,"master_deck":["AscendersBane","Strike_B","Defend_B","Defend_B","Defend_B","Defend_B","Zap+1","Dualcast","Beam Cell","Melter","Cold Snap","Ball Lightning","Glacier","Genetic Algorithm","Go for the Eyes","Biased Cognition","Capacitor","Loop","Reinforced Body","Steam+1"],"relics":["Cracked Core","FossilizedHelix","Letter Opener","Symbiotic Virus","Art of War","Cables","Empty Cage","Nilry\u0027s Codex","Lantern"],"potions_floor_usage":[13,16,21,24,27],"damage_taken":[{"damage":0,"enemies":"2 Louse","floor":1,"turns":2},{"damage":2,"enemies":"Cultist","floor":4,"turns":4},{"damage":0,"enemies":"Jaw Worm","floor":7,"turns":2},{"damage":19,"enemies":"3 Sentries","floor":10,"turns":7},{"damage":17,"enemies":"Gremlin Nob","floor":13,"turns":4},{"damage":0,"enemies":"Large Slime","floor":14,"turns":4},{"damage":22,"enemies":"Hexaghost","floor":16,"turns":9},{"damage":10,"enemies":"Shell Parasite","floor":18,"turns":4},{"damage":8,"enemies":"2 Thieves","floor":21,"turns":4},{"damage":6,"enemies":"3 Cultists","floor":22,"turns":5},{"damage":0,"enemies":"Colosseum Slavers","floor":24,"turns":5},{"damage":36,"enemies":"Gremlin Leader","floor":27,"turns":7}],"seed_played":"2591163711290085376","potions_obtained":[{"floor":1,"key":"Swift Potion"},{"floor":7,"key":"Ancient Potion"},{"floor":13,"key":"Explosive Potion"},{"floor":16,"key":"SkillPotion"},{"floor":22,"key":"Block Potion"}],"is_trial":false,"path_per_floor":["M","$","?","M","$","R","M","$","T","E","?","R","E","M","R","B",null,"M","$","?","M","M","R","?","$","T","E"],"character_chosen":"DEFECT","items_purchased":["Cold Snap","Ancient Potion","Loop","FocusPotion"],"campfire_rested":3,"item_purchase_floors":[5,19,19,25],"current_hp_per_floor":[64,64,64,62,62,62,62,62,62,43,8,29,12,12,33,11,56,46,46,25,17,11,32,32,32,32,0],"gold":99,"neow_bonus":"ONE_RARE_RELIC","is_prod":false,"is_daily":false,"chose_seed":false,"campfire_upgraded":1,"win_rate":0,"timestamp":1557503899,"path_taken":["M","$","?","M","?","R","M","$","T","E","?","R","E","M","R","BOSS","M","$","?","M","M","R","?","$","T","E"],"build_version":"2019-01-23","purchased_purges":2,"victory":false,"max_hp_per_floor":[71,71,71,71,71,71,71,71,71,71,71,71,71,71,71,71,71,71,71,71,71,71,71,71,71,71,71],"card_choices":[{"not_picked":["Capacitor","Hologram"],"picked":"Beam Cell","floor":1},{"not_picked":["Steam","Leap"],"picked":"Melter","floor":4},{"not_picked":["Undo","Sweeping Beam"],"picked":"Ball Lightning","floor":7},{"not_picked":["Barrage","Beam Cell"],"picked":"Glacier","floor":10},{"not_picked":["Rebound","Cold Snap"],"picked":"Genetic Algorithm","floor":13},{"not_picked":["Streamline","Leap"],"picked":"Go for the Eyes","floor":14},{"not_picked":["Amplify","Meteor Strike"],"picked":"Biased Cognition","floor":16},{"not_picked":["Lockon","Sweeping Beam"],"picked":"Capacitor","floor":18},{"not_picked":["Ball Lightning","White Noise"],"picked":"Reinforced Body","floor":21},{"not_picked":["Go for the Eyes","Compile Driver"],"picked":"Steam+1","floor":22}],"player_experience":351043,"relics_obtained":[{"floor":9,"key":"Letter Opener"},{"floor":10,"key":"Symbiotic Virus"},{"floor":13,"key":"Cables"},{"floor":20,"key":"Nilry\u0027s Codex"},{"floor":26,"key":"Lantern"}],"event_choices":[{"damage_healed":0,"gold_gain":275,"player_choice":"Desecrate","damage_taken":0,"max_hp_gain":0,"max_hp_loss":0,"event_name":"Golden Shrine","floor":3,"gold_loss":0,"cards_obtained":["Regret"]},{"damage_healed":0,"gold_gain":0,"player_choice":"Success","damage_taken":35,"relics_obtained":["Art of War"],"max_hp_gain":0,"max_hp_loss":0,"event_name":"Scrap Ooze","floor":11,"gold_loss":0},{"damage_healed":0,"gold_gain":0,"player_choice":"Obtained Book","damage_taken":21,"max_hp_gain":0,"max_hp_loss":0,"event_name":"Cursed Tome","floor":20,"gold_loss":0},{"damage_healed":0,"gold_gain":0,"player_choice":"Fight","damage_taken":0,"max_hp_gain":0,"max_hp_loss":0,"event_name":"Colosseum","floor":24,"gold_loss":0},{"damage_healed":0,"gold_gain":0,"player_choice":"Fled From Nobs","damage_taken":0,"max_hp_gain":0,"max_hp_loss":0,"event_name":"Colosseum","floor":24,"gold_loss":0}],"is_beta":false,"boss_relics":[{"not_picked":["Busted Crown","White Beast Statue"],"picked":"Empty Cage"}],"items_purged_floors":[5,8],"is_endless":false,"potions_floor_spawned":[1,7,13,14,16,18,22],"killed_by":"Gremlin Leader","ascension_level":20}