{"path_per_floor":["M","M","?","M","M","R","E","?","T","R","M","?","M","$","R","B",null,"M","?","M","M","?","M","E","R","T","?","?","$","E","M","R","B",null,"M","M","M","M"],"character_chosen":"IRONCLAD","items_purchased":["Vajra","Inflame","Panache"],"gold_per_floor":[115,125,125,145,164,164,189,114,114,114,127,202,217,32,32,110,110,126,126,144,154,154,172,206,206,206,206,206,22,51,71,71,144,144,157,173,190,208,208],"floor_reached":39,"campfire_rested":0,"playtime":2275,"current_hp_per_floor":[60,61,56,57,54,54,34,34,34,34,32,21,21,21,21,15,60,60,39,32,23,23,29,21,21,21,37,37,37,27,32,32,14,64,48,48,33,25,0],"items_purged":[],"gold":208,"score":744,"play_id":"10967d0b-4c4d-493c-83e6-5bef91cbc141","local_time":"20180413183007","is_prod":false,"is_daily":false,"chose_seed":false,"is_ascension_mode":true,"campfire_upgraded":5,"timestamp":1523658607,"path_taken":["M","M","?","M","M","R","E","?","T","R","?","?","M","$","R","BOSS","M","?","M","?","?","M","E","R","T","?","?","?","E","M","R","BOSS","M","M","M","M","M"],"build_version":"2018-04-12","seed_source_timestamp":0,"purchased_purges":1,"victory":false,"master_deck":["Defend_R","Defend_R","Defend_R","Bash","AscendersBane","Berserk","Disarm+1","Shockwave+1","Intimidate","Anger+1","Thunderclap","Uppercut","Inflame","Dark Embrace+1","Limit Break+1","Warcry+1","Warcry+1","Infernal Blade+1","Battle Trance+1","Body Slam+1","Inflame","Panache+1","Offering","Sever Soul","Demon Form","Corruption+1","Spot Weakness","Thunderclap+1"],"max_hp_per_floor":[75,75,75,75,75,75,75,75,75,75,75,75,75,75,75,75,75,75,80,80,80,80,80,80,80,80,80,80,80,80,80,80,80,80,80,80,80,80,80],"relics":["Burning Blood","Anchor","Art of War","Magic Flower","Vajra","Astrolabe","Lantern","Dream Catcher","Gremlin Horn","Sozu"],"card_choices":[{"not_picked":["Iron Wave","Cleave"],"picked":"Disarm","floor":1.0},{"not_picked":["Anger","Clothesline"],"picked":"Shockwave","floor":2.0},{"not_picked":["Fire Breathing","Armaments"],"picked":"Intimidate","floor":4.0},{"not_picked":["True Grit","Flex"],"picked":"Anger","floor":5.0},{"not_picked":["Rampage","Havoc"],"picked":"Thunderclap","floor":7.0},{"not_picked":["Shockwave","Carnage"],"picked":"Uppercut","floor":11.0},{"not_picked":["Bludgeon","Feed"],"picked":"Dark Embrace","floor":16.0},{"not_picked":["Dropkick","Perfected Strike"],"picked":"Infernal Blade","floor":18.0},{"not_picked":["Perfected Strike","Clothesline"],"picked":"Battle Trance","floor":20.0},{"not_picked":["Inflame","Thunderclap"],"picked":"Body Slam","floor":21.0},{"not_picked":["Clash","Second Wind"],"picked":"Inflame","floor":24.0},{"not_picked":["Shockwave","Blood for Blood"],"picked":"Offering","floor":30.0},{"not_picked":["Clash","Twin Strike"],"picked":"Sever Soul","floor":31.0},{"not_picked":["Exhume","Offering"],"picked":"Demon Form","floor":33.0},{"not_picked":["Clothesline","Headbutt"],"picked":"Corruption","floor":36},{"not_picked":["Twin Strike","Havoc"],"picked":"Spot Weakness","floor":37},{"not_picked":["Evolve","Wild Strike"],"picked":"Thunderclap","floor":38}],"player_experience":856904,"potions_floor_usage":[],"damage_taken":[{"damage":14.0,"enemies":"2 Louse","floor":1.0,"turns":4.0},{"damage":5.0,"enemies":"Small Slimes","floor":2.0,"turns":4.0},{"damage":5.0,"enemies":"Jaw Worm","floor":4.0,"turns":5.0},{"damage":9.0,"enemies":"2 Fungi Beasts","floor":5.0,"turns":4.0},{"damage":26.0,"enemies":"3 Sentries","floor":7.0,"turns":9.0},{"damage":11.0,"enemies":"Gremlin Gang","floor":11.0,"turns":5.0},{"damage":9.0,"enemies":"Exordium Wildlife","floor":13.0,"turns":5.0},{"damage":15.0,"enemies":"The Guardian","floor":16.0,"turns":11.0},{"damage":9.0,"enemies":"Chosen","floor":18.0,"turns":6.0},{"damage":16.0,"enemies":"Spheric Guardian","floor":20.0,"turns":4.0},{"damage":18.0,"enemies":"Snake Plant","floor":21.0,"turns":4.0},{"damage":3.0,"enemies":"Chosen and Byrds","floor":23.0,"turns":5.0},{"damage":17.0,"enemies":"Gremlin Leader","floor":24.0,"turns":5.0},{"damage":19.0,"enemies":"Book of Stabbing","floor":30.0,"turns":4.0},{"damage":4.0,"enemies":"Centurion and Healer","floor":31.0,"turns":3.0},{"damage":27.0,"enemies":"Collector","floor":33.0,"turns":5.0},{"damage":25,"enemies":"Orb Walker","floor":35,"turns":4},{"damage":9,"enemies":"3 Darklings","floor":36,"turns":3},{"damage":24,"enemies":"Maw","floor":37,"turns":5},{"damage":17,"enemies":"4 Shapes","floor":38,"turns":3},{"damage":25,"enemies":"Sphere and 2 Shapes","floor":39,"turns":3}],"event_choices":[{"event_name":"Scrap Ooze","player_choice":"success","floor":3.0,"damage_taken":5.0},{"event_name":"The Cleric","player_choice":"Card Removal","floor":8.0,"damage_taken":0.0},{"event_name":"World of Goop","player_choice":"Gather Gold","floor":12.0,"damage_taken":0.0},{"event_name":"Forgotten Altar","player_choice":"Shed Blood","floor":19.0,"damage_taken":0.0},{"event_name":"Back to Basics","player_choice":"Elegance","floor":22.0,"damage_taken":0.0},{"event_name":"The Library","player_choice":"Heal","floor":27.0,"damage_taken":0.0},{"event_name":"Wheel of Change","player_choice":"Card Removal","floor":28.0,"damage_taken":0.0}],"boss_relics":[{"not_picked":["Velvet Choker","Cursed Key"],"picked":"Sozu"}],"potions_floor_spawned":[4,7,11,16,20,21,23,35,36],"seed_played":"8091260853336816460","killed_by":"Sphere and 2 Shapes","ascension_level":15,"is_trial":false}