{"gold_per_floor":[116,129,149,149,149,181,181,195,195,195,208,208,236,17,17,17],"floor_reached":16,"playtime":692,"items_purged":[],"score":198,"play_id":"fb9eae5c-2c82-4d07-ba9e-a9e64b3e56ab","local_time":"20180913213334","is_ascension_mode":true,"campfire_choices":[{"floor":7,"key":"REST"},{"data":"Noxious Fumes","floor":12,"key":"SMITH"},{"data":"Crippling Poison","floor":15,"key":"SMITH"}],"neow_cost":"NONE","seed_source_timestamp":76164386466250,"circlet_count":0,"master_deck":["Defend_G","Defend_G","Defend_G","Defend_G","Defend_G","Strike_G","Strike_G","Strike_G","Strike_G+1","Strike_G","Survivor","Neutralize","AscendersBane","Noxious Fumes+1","Bane+1","Backflip","Deflect","Masterful Stab","Doubt","Crippling Poison+1","Dagger Spray"],"relics":["Cursed Key","Sundial","Girya","Torii","Art of War","Membership Card"],"potions_floor_usage":[13,16],"damage_taken":[{"damage":6,"enemies":"2 Louse","floor":1,"turns":4},{"damage":0,"enemies":"Small Slimes","floor":2,"turns":4},{"damage":12,"enemies":"Jaw Worm","floor":3,"turns":3},{"damage":5,"enemies":"Lagavulin","floor":6,"turns":7},{"damage":6,"enemies":"2 Fungi Beasts","floor":8,"turns":5},{"damage":0,"enemies":"Looter","floor":11,"turns":3},{"damage":7,"enemies":"3 Sentries","floor":13,"turns":7},{"damage":17,"enemies":"The Guardian","floor":16,"turns":5}],"seed_played":"1557709544542497330","potions_obtained":[{"floor":2,"key":"SpeedPotion"},{"floor":11,"key":"AttackPotion"}],"is_trial":false,"path_per_floor":["M","M","M","?","?","E","R","M","T","?","M","R","E","$","R"],"character_chosen":"THE_SILENT","items_purchased":["Membership Card"],"campfire_rested":1,"item_purchase_floors":[14],"current_hp_per_floor":[53,53,41,30,10,5,24,18,18,18,18,18,11,11,11,0],"gold":17,"neow_bonus":"BOSS_RELIC","is_prod":false,"is_daily":false,"chose_seed":false,"campfire_upgraded":2,"win_rate":0,"timestamp":1536888814,"path_taken":["M","M","M","?","?","E","R","M","T","?","M","R","E","?","R","BOSS"],"build_version":"2018-09-06","purchased_purges":0,"victory":false,"max_hp_per_floor":[66,66,66,66,66,66,66,66,66,66,66,66,66,66,66,66],"card_choices":[{"not_picked":["Slice","Acrobatics"],"picked":"Noxious Fumes","floor":1},{"not_picked":["Cloak And Dagger","Flying Knee"],"picked":"Bane","floor":2},{"not_picked":["Deflect","Bane"],"picked":"Backflip","floor":3},{"not_picked":["Accuracy","Reflex"],"picked":"Deflect","floor":6},{"not_picked":["Backflip","Riddle With Holes"],"picked":"Masterful Stab","floor":8},{"not_picked":["Wraith Form v2","Backflip"],"picked":"Crippling Poison","floor":11},{"not_picked":["Accuracy","Outmaneuver"],"picked":"Dagger Spray","floor":13}],"player_experience":1008087,"relics_obtained":[{"floor":6,"key":"Girya"},{"floor":9,"key":"Torii"},{"floor":13,"key":"Art of War"}],"event_choices":[{"event_name":"Scrap Ooze","player_choice":"success","floor":4,"damage_taken":11},{"event_name":"Shining Light","player_choice":"Entered Light","floor":5,"damage_taken":0},{"event_name":"Match and Keep!","player_choice":"0 cards matched","floor":10,"damage_taken":0}],"is_beta":false,"boss_relics":[],"items_purged_floors":[],"is_endless":false,"potions_floor_spawned":[2,11],"killed_by":"The Guardian","ascension_level":16}