{"gold_per_floor":[115,134,134,34,49,49,81,111,148,176,205,217,240,262,274,286],"floor_reached":16,"playtime":443,"items_purged":["Strike_R"],"score":237,"play_id":"6666db63-6f25-4139-8fb3-be333b86d112","local_time":"20190217151815","is_ascension_mode":true,"campfire_choices":[{"data":"Bash","floor":6,"key":"SMITH"},{"data":"Feed","floor":12,"key":"SMITH"},{"data":"Havoc","floor":15,"key":"SMITH"}],"neow_cost":"NONE","seed_source_timestamp":189819267708342,"circlet_count":0,"master_deck":["AscendersBane","Strike_R","Strike_R","Strike_R","Strike_R","Defend_R","Defend_R","Defend_R","Defend_R","Bash+1","Feed+1","Iron Wave","Havoc+1","Armaments","Warcry","Fiend Fire","Sword Boomerang","Warcry","Disarm","Shrug It Off","Shrug It Off"],"relics":["Burning Blood","MawBank","Centennial Puzzle"],"potions_floor_usage":[7,16,16],"damage_taken":[{"damage":2,"enemies":"2 Louse","floor":1,"turns":4},{"damage":6,"enemies":"Cultist","floor":2,"turns":3},{"damage":9,"enemies":"Jaw Worm","floor":5,"turns":3},{"damage":38,"enemies":"Gremlin Nob","floor":7,"turns":6},{"damage":8,"enemies":"Blue Slaver","floor":8,"turns":5},{"damage":16,"enemies":"Looter","floor":10,"turns":4},{"damage":3,"enemies":"Large Slime","floor":11,"turns":3},{"damage":9,"enemies":"Exordium Thugs","floor":13,"turns":4},{"damage":13,"enemies":"2 Fungi Beasts","floor":14,"turns":3},{"damage":62,"enemies":"Slime Boss","floor":16,"turns":9}],"seed_played":"2614815233127921993","potions_obtained":[{"floor":2,"key":"Ancient Potion"},{"floor":7,"key":"SteroidPotion"},{"floor":8,"key":"FearPotion"},{"floor":11,"key":"BloodPotion"}],"is_trial":false,"path_per_floor":["M","M","?","$","M","R","E","M","T","M","M","R","M","M","R","B"],"character_chosen":"IRONCLAD","items_purchased":["Armaments"],"campfire_rested":0,"item_purchase_floors":[4],"current_hp_per_floor":[75,78,73,73,73,73,44,45,45,38,44,44,45,42,42,0],"gold":286,"neow_bonus":"ONE_RANDOM_RARE_CARD","is_prod":false,"is_daily":false,"chose_seed":false,"campfire_upgraded":3,"win_rate":0,"timestamp":1550441895,"path_taken":["M","M","?","$","M","R","E","M","T","?","?","R","M","M","R","BOSS"],"build_version":"2019-02-06","purchased_purges":1,"victory":false,"max_hp_per_floor":[78,81,81,81,84,84,87,90,90,93,96,96,100,104,104,104],"card_choices":[{"not_picked":["Anger","Rupture"],"picked":"Iron Wave","floor":1},{"not_picked":["Infernal Blade","Thunderclap"],"picked":"Havoc","floor":2},{"not_picked":["Anger","Thunderclap"],"picked":"Warcry","floor":5},{"not_picked":["Combust","Clash"],"picked":"Fiend Fire","floor":7},{"not_picked":["Cleave","Fire Breathing"],"picked":"Sword Boomerang","floor":8},{"not_picked":["Warcry","Twin Strike","Body Slam"],"picked":"SKIP","floor":10},{"not_picked":["Twin Strike","Body Slam"],"picked":"Warcry","floor":10},{"not_picked":["Power Through","Warcry"],"picked":"Disarm","floor":11},{"not_picked":["Ghostly Armor","Heavy Blade"],"picked":"Shrug It Off","floor":13},{"not_picked":["Twin Strike","Pummel"],"picked":"Shrug It Off","floor":14}],"player_experience":1102559,"relics_obtained":[{"floor":7,"key":"MawBank"},{"floor":9,"key":"Centennial Puzzle"}],"event_choices":[{"damage_healed":0,"gold_gain":0,"player_choice":"Bought 0 Potions","damage_taken":0,"max_hp_gain":0,"max_hp_loss":0,"event_name":"The Woman in Blue","floor":3,"gold_loss":0}],"is_beta":true,"boss_relics":[],"items_purged_floors":[4],"is_endless":false,"potions_floor_spawned":[2,7,8,11],"killed_by":"Slime Boss","ascension_level":20}