{"gold_per_floor":[12,32,50,50,62,62,80,97,97,129,146,146,173,22,22,97,97,109,109,38,38,53,53,73,73,73,83,110,122,166,189,201,285,297,321,350,362,384,396,434,446,469,557,31,46,76,76,149,149,149,149,149,49,79,79],"floor_reached":55,"playtime":2918,"items_purged":["Regret","Strike_B"],"score":1320,"play_id":"48b4054c-b92a-48b9-b8f4-535b5a6fb1e7","local_time":"20190323231617","is_ascension_mode":true,"campfire_choices":[{"floor":6,"key":"REST"},{"floor":12,"key":"REST"},{"data":"Zap","floor":15,"key":"SMITH"},{"data":"Defragment","floor":23,"key":"SMITH"},{"data":"Seek","floor":29,"key":"SMITH"},{"floor":32,"key":"REST"},{"floor":41,"key":"REST"},{"floor":47,"key":"RECALL"},{"floor":49,"key":"REST"},{"data":"Buffer","floor":52,"key":"SMITH"}],"neow_cost":"NO_GOLD","seed_source_timestamp":905217601187818,"circlet_count":0,"master_deck":["AscendersBane","Strike_B","Defend_B","Defend_B","Defend_B","Defend_B","Zap+1","Dualcast","Seek+1","Streamline+1","Reinforced Body","Cold Snap+1","Sweeping Beam","Compile Driver","Leap","Echo Form","Static Discharge","Defragment+1","Chill","Doom and Gloom+1","Amplify","Buffer+1","Conserve Battery+1","Finesse","The Bomb","Coolheaded","Defragment","Coolheaded","Undo+1","Doubt","Hologram+1"],"relics":["Cracked Core","Symbiotic Virus","Torii","Molten Egg 2","Anchor","Sozu","Enchiridion","Gambling Chip","MawBank","Sundial","Cursed Key","Art of War","ClockworkSouvenir","Regal Pillow","Mercury Hourglass","Shuriken","Blood Vial"],"potions_floor_usage":[7,24,27],"damage_taken":[{"damage":0,"enemies":"Jaw Worm","floor":1,"turns":3},{"damage":7,"enemies":"Small Slimes","floor":2,"turns":3},{"damage":0,"enemies":"Cultist","floor":3,"turns":3},{"damage":9,"enemies":"Red Slaver","floor":5,"turns":3},{"damage":15,"enemies":"Gremlin Gang","floor":7,"turns":6},{"damage":5,"enemies":"Looter","floor":8,"turns":3},{"damage":4,"enemies":"Lagavulin","floor":10,"turns":5},{"damage":0,"enemies":"2 Fungi Beasts","floor":11,"turns":2},{"damage":20,"enemies":"3 Sentries","floor":13,"turns":6},{"damage":11,"enemies":"Hexaghost","floor":16,"turns":8},{"damage":1,"enemies":"Chosen","floor":18,"turns":3},{"damage":0,"enemies":"Spheric Guardian","floor":22,"turns":3},{"damage":0,"enemies":"3 Cultists","floor":24,"turns":6},{"damage":6,"enemies":"Sentry and Sphere","floor":27,"turns":3},{"damage":0,"enemies":"Gremlin Leader","floor":28,"turns":8},{"damage":14,"enemies":"Slavers","floor":30,"turns":7},{"damage":0,"enemies":"Centurion and Healer","floor":31,"turns":2},{"damage":2,"enemies":"Collector","floor":33,"turns":9},{"damage":0,"enemies":"Orb Walker","floor":35,"turns":3},{"damage":0,"enemies":"3 Shapes","floor":36,"turns":5},{"damage":26,"enemies":"Spire Growth","floor":38,"turns":5},{"damage":20,"enemies":"Reptomancer","floor":40,"turns":7},{"damage":1,"enemies":"Transient","floor":42,"turns":5},{"damage":1,"enemies":"Maw","floor":45,"turns":8},{"damage":1,"enemies":"Nemesis","floor":46,"turns":15},{"damage":26,"enemies":"Time Eater","floor":50,"turns":17},{"damage":50,"enemies":"Shield and Spear","floor":54,"turns":10},{"damage":24,"enemies":"The Heart","floor":55,"turns":2}],"seed_played":"-604811490390730143","potions_obtained":[{"floor":2,"key":"EssenceOfSteel"},{"floor":7,"key":"SteroidPotion"},{"floor":10,"key":"Regen Potion"},{"floor":11,"key":"AttackPotion"}],"is_trial":false,"path_per_floor":["M","M","M","?","M","R","M","M","T","E","M","R","E","$","R","B",null,"M","?","$","?","M","R","M","$","T","M","E","R","E","M","R","B",null,"M","M","?","M","?","E","R","M","T","$","M","E","R","T","R","B",null,"R","$","E","B"],"character_chosen":"DEFECT","items_purchased":["Anchor","Defragment","ClockworkSouvenir","Regal Pillow","Defragment","Coolheaded"],"campfire_rested":5,"item_purchase_floors":[14,20,44,44,44,44],"current_hp_per_floor":[64,57,57,36,27,48,33,28,28,24,24,45,25,25,25,14,57,56,35,35,35,35,35,49,49,49,43,43,43,29,29,50,48,65,65,65,65,39,34,14,35,34,34,34,33,32,32,32,68,42,64,64,64,14,0],"gold":79,"neow_bonus":"THREE_RARE_CARDS","is_prod":false,"is_daily":false,"chose_seed":false,"campfire_upgraded":4,"win_rate":0,"timestamp":1553397377,"path_taken":["M","M","M","?","M","R","M","M","T","E","M","R","E","$","R","BOSS","M","?","$","?","M","R","M","?","T","M","E","R","E","M","R","BOSS","M","M","?","M","?","E","R","M","T","?","?","E","R","?","R","BOSS","R","$","E","BOSS"],"build_version":"2019-03-15","purchased_purges":2,"victory":false,"max_hp_per_floor":[71,71,71,71,71,71,71,71,71,71,71,71,71,71,71,71,71,71,71,71,71,71,71,71,71,71,71,71,71,71,71,71,71,71,71,71,71,71,71,71,71,71,71,71,71,71,71,71,71,71,71,71,71,71,71],"card_choices":[{"not_picked":["Amplify","Hyperbeam"],"picked":"Seek","floor":0},{"not_picked":["Compile Driver","Chaos"],"picked":"Streamline","floor":1},{"not_picked":["Steam Power","Chaos"],"picked":"Reinforced Body","floor":2},{"not_picked":["Redo","Barrage"],"picked":"Cold Snap","floor":3},{"not_picked":["Heatsinks","Stack","Steam Power"],"picked":"SKIP","floor":5},{"not_picked":["Streamline","Blizzard"],"picked":"Sweeping Beam","floor":7},{"not_picked":["Scrape","Redo","Turbo"],"picked":"SKIP","floor":8},{"not_picked":["Steam","Coolheaded"],"picked":"Compile Driver","floor":10},{"not_picked":["Barrage","Go for the Eyes"],"picked":"Leap","floor":11},{"not_picked":["Thunder Strike","Cold Snap"],"picked":"Hologram","floor":13},{"not_picked":["Hyperbeam+1","Multi-Cast"],"picked":"Echo Form","floor":16},{"not_picked":["Auto Shields","Turbo"],"picked":"Static Discharge","floor":18},{"not_picked":["Fusion","Heatsinks","Steam"],"picked":"SKIP","floor":22},{"not_picked":["Heatsinks","Steam Power","Barrage+1"],"picked":"SKIP","floor":24},{"not_picked":["Steam","Fusion","Streamline+1"],"picked":"SKIP","floor":27},{"not_picked":["Coolheaded","Hyperbeam+1"],"picked":"Amplify","floor":28},{"not_picked":["Compile Driver+1","Rebound+1","Coolheaded"],"picked":"SKIP","floor":30},{"not_picked":["Lockon+1","Chaos","Redo"],"picked":"SKIP","floor":31},{"not_picked":["Rainbow","Core Surge+1"],"picked":"Buffer","floor":33},{"not_picked":["Gash+1","Streamline+1","Beam Cell+1"],"picked":"SKIP","floor":35},{"not_picked":["Beam Cell+1","Hologram","Tempest"],"picked":"SKIP","floor":36},{"not_picked":["Doom and Gloom+1","Steam Power+1"],"picked":"Conserve Battery+1","floor":38},{"not_picked":["Deep Breath","Blind"],"picked":"Finesse","floor":39},{"not_picked":["Enlightenment","Good Instincts"],"picked":"The Bomb","floor":39},{"not_picked":["Steam+1","Barrage+1"],"picked":"Coolheaded","floor":40},{"not_picked":["Streamline+1","Tempest","Heatsinks+1"],"picked":"SKIP","floor":42},{"not_picked":["Reprogram+1","Genetic Algorithm+1"],"picked":"Undo+1","floor":45},{"not_picked":["Go for the Eyes+1","Reboot","Ball Lightning+1"],"picked":"SKIP","floor":46},{"not_picked":["Streamline+1","Cold Snap+1"],"picked":"Hologram+1","floor":54}],"player_experience":2278227,"relics_obtained":[{"floor":9,"key":"Symbiotic Virus"},{"floor":10,"key":"Torii"},{"floor":13,"key":"Molten Egg 2"},{"floor":19,"key":"Enchiridion"},{"floor":26,"key":"Gambling Chip"},{"floor":28,"key":"MawBank"},{"floor":30,"key":"Sundial"},{"floor":40,"key":"Art of War"},{"floor":46,"key":"Mercury Hourglass"},{"floor":48,"key":"Shuriken"},{"floor":54,"key":"Blood Vial"}],"event_choices":[{"damage_healed":0,"gold_gain":0,"player_choice":"Entered Light","damage_taken":21,"max_hp_gain":0,"max_hp_loss":0,"event_name":"Shining Light","floor":4,"gold_loss":0,"cards_upgraded":["Streamline","Cold Snap"]},{"damage_healed":0,"gold_gain":0,"player_choice":"Obtained Book","damage_taken":21,"max_hp_gain":0,"max_hp_loss":0,"event_name":"Cursed Tome","floor":19,"gold_loss":0},{"damage_healed":0,"gold_gain":0,"cards_transformed":["Strike_B","Strike_B"],"player_choice":"Became Test Subject","damage_taken":0,"max_hp_gain":0,"max_hp_loss":0,"event_name":"Drug Dealer","floor":21,"gold_loss":0,"cards_obtained":["Chill","Doom and Gloom"]},{"cards_removed":["Hologram"],"damage_healed":0,"gold_gain":0,"player_choice":"Removed Skill","damage_taken":0,"max_hp_gain":0,"max_hp_loss":0,"event_name":"Falling","floor":37,"gold_loss":0},{"damage_healed":0,"gold_gain":0,"player_choice":"Memory 2","damage_taken":5,"max_hp_gain":0,"max_hp_loss":0,"event_name":"SensoryStone","floor":39,"gold_loss":0}],"is_beta":true,"boss_relics":[{"not_picked":["Orrery","Empty Cage"],"picked":"Sozu"},{"not_picked":["Lizard Tail","Philosopher\u0027s Stone"],"picked":"Cursed Key"}],"items_purged_floors":[44,53],"is_endless":false,"potions_floor_spawned":[2,7,10,11,18,27,30,40,42,45],"killed_by":"The Heart","ascension_level":15}