{"gold_per_floor":[115,134,134,59,72,72,107,72,72,72,102,102,122,142,142,221,221,237,249,260,310,310,310,320,334,334,362,379,395,395,430,430,502,502,516,516,516,616,633,633],"floor_reached":40,"playtime":2349,"items_purged":["Strike_B"],"score":767,"play_id":"be1f823a-abc4-4989-84f0-25e9d924983f","local_time":"20190319231558","is_ascension_mode":true,"campfire_choices":[{"data":"Ball Lightning","floor":6.0,"key":"SMITH"},{"data":"Zap","floor":12.0,"key":"SMITH"},{"floor":15.0,"key":"REST"},{"floor":23.0,"key":"REST"},{"data":"Buffer","floor":30,"key":"SMITH"},{"data":"Defragment","floor":32,"key":"SMITH"}],"neow_cost":"NONE","seed_source_timestamp":0,"circlet_count":0,"master_deck":["AscendersBane","Strike_B","Strike_B","Defend_B","Defend_B","Defend_B","Defend_B","Zap+1","Dualcast","Ball Lightning+1","Conserve Battery","Genetic Algorithm","Seek","Genetic Algorithm","Cold Snap","Rip and Tear","Echo Form","Leap+1","Compile Driver+1","Defragment+1","Buffer+1","Tempest","White Noise+1","Capacitor","Biased Cognition","Panacea"],"special_seed":0,"relics":["Lizard Tail","Dodecahedron","Sundial","Philosopher\u0027s Stone","Meat on the Bone","Unceasing Top","Bronze Scales","Mercury Hourglass","Cursed Key","Girya"],"potions_floor_usage":[27,31,35,38,40],"damage_taken":[{"damage":1.0,"enemies":"Small Slimes","floor":1.0,"turns":4.0},{"damage":3.0,"enemies":"2 Louse","floor":2.0,"turns":3.0},{"damage":0.0,"enemies":"Cultist","floor":5.0,"turns":3.0},{"damage":30.0,"enemies":"Lagavulin","floor":7.0,"turns":8.0},{"damage":21.0,"enemies":"Gremlin Nob","floor":11.0,"turns":4.0},{"damage":21.0,"enemies":"Exordium Thugs","floor":13.0,"turns":6.0},{"damage":0.0,"enemies":"Exordium Wildlife","floor":14.0,"turns":4.0},{"damage":71.0,"enemies":"Slime Boss","floor":16.0,"turns":13.0},{"damage":15.0,"enemies":"3 Byrds","floor":18.0,"turns":5.0},{"damage":0.0,"enemies":"Chosen","floor":19.0,"turns":7.0},{"damage":20.0,"enemies":"Shelled Parasite and Fungi","floor":20.0,"turns":9.0},{"damage":17.0,"enemies":"Chosen and Byrds","floor":24.0,"turns":10.0},{"damage":4.0,"enemies":"Snecko","floor":25.0,"turns":6.0},{"damage":15,"enemies":"Gremlin Leader","floor":27,"turns":9},{"damage":8,"enemies":"Centurion and Healer","floor":28,"turns":6},{"damage":0,"enemies":"Cultist and Chosen","floor":29,"turns":7},{"damage":5,"enemies":"Book of Stabbing","floor":31,"turns":5},{"damage":37,"enemies":"Champ","floor":33,"turns":14},{"damage":0,"enemies":"Orb Walker","floor":35,"turns":3},{"damage":6,"enemies":"Mind Bloom Boss Battle","floor":38,"turns":5},{"damage":0,"enemies":"3 Shapes","floor":39,"turns":5},{"damage":52,"enemies":"Reptomancer","floor":40,"turns":2}],"seed_played":"-2227880197495542871","potions_obtained":[{"floor":5.0,"key":"LiquidBronze"},{"floor":10.0,"key":"EssenceOfSteel"},{"floor":10.0,"key":"Energy Potion"},{"floor":11.0,"key":"Energy Potion"},{"floor":16.0,"key":"Fire Potion"},{"floor":19.0,"key":"FocusPotion"},{"floor":28,"key":"LiquidBronze"},{"floor":33,"key":"GamblersBrew"},{"floor":35,"key":"Block Potion"}],"is_trial":false,"path_per_floor":["M","M","?","$","M","R","E","?","T","?","E","R","M","M","R","B",null,"M","M","M","?","T","R","M","M","T","E","M","M","R","E","R","B",null,"M","?","?","?","M","E"],"character_chosen":"DEFECT","items_purchased":[],"campfire_rested":2,"item_purchase_floors":[],"current_hp_per_floor":[63,60,65,65,65,65,35,54,54,54,33,33,12,12,34,3,58,43,43,23,23,23,45,40,48,48,45,49,49,49,44,44,19,62,62,52,52,46,46,0],"gold":633,"neow_bonus":"BOSS_RELIC","is_prod":false,"is_daily":false,"chose_seed":false,"campfire_upgraded":4,"win_rate":0,"timestamp":1553051758,"path_taken":["M","M","?","$","M","R","E","?","T","?","E","R","M","M","R","BOSS","M","?","M","?","?","R","M","?","T","E","M","M","R","E","R","BOSS","M","?","?","?","?","E"],"build_version":"2019-03-15","purchased_purges":1,"victory":false,"max_hp_per_floor":[71,71,76,76,76,76,76,76,76,76,76,76,76,76,76,76,76,76,76,76,76,76,76,76,76,76,76,76,76,76,76,76,76,76,76,76,76,76,76,76],"card_choices":[{"not_picked":["Go for the Eyes","Gash"],"picked":"Ball Lightning","floor":1.0},{"not_picked":["Ball Lightning","Redo"],"picked":"Conserve Battery","floor":2.0},{"not_picked":["Hologram","BootSequence"],"picked":"Genetic Algorithm","floor":5.0},{"not_picked":["Redo","Streamline"],"picked":"Seek","floor":7.0},{"not_picked":["Storm","Go for the Eyes"],"picked":"Genetic Algorithm","floor":11.0},{"not_picked":["Scrape","Compile Driver"],"picked":"Cold Snap","floor":13.0},{"not_picked":["Loop","Heatsinks"],"picked":"Rip and Tear","floor":14.0},{"not_picked":["All For One","Rainbow"],"picked":"Echo Form","floor":16.0},{"not_picked":["Streamline","Gash"],"picked":"Leap+1","floor":18.0},{"not_picked":["Auto Shields","Barrage"],"picked":"Compile Driver+1","floor":19.0},{"not_picked":["Steam","Hologram","Auto Shields"],"picked":"SKIP","floor":20.0},{"not_picked":["Gash","Hologram"],"picked":"Defragment","floor":24.0},{"not_picked":["Self Repair+1","Scrape"],"picked":"Buffer","floor":25.0},{"not_picked":["Recycle","White Noise"],"picked":"Tempest","floor":27},{"not_picked":["Static Discharge","Redo"],"picked":"White Noise+1","floor":28},{"not_picked":["Stack","Lockon","Consume+1"],"picked":"SKIP","floor":29},{"not_picked":["Turbo","Leap"],"picked":"Capacitor","floor":31},{"not_picked":["Echo Form","Seek"],"picked":"Biased Cognition","floor":33},{"not_picked":["Blizzard","Sweeping Beam","Self Repair"],"picked":"SKIP","floor":35},{"not_picked":["Trip","Chrysalis"],"picked":"Panacea","floor":36},{"not_picked":["Darkness","Recycle","Barrage"],"picked":"SKIP","floor":39}],"player_experience":2229139,"relics_obtained":[{"floor":7.0,"key":"Dodecahedron"},{"floor":11.0,"key":"Sundial"},{"floor":22.0,"key":"Meat on the Bone"},{"floor":26.0,"key":"Unceasing Top"},{"floor":27,"key":"Bronze Scales"},{"floor":31,"key":"Mercury Hourglass"},{"floor":38,"key":"Girya"}],"event_choices":[{"damage_healed":0.0,"max_hp_gain":5.0,"max_hp_loss":0.0,"gold_gain":0.0,"event_name":"Big Fish","player_choice":"Donut","floor":3.0,"gold_loss":0.0,"damage_taken":0.0},{"damage_healed":19.0,"max_hp_gain":0.0,"max_hp_loss":0.0,"gold_gain":0.0,"event_name":"The Cleric","player_choice":"Healed","floor":8.0,"gold_loss":35.0,"damage_taken":0.0},{"damage_healed":0.0,"max_hp_gain":0.0,"max_hp_loss":0.0,"gold_gain":0.0,"event_name":"Lab","player_choice":"Got Potions","floor":10.0,"gold_loss":0.0,"damage_taken":0.0},{"damage_healed":0.0,"max_hp_gain":0.0,"max_hp_loss":0.0,"gold_gain":50.0,"event_name":"Nest","player_choice":"Stole From Cult","floor":21.0,"gold_loss":0.0,"damage_taken":0.0},{"damage_healed":0,"gold_gain":0,"player_choice":"Memory 3","damage_taken":10,"max_hp_gain":0,"max_hp_loss":0,"event_name":"SensoryStone","floor":36,"gold_loss":0},{"cards_removed":["Strike_B"],"damage_healed":0,"gold_gain":0,"player_choice":"Removed Attack","damage_taken":0,"max_hp_gain":0,"max_hp_loss":0,"event_name":"Falling","floor":37,"gold_loss":0},{"damage_healed":0,"gold_gain":0,"player_choice":"Fight","damage_taken":0,"max_hp_gain":0,"max_hp_loss":0,"event_name":"MindBloom","floor":38,"gold_loss":0}],"is_beta":true,"boss_relics":[{"not_picked":["Eternal Feather","White Beast Statue"],"picked":"Philosopher\u0027s Stone"},{"not_picked":["Velvet Choker","Orrery"],"picked":"Cursed Key"}],"items_purged_floors":[4],"is_endless":false,"potions_floor_spawned":[5,11,16,19,25,28,33,35],"killed_by":"Reptomancer","ascension_level":15}