{"gold_per_floor":[109,109,129,5,5,36,56,81,81,81,114,134,134,148,148,237,237,260,283,15,15,35,35,59,59,113,38,38,38],"floor_reached":29,"playtime":1173,"items_purged":["Strike_G"],"score":520,"play_id":"afdd2200-ab91-4c40-b980-c223290b2f11","local_time":"20181226213459","is_ascension_mode":true,"campfire_choices":[{"data":"Noxious Fumes","floor":10.0,"key":"SMITH"},{"data":"Dash","floor":13,"key":"SMITH"},{"floor":15,"key":"REST"},{"data":"A Thousand Cuts","floor":23,"key":"SMITH"},{"floor":25,"key":"REST"},{"data":"Well Laid Plans","floor":28,"key":"SMITH"}],"neow_cost":"NONE","seed_source_timestamp":297609529562418,"circlet_count":0,"master_deck":["AscendersBane","Defend_G","Defend_G","Defend_G+1","Defend_G+1","Defend_G","Strike_G","Strike_G","Strike_G","Strike_G","Survivor","Neutralize+1","Well Laid Plans+1","Dagger Spray","Noxious Fumes+1","Dash+1","Dodge and Roll","PiercingWail","Sucker Punch","Corpse Explosion","Quick Slash","Dodge and Roll","A Thousand Cuts+1","PiercingWail+1","Dash+1","Prepared+1"],"special_seed":0,"relics":["Ring of the Snake","NeowsBlessing","Golden Idol","War Paint","Orichalcum","Dodecahedron","Snecko Eye","Toxic Egg 2","Snake Skull"],"potions_floor_usage":[29],"damage_taken":[{"damage":0.0,"enemies":"Small Slimes","floor":1.0,"turns":1.0},{"damage":0.0,"enemies":"Cultist","floor":3.0,"turns":1.0},{"damage":0.0,"enemies":"Lagavulin","floor":6.0,"turns":1.0},{"damage":0.0,"enemies":"2 Louse","floor":7.0,"turns":2.0},{"damage":5.0,"enemies":"Lots of Slimes","floor":8.0,"turns":4.0},{"damage":3.0,"enemies":"3 Sentries","floor":11.0,"turns":8.0},{"damage":3,"enemies":"Red Slaver","floor":12,"turns":5},{"damage":7,"enemies":"Blue Slaver","floor":14,"turns":4},{"damage":19,"enemies":"The Guardian","floor":16,"turns":12},{"damage":3,"enemies":"Spheric Guardian","floor":18,"turns":6},{"damage":6,"enemies":"2 Thieves","floor":19,"turns":3},{"damage":15,"enemies":"Snake Plant","floor":22,"turns":5},{"damage":17,"enemies":"Centurion and Healer","floor":24,"turns":6},{"damage":37,"enemies":"Cultist and Chosen","floor":29,"turns":3}],"seed_played":"547116204442137900","potions_obtained":[{"floor":1.0,"key":"Fire Potion"},{"floor":11.0,"key":"Dexterity Potion"},{"floor":14,"key":"Explosive Potion"},{"floor":16,"key":"LiquidBronze"},{"floor":24,"key":"PowerPotion"}],"is_trial":false,"path_per_floor":["M","?","M","$","?","E","M","M","T","R","R","M","R","B",null,"M","M","$","?","M","R","M","R","T","$","R","M"],"character_chosen":"THE_SILENT","items_purchased":["Noxious Fumes","Dash","Toxic Egg 2"],"campfire_rested":2,"item_purchase_floors":[4,4,20],"current_hp_per_floor":[59,36,36,36,36,36,36,31,31,31,28,25,25,18,37,18,54,51,45,45,45,30,30,13,32,32,32,32,0],"gold":38,"neow_bonus":"THREE_ENEMY_KILL","is_prod":false,"is_daily":false,"chose_seed":false,"campfire_upgraded":4,"win_rate":0,"timestamp":1545885299,"path_taken":["M","?","M","$","?","E","?","M","T","R","E","M","R","M","R","BOSS","M","M","$","?","M","R","?","R","T","?","R","M"],"build_version":"2018-12-25","purchased_purges":1,"victory":false,"max_hp_per_floor":[66,66,66,66,66,66,66,66,66,66,66,66,66,66,66,66,66,66,66,66,66,66,66,66,66,66,66,66,66],"card_choices":[{"not_picked":["Accuracy","Dagger Throw"],"picked":"Well Laid Plans","floor":1.0},{"not_picked":["Deflect","Sucker Punch"],"picked":"Dagger Spray","floor":3.0},{"not_picked":["Wraith Form v2","Deflect"],"picked":"Dodge and Roll","floor":6.0},{"not_picked":["Deadly Poison","Slice"],"picked":"PiercingWail","floor":7.0},{"not_picked":["Well Laid Plans","All Out Attack"],"picked":"Sucker Punch","floor":8.0},{"not_picked":["Prepared","PiercingWail"],"picked":"Corpse Explosion","floor":11.0},{"not_picked":["Sucker Punch","Poisoned Stab"],"picked":"Quick Slash","floor":12},{"not_picked":["Outmaneuver","Deadly Poison"],"picked":"Dodge and Roll","floor":14},{"not_picked":["Die Die Die","Unload"],"picked":"A Thousand Cuts","floor":16},{"not_picked":["Blade Dance","Poisoned Stab","Setup"],"picked":"SKIP","floor":18},{"not_picked":["Acrobatics","Blade Dance"],"picked":"PiercingWail+1","floor":19},{"not_picked":["Expertise+1","Dodge and Roll+1"],"picked":"Prepared+1","floor":22},{"not_picked":["Deadly Poison+1","Infinite Blades+1","Dagger Throw"],"picked":"SKIP","floor":24}],"player_experience":1004855,"relics_obtained":[{"floor":6.0,"key":"War Paint"},{"floor":9.0,"key":"Orichalcum"},{"floor":11.0,"key":"Dodecahedron"},{"floor":26,"key":"Snake Skull"}],"event_choices":[{"damage_healed":0.0,"max_hp_gain":0.0,"max_hp_loss":0.0,"gold_gain":0.0,"event_name":"Golden Idol","player_choice":"Take Damage","floor":2.0,"gold_loss":0.0,"damage_taken":23.0,"relics_obtained":["Golden Idol"]},{"damage_healed":0.0,"max_hp_gain":0.0,"max_hp_loss":0.0,"gold_gain":0.0,"event_name":"Accursed Blacksmith","player_choice":"Forge","floor":5.0,"gold_loss":0.0,"damage_taken":0.0,"cards_upgraded":["Neutralize"]},{"damage_healed":0,"gold_gain":0,"player_choice":"Copied","damage_taken":0,"max_hp_gain":0,"max_hp_loss":0,"event_name":"Duplicator","floor":21,"gold_loss":0,"cards_obtained":["Dash"]}],"is_beta":true,"boss_relics":[{"not_picked":["Ectoplasm","Coffee Dripper"],"picked":"Snecko Eye"}],"items_purged_floors":[27],"is_endless":false,"potions_floor_spawned":[1,11,14,16,24],"killed_by":"Cultist and Chosen","ascension_level":20}