{"path_per_floor":["M","?","?","M","$","R","E","M","T","M","?","E","R","M","R","B",null,"M","$","?","M","?","R","E","$","T","R","M","M","R","M","R","B",null,"M","?","?","M","$","R","E","?","T","?","R","M","R","E","R","B"],"character_chosen":"IRONCLAD","items_purchased":["Searing Blow","Bottled Tornado","Gremlin Horn"],"gold_per_floor":[115,115,115,128,18,18,53,78,78,103,103,139,139,157,157,246,246,261,19,19,39,39,39,72,72,125,125,150,166,166,187,187,280,280,295,295,359,377,16,16,47,47,73,73,73,97,97,133,133,133],"floor_reached":51,"campfire_rested":1,"playtime":2287,"current_hp_per_floor":[68,73,73,73,73,73,65,65,65,65,58,58,58,57,57,15,64,64,64,64,64,43,43,24,24,24,63,53,53,53,53,53,42,71,63,63,51,51,51,51,59,59,59,59,59,60,60,60,60,53],"items_purged":["Injury","Strike_R"],"gold":133,"score":1417,"play_id":"7352b712-72ae-4ddb-976a-b43c92605a59","local_time":"20180405121830","is_prod":false,"is_daily":false,"is_ascension_mode":true,"campfire_upgraded":10,"timestamp":1522945110,"path_taken":["M","?","?","?","?","R","E","M","T","M","?","E","R","M","R","BOSS","M","$","?","M","?","R","E","?","T","R","M","?","R","M","R","BOSS","M","?","?","M","$","R","E","?","T","?","R","M","R","E","R","BOSS"],"build_version":"2018-03-29v2","purchased_purges":2,"victory":true,"master_deck":["Defend_R","Defend_R","Defend_R","Defend_R","Bash+1","AscendersBane","Whirlwind+1","Searing Blow+4","Shockwave+1","Barricade","Bludgeon+1","Uppercut+1","Impervious+1","Immolate+1","Flame Barrier+1","Clothesline+1","Blood for Blood+1","Impervious+1","Entrench"],"max_hp_per_floor":[75,80,80,80,80,80,80,80,80,80,80,80,80,80,80,80,80,80,80,80,80,80,80,80,80,80,80,80,80,80,80,80,80,80,80,80,80,80,80,80,80,80,80,80,80,83,83,83,83,83],"relics":["Snecko Eye","Golden Idol","Prayer Wheel","Gambling Chip","Calipers","Velvet Choker","Bottled Tornado","Nilry\u0027s Codex","Ancient Tea Set","Regal Pillow","Astrolabe","Red Skull","Gremlin Horn","The Courier","Omamori","Shovel"],"card_choices":[{"not_picked":["Warcry","Anger"],"picked":"Whirlwind","floor":1},{"not_picked":["Rage","Body Slam"],"picked":"Shockwave","floor":7},{"not_picked":["True Grit","Headbutt"],"picked":"Barricade","floor":9},{"not_picked":["Dark Embrace","Limit Break"],"picked":"Bludgeon","floor":16},{"not_picked":["Rampage","Disarm"],"picked":"Uppercut","floor":21},{"not_picked":["Brutality","Reaper"],"picked":"Impervious","floor":33},{"not_picked":["Transmutation","Panacea"],"picked":"Thinking Ahead","floor":36},{"not_picked":["Seeing Red","Twin Strike"],"picked":"Blood for Blood","floor":43},{"not_picked":["Warcry","Clothesline"],"picked":"Entrench","floor":46}],"player_experience":682331,"potions_floor_usage":[14,16,16,28,33,33,41,50],"damage_taken":[{"damage":0,"enemies":"Cultist","floor":1,"turns":3},{"damage":0,"enemies":"2 Louse","floor":4,"turns":2},{"damage":8,"enemies":"Gremlin Nob","floor":7,"turns":3},{"damage":0,"enemies":"Small Slimes","floor":8,"turns":1},{"damage":0,"enemies":"Exordium Wildlife","floor":10,"turns":2},{"damage":0,"enemies":"Lagavulin","floor":12,"turns":5},{"damage":1,"enemies":"Exordium Thugs","floor":14,"turns":2},{"damage":42,"enemies":"The Guardian","floor":16,"turns":11},{"damage":0,"enemies":"3 Byrds","floor":18,"turns":3},{"damage":0,"enemies":"Chosen","floor":21,"turns":4},{"damage":19,"enemies":"Slavers","floor":24,"turns":3},{"damage":13,"enemies":"Centurion and Healer","floor":28,"turns":2},{"damage":0,"enemies":"3 Cultists","floor":29,"turns":2},{"damage":0,"enemies":"Snake Plant","floor":31,"turns":1},{"damage":11,"enemies":"Champ","floor":33,"turns":4},{"damage":8,"enemies":"3 Darklings","floor":35,"turns":3},{"damage":12,"enemies":"Mysterious Sphere","floor":37,"turns":3},{"damage":0,"enemies":"3 Shapes","floor":38,"turns":3},{"damage":4,"enemies":"Giant Head","floor":41,"turns":7},{"damage":2,"enemies":"Maw","floor":46,"turns":5},{"damage":0,"enemies":"Nemesis","floor":48,"turns":7},{"damage":7,"enemies":"Awakened One","floor":50,"turns":9}],"event_choices":[{"event_name":"Big Fish","player_choice":"Donut","floor":2,"damage_taken":0},{"event_name":"Golden Idol","player_choice":"Take Wound","floor":3,"damage_taken":0},{"event_name":"Golden Wing","player_choice":"Card Removal","floor":11,"damage_taken":0},{"event_name":"Ghosts","player_choice":"Ignored","floor":20,"damage_taken":0},{"event_name":"Cursed Tome","player_choice":"Obtained Book","floor":22,"damage_taken":0},{"event_name":"SensoryStone","player_choice":"Memory 1","floor":36,"damage_taken":0},{"event_name":"Mysterious Sphere","player_choice":"Fight","floor":37,"damage_taken":0},{"event_name":"Purifier","player_choice":"One Purge","floor":42,"damage_taken":0},{"event_name":"Duplicator","player_choice":"One dupe","floor":44,"damage_taken":0}],"boss_relics":[{"not_picked":["Eternal Feather","Philosopher\u0027s Stone"],"picked":"Velvet Choker"},{"not_picked":["Black Star","Calling Bell"],"picked":"Astrolabe"}],"potions_floor_spawned":[7,8,14,24,28,31,35,37],"seed_played":"-4511718553915951337","ascension_level":15,"is_trial":false}