{"gold_per_floor":[114,114,124,143,159,159,172,172,172,172,200,200,223,237,237,367,367,390,404,10,10,31,74,74,74,150,169,169,189,46,69,69,198,198,212,278,299,299,29,62,85,85],"floor_reached":42,"playtime":6107,"items_purged":[],"score":501,"play_id":"72acb80c-d697-4821-aa63-66e9e7450eb6","local_time":"20180707020715","is_ascension_mode":false,"campfire_choices":[{"data":"Redo","floor":6,"key":"SMITH"},{"data":"Scrape","floor":8,"key":"SMITH"},{"data":"Dualcast","floor":10,"key":"SMITH"},{"data":"Zap","floor":15,"key":"SMITH"},{"floor":24,"key":"REST"},{"floor":28,"key":"REST"},{"floor":32,"key":"REST"}],"neow_cost":"","seed_source_timestamp":208717114598,"circlet_count":0,"master_deck":["Strike_B","Strike_B","Strike_B","Strike_B","Defend_B","Defend_B","Defend_B","Defend_B","Zap+1","Dualcast+1","Ball Lightning","Stack","Steam","Redo+1","Scrape+1","Glacier","Doom and Gloom","Beam Cell","Creative AI+1","FTL+1","Melter","Streamline","Flash of Steel","Storm","Redo","Fusion","Decay","Biased Cognition+1","Conserve Battery+1","Barrage","All For One","Barrage+1","Steam+1","Fission","Chill","Leap+1","Conserve Battery","Hello World+1","Secret Technique","All For One","Genetic Algorithm"],"relics":["Cracked Core","Bag of Preparation","Dream Catcher","Golden Idol","Cursed Key","Kunai","Spirit Poop","Frozen Egg 2","Mummified Hand","Eternal Feather","Ginger","Oddly Smooth Stone"],"potions_floor_usage":[11,11,11,14,23,23,31,40,41],"damage_taken":[{"damage":1,"enemies":"2 Louse","floor":1,"turns":2},{"damage":6,"enemies":"Cultist","floor":3,"turns":3},{"damage":8,"enemies":"Jaw Worm","floor":4,"turns":3},{"damage":0,"enemies":"Looter","floor":5,"turns":3},{"damage":4,"enemies":"Blue Slaver","floor":7,"turns":4},{"damage":0,"enemies":"Gremlin Nob","floor":11,"turns":1},{"damage":0,"enemies":"3 Louse","floor":13,"turns":2},{"damage":0,"enemies":"Lots of Slimes","floor":14,"turns":1},{"damage":20,"enemies":"The Guardian","floor":16,"turns":8},{"damage":3,"enemies":"3 Byrds","floor":18,"turns":5},{"damage":10,"enemies":"Shell Parasite","floor":19,"turns":5},{"damage":37,"enemies":"Snake Plant","floor":22,"turns":5},{"damage":17,"enemies":"Slavers","floor":23,"turns":5},{"damage":12,"enemies":"Centurion and Healer","floor":27,"turns":6},{"damage":12,"enemies":"Snecko","floor":29,"turns":5},{"damage":17,"enemies":"3 Cultists","floor":31,"turns":5},{"damage":50,"enemies":"Champ","floor":33,"turns":11},{"damage":14,"enemies":"Orb Walker","floor":35,"turns":4},{"damage":25,"floor":36,"turns":6},{"damage":0,"enemies":"3 Shapes","floor":37,"turns":3},{"damage":32,"enemies":"Nemesis","floor":40,"turns":9},{"damage":1,"enemies":"Maw","floor":41,"turns":8},{"damage":9,"enemies":"4 Shapes","floor":42,"turns":1}],"seed_played":"-720541489801404857","potions_obtained":[{"floor":1,"key":"AttackPotion"},{"floor":2,"key":"Fire Potion"},{"floor":2,"key":"Fire Potion"},{"floor":13,"key":"Regen Potion"},{"floor":19,"key":"EssenceOfSteel"},{"floor":22,"key":"Swift Potion"},{"floor":29,"key":"FairyPotion"},{"floor":36,"key":"AttackPotion"},{"floor":40,"key":"GamblersBrew"}],"is_trial":false,"path_per_floor":["M","?","M","M","M","R","M","R","T","R","E","?","M","M","R","B",null,"M","M","$","?","M","E","R","?","T","M","R","M","$","M","R","B",null,"M","?","M","?","$","E","M"],"character_chosen":"DEFECT","items_purchased":["Streamline","Kunai","Flash of Steel","All For One","Regen Potion","Hello World+1","Secret Technique"],"campfire_rested":3,"item_purchase_floors":[20,20,20,30,30,39,39],"current_hp_per_floor":[74,74,68,60,60,60,56,56,56,56,56,56,56,56,56,36,75,72,62,62,62,25,8,30,30,30,18,40,28,28,25,47,7,75,61,36,36,36,36,4,3,0],"gold":85,"neow_bonus":"","is_prod":false,"is_daily":false,"chose_seed":false,"campfire_upgraded":4,"win_rate":0.0,"timestamp":1530943635,"path_taken":["M","?","M","M","M","R","M","R","T","R","E","?","M","M","R","BOSS","M","M","$","?","M","E","R","?","T","M","R","M","$","M","R","BOSS","M","?","M","?","$","E","M","M"],"build_version":"2018-06-28","purchased_purges":0,"victory":false,"max_hp_per_floor":[75,75,75,75,75,75,75,75,75,75,75,75,75,75,75,75,75,75,75,75,75,75,75,75,75,75,75,75,75,75,75,75,75,75,75,75,75,75,75,75,75,75],"card_choices":[{"not_picked":["Go for the Eyes","Gash"],"picked":"Ball Lightning","floor":1},{"not_picked":["Beam Cell","Ball Lightning"],"picked":"Stack","floor":3},{"not_picked":["Stack","Hologram"],"picked":"Steam","floor":4},{"not_picked":["Blizzard","Sweeping Beam"],"picked":"Redo","floor":5},{"not_picked":["Chaos","Darkness"],"picked":"Scrape","floor":7},{"not_picked":["Heatsinks","Streamline"],"picked":"Glacier","floor":11},{"not_picked":["Darkness","Buffer"],"picked":"Doom and Gloom","floor":13},{"not_picked":["Heatsinks","Leap"],"picked":"Beam Cell","floor":14},{"not_picked":["Buffer","Electrodynamics"],"picked":"Creative AI","floor":16},{"not_picked":["Beam Cell","Ball Lightning"],"picked":"FTL+1","floor":18},{"not_picked":["Heatsinks","Blizzard+1"],"picked":"Melter","floor":19},{"not_picked":["Go for the Eyes","FTL"],"picked":"Storm","floor":22},{"not_picked":["Stack+1","Coolheaded+1"],"picked":"Redo","floor":23},{"not_picked":["Rip and Tear","Compile Driver"],"picked":"Fusion","floor":24},{"not_picked":["Steam","Fusion"],"picked":"Biased Cognition+1","floor":27},{"not_picked":["Doom and Gloom","Cold Snap"],"picked":"Conserve Battery+1","floor":28},{"not_picked":["Doom and Gloom","Stack+1"],"picked":"Barrage","floor":29},{"not_picked":["Hologram","Go for the Eyes"],"picked":"Barrage+1","floor":31},{"not_picked":["Rip and Tear","Blizzard"],"picked":"Steam+1","floor":32},{"not_picked":["Rainbow","Machine Learning+1"],"picked":"Fission","floor":33},{"not_picked":["Compile Driver","Coolheaded+1"],"picked":"Chill","floor":35},{"not_picked":["Cold Snap","Gash"],"picked":"Leap+1","floor":36},{"not_picked":["Leap+1","Ball Lightning+1"],"picked":"Conserve Battery","floor":37},{"not_picked":["Conserve Battery+1","Blizzard"],"picked":"All For One","floor":40},{"not_picked":["Heatsinks+1","Sweeping Beam"],"picked":"Genetic Algorithm","floor":41}],"player_experience":27487,"relics_obtained":[{"floor":9,"key":"Bag of Preparation"},{"floor":11,"key":"Dream Catcher"},{"floor":23,"key":"Frozen Egg 2"},{"floor":26,"key":"Mummified Hand"},{"floor":36,"key":"Ginger"},{"floor":40,"key":"Oddly Smooth Stone"}],"event_choices":[{"event_name":"The Lab","player_choice":"Got Potions","floor":2,"damage_taken":0},{"event_name":"Golden Idol","player_choice":"Take Wound","floor":12,"damage_taken":0},{"event_name":"Bonfire Elementals","player_choice":"CURSE","floor":21,"damage_taken":0},{"event_name":"Ghosts","player_choice":"Ignored","floor":25,"damage_taken":0},{"event_name":"Mysterious Sphere","player_choice":"Fight","floor":36,"damage_taken":0},{"event_name":"Accursed Blacksmith","player_choice":"Forge","floor":38,"damage_taken":0}],"boss_relics":[{"not_picked":["Runic Dome","Lizard Tail"],"picked":"Cursed Key"},{"not_picked":["Empty Cage","Astrolabe"],"picked":"Eternal Feather"}],"items_purged_floors":[],"is_endless":false,"potions_floor_spawned":[1,3,13,19,22,29,36,40],"killed_by":"4 Shapes","ascension_level":0}