{"gold_per_floor":[117,130,130,149,149,149,179,179,179,179,179,194,228,228,228,228],"floor_reached":16,"playtime":634,"items_purged":[],"score":216,"play_id":"b009931c-fa61-4c61-b693-9dbba75ff081","local_time":"20190403142554","is_ascension_mode":true,"campfire_choices":[{"data":"Zap","floor":6,"key":"SMITH"},{"data":"Recycle","floor":8,"key":"SMITH"},{"data":"White Noise","floor":11,"key":"SMITH"},{"data":"Coolheaded","floor":15,"key":"SMITH"}],"neow_cost":"NONE","seed_source_timestamp":187801188476457,"circlet_count":0,"master_deck":["AscendersBane","Strike_B","Strike_B","Strike_B","Defend_B","Defend_B","Defend_B","Defend_B","Zap+1","Dualcast","Meteor Strike","Conserve Battery","Recycle+1","White Noise+1","Electrodynamics","Coolheaded+1"],"relics":["Cracked Core","Vajra","Meat on the Bone","Ginger","Letter Opener","Golden Idol","Bottled Tornado"],"potions_floor_usage":[13],"damage_taken":[{"damage":4,"enemies":"2 Louse","floor":1,"turns":3},{"damage":2,"enemies":"Jaw Worm","floor":2,"turns":3},{"damage":10,"enemies":"Small Slimes","floor":4,"turns":3},{"damage":13,"enemies":"3 Sentries","floor":7,"turns":4},{"damage":15,"enemies":"3 Louse","floor":12,"turns":2},{"damage":10,"enemies":"Lagavulin","floor":13,"turns":5},{"damage":36,"enemies":"The Guardian","floor":16,"turns":12}],"seed_played":"8886976910551374981","potions_obtained":[{"floor":12,"key":"AttackPotion"},{"floor":13,"key":"SpeedPotion"}],"is_trial":false,"path_per_floor":["M","M","?","M","T","R","E","R","T","?","R","M","E","?","R","B"],"character_chosen":"DEFECT","items_purchased":[],"campfire_rested":0,"item_purchase_floors":[],"current_hp_per_floor":[60,58,53,43,43,43,42,42,42,42,42,39,41,34,34,0],"gold":228,"neow_bonus":"ONE_RANDOM_RARE_CARD","is_prod":false,"is_daily":false,"chose_seed":false,"campfire_upgraded":4,"win_rate":0,"timestamp":1554315954,"path_taken":["M","M","?","M","?","R","E","R","T","?","R","M","E","?","R","BOSS"],"build_version":"2019-01-23","purchased_purges":0,"victory":false,"max_hp_per_floor":[71,71,71,71,71,71,71,71,71,64,64,64,64,64,64,64],"card_choices":[{"not_picked":["Go for the Eyes","Stack"],"picked":"Conserve Battery","floor":1},{"not_picked":["Static Discharge","Doom and Gloom"],"picked":"Recycle","floor":2},{"not_picked":["Beam Cell","Rip and Tear"],"picked":"White Noise","floor":4},{"not_picked":["Redo","Hologram"],"picked":"Electrodynamics","floor":7},{"not_picked":["Beam Cell","Leap","Conserve Battery"],"picked":"SKIP","floor":12},{"not_picked":["Redo","Reboot"],"picked":"Coolheaded","floor":13}],"player_experience":1566538,"relics_obtained":[{"floor":5,"key":"Meat on the Bone"},{"floor":7,"key":"Ginger"},{"floor":9,"key":"Letter Opener"},{"floor":13,"key":"Bottled Tornado"}],"event_choices":[{"damage_healed":0,"gold_gain":0,"player_choice":"Success","damage_taken":5,"relics_obtained":["Vajra"],"max_hp_gain":0,"max_hp_loss":0,"event_name":"Scrap Ooze","floor":3,"gold_loss":0},{"damage_healed":0,"gold_gain":0,"player_choice":"Lose Max HP","damage_taken":0,"relics_obtained":["Golden Idol"],"max_hp_gain":0,"max_hp_loss":7,"event_name":"Golden Idol","floor":10,"gold_loss":0},{"cards_removed":["Strike_B"],"damage_healed":0,"gold_gain":0,"player_choice":"Card Removal","damage_taken":7,"max_hp_gain":0,"max_hp_loss":0,"event_name":"Golden Wing","floor":14,"gold_loss":0}],"is_beta":false,"boss_relics":[],"items_purged_floors":[],"is_endless":false,"potions_floor_spawned":[12,13],"killed_by":"The Guardian","ascension_level":20}