{"gold_per_floor":[115,128,128,128,128,171,187,187,236,250,250,274,274,294,294,393,393,411,426,406,419,419],"floor_reached":22,"playtime":534,"items_purged":[],"score":426,"play_id":"d07e3991-f1b5-4256-8e59-8753b0a68397","local_time":"20190112224100","is_ascension_mode":true,"campfire_choices":[{"data":"Zap","floor":11,"key":"SMITH"},{"floor":13,"key":"REST"},{"floor":15,"key":"REST"}],"neow_cost":"NONE","seed_source_timestamp":308250887797626,"circlet_count":0,"master_deck":["AscendersBane","Strike_B","Strike_B","Defend_B","Defend_B","Defend_B","Defend_B","Zap+1","Loop","Gash","Redo","Leap","Coolheaded","Conserve Battery","Echo Form","Core Surge","Lockon+1","Skim+1","Stack+1","Defragment","Defragment"],"relics":["Cracked Core","NeowsBlessing","Golden Idol","Bronze Scales","Strawberry","Art of War","Astrolabe"],"potions_floor_usage":[12,12,16,21,21,21,21],"damage_taken":[{"damage":0,"enemies":"Cultist","floor":1,"turns":1},{"damage":0,"enemies":"2 Louse","floor":2,"turns":1},{"damage":0,"enemies":"3 Sentries","floor":6,"turns":1},{"damage":2,"enemies":"Jaw Worm","floor":7,"turns":3},{"damage":1,"enemies":"Large Slime","floor":10,"turns":5},{"damage":35,"enemies":"Gremlin Gang","floor":12,"turns":4},{"damage":3,"enemies":"Blue Slaver","floor":14,"turns":3},{"damage":21,"enemies":"The Guardian","floor":16,"turns":13},{"damage":53,"enemies":"2 Thieves","floor":18,"turns":4},{"damage":2,"enemies":"Spheric Guardian","floor":19,"turns":5},{"damage":10,"enemies":"Cultist and Chosen","floor":21,"turns":6},{"damage":22,"enemies":"Sentry and Sphere","floor":22,"turns":4}],"seed_played":"8850973552981671312","potions_obtained":[{"floor":1,"key":"Energy Potion"},{"floor":6,"key":"EssenceOfSteel"},{"floor":14,"key":"GamblersBrew"},{"floor":19,"key":"Fire Potion"},{"floor":20,"key":"EntropicBrew"}],"is_trial":false,"path_per_floor":["M","M","?","$","?","E","M","?","T","M","R","M","R","M","R","B",null,"M","M","?","M","M"],"character_chosen":"DEFECT","items_purchased":[],"campfire_rested":2,"item_purchase_floors":[],"current_hp_per_floor":[64,64,69,69,43,43,41,37,37,36,36,1,25,22,46,25,69,16,14,14,19,0],"gold":419,"neow_bonus":"THREE_ENEMY_KILL","is_prod":false,"is_daily":false,"chose_seed":false,"campfire_upgraded":1,"win_rate":0,"timestamp":1547358060,"path_taken":["M","M","?","$","?","E","M","?","T","M","R","?","R","M","R","BOSS","M","M","?","M","?"],"build_version":"2019-01-10","purchased_purges":0,"victory":false,"max_hp_per_floor":[71,71,76,76,76,76,76,83,83,83,83,83,83,83,83,83,83,83,83,83,83,83],"card_choices":[{"not_picked":["Consume","Turbo"],"picked":"Loop","floor":1},{"not_picked":["Scrape","Chill"],"picked":"Gash","floor":2},{"not_picked":["Scrape","Streamline"],"picked":"Redo","floor":6},{"not_picked":["Barrage","Coolheaded"],"picked":"Leap","floor":7},{"not_picked":["Steam Power","Static Discharge"],"picked":"Coolheaded","floor":10},{"not_picked":["Gash","Rebound"],"picked":"Conserve Battery","floor":12},{"not_picked":["Sweeping Beam","Gash"],"picked":"Echo Form","floor":14},{"not_picked":["Creative AI","Machine Learning"],"picked":"Core Surge","floor":16},{"not_picked":["Leap+1","Melter"],"picked":"Defragment","floor":18},{"not_picked":["Static Discharge","Hologram+1"],"picked":"Defragment","floor":19},{"not_picked":["Sweeping Beam","Storm","Turbo"],"picked":"SKIP","floor":21}],"player_experience":1037346,"relics_obtained":[{"floor":6,"key":"Bronze Scales"},{"floor":9,"key":"Art of War"}],"event_choices":[{"damage_healed":0,"gold_gain":0,"player_choice":"Donut","damage_taken":0,"max_hp_gain":5,"max_hp_loss":0,"event_name":"Big Fish","floor":3,"gold_loss":0},{"damage_healed":0,"gold_gain":0,"player_choice":"Take Damage","damage_taken":26,"relics_obtained":["Golden Idol"],"max_hp_gain":0,"max_hp_loss":0,"event_name":"Golden Idol","floor":5,"gold_loss":0},{"damage_healed":0,"gold_gain":0,"player_choice":"Success","damage_taken":11,"relics_obtained":["Strawberry"],"max_hp_gain":0,"max_hp_loss":0,"event_name":"Scrap Ooze","floor":8,"gold_loss":0},{"damage_healed":0,"gold_gain":0,"player_choice":"Bought 1 Potion","damage_taken":0,"max_hp_gain":0,"max_hp_loss":0,"event_name":"The Woman in Blue","floor":20,"gold_loss":0}],"is_beta":true,"boss_relics":[{"not_picked":["Black Star","Nuclear Battery"],"picked":"Astrolabe"}],"items_purged_floors":[],"is_endless":false,"potions_floor_spawned":[1,6,14,19],"killed_by":"Sentry and Sphere","ascension_level":20}