{"gold_per_floor":[116,130,58,58,72,72,89,123,149,178,80,5,5,22,22,96,96,112,27,40,40,40,40,65,65,65,38,38,51,51,151,151,228,228,240,39,89,89,89,89],"floor_reached":40,"playtime":1233,"items_purged":["Strike_B","Injury"],"score":739,"play_id":"00c06827-f995-4944-a53d-0f662978e28b","local_time":"20190317180615","is_ascension_mode":true,"campfire_choices":[{"data":"Zap","floor":6,"key":"SMITH"},{"data":"Go for the Eyes","floor":13,"key":"SMITH"},{"data":"Coolheaded","floor":15,"key":"SMITH"},{"data":"Machine Learning","floor":23,"key":"SMITH"},{"floor":28,"key":"REST"},{"data":"Recycle","floor":30,"key":"SMITH"},{"data":"Hologram","floor":32,"key":"SMITH"}],"neow_cost":"NONE","seed_source_timestamp":369853049126863,"circlet_count":0,"master_deck":["AscendersBane","Defend_B+1","Defend_B+1","Defend_B+1","Defend_B+1","Zap+1","Dualcast","Gash","Ball Lightning","All For One","Go for the Eyes+1","Coolheaded+1","Gash","Machine Learning+1","Leap","Coolheaded+1","Clumsy","Recycle+1","Coolheaded","Hologram+1","Electrodynamics","Reinforced Body+1","Redo+1","Recycle+1","Seek"],"relics":["Cracked Core","Ancient Tea Set","Anchor","Oddly Smooth Stone","Cursed Key","Pantograph","Juzu Bracelet","Mummified Hand","The Courier","Mango","Blue Candle","Astrolabe"],"potions_floor_usage":[8,8,16,18,24,31,40],"damage_taken":[{"damage":2,"enemies":"Jaw Worm","floor":1,"turns":3},{"damage":8,"enemies":"2 Louse","floor":2,"turns":3},{"damage":0,"enemies":"Small Slimes","floor":5,"turns":2},{"damage":2,"enemies":"Looter","floor":7,"turns":3},{"damage":5,"enemies":"Lagavulin","floor":8,"turns":6},{"damage":15,"enemies":"3 Sentries","floor":10,"turns":5},{"damage":0,"enemies":"Large Slime","floor":14,"turns":3},{"damage":6,"enemies":"Hexaghost","floor":16,"turns":6},{"damage":10,"enemies":"2 Thieves","floor":18,"turns":3},{"damage":0,"enemies":"Chosen","floor":20,"turns":4},{"damage":31,"enemies":"Slavers","floor":24,"turns":5},{"damage":0,"enemies":"Centurion and Healer","floor":29,"turns":6},{"damage":8,"enemies":"Colosseum Slavers","floor":31,"turns":5},{"damage":14,"enemies":"Colosseum Nobs","floor":31,"turns":4},{"damage":50,"enemies":"Automaton","floor":33,"turns":9},{"damage":39,"enemies":"3 Darklings","floor":35,"turns":4},{"damage":51,"enemies":"Giant Head","floor":40,"turns":7}],"seed_played":"-4806202370670134367","potions_obtained":[{"floor":2,"key":"PowerPotion"},{"floor":7,"key":"Weak Potion"},{"floor":10,"key":"Regen Potion"},{"floor":14,"key":"FocusPotion"},{"floor":16,"key":"Swift Potion"},{"floor":18,"key":"LiquidBronze"}],"is_trial":false,"path_per_floor":["M","M","$","?","M","R","M","E","T","E","$","?","R","M","R","B",null,"M","?","M","?","?","R","E","T","T","$","R","M","R","?","R","B",null,"M","$","?","?","?","E"],"character_chosen":"DEFECT","items_purchased":["Doom and Gloom","Coolheaded","Recycle","Seek","Regen Potion"],"campfire_rested":1,"item_purchase_floors":[3,11,27,36,36],"current_hp_per_floor":[69,61,61,38,38,38,36,31,31,16,16,16,16,16,16,24,65,55,55,55,55,55,55,24,24,24,24,47,47,47,39,39,14,73,34,34,34,34,34,0],"gold":89,"neow_bonus":"TEN_PERCENT_HP_BONUS","is_prod":false,"is_daily":false,"chose_seed":false,"campfire_upgraded":6,"win_rate":0,"timestamp":1552860375,"path_taken":["M","M","$","?","M","R","M","E","T","E","$","?","R","?","R","BOSS","M","?","M","?","?","R","E","?","T","$","R","M","R","?","R","BOSS","M","$","?","?","?","E"],"build_version":"2019-03-15","purchased_purges":2,"victory":false,"max_hp_per_floor":[78,78,78,78,78,78,78,78,78,78,78,78,78,78,78,78,78,78,78,78,78,78,78,78,78,78,78,78,78,78,92,92,92,92,92,92,92,92,92,92],"card_choices":[{"not_picked":["Barrage","Heatsinks"],"picked":"Gash","floor":1},{"not_picked":["Beam Cell","Stack","Redo"],"picked":"SKIP","floor":2},{"not_picked":["Rebound","Rip and Tear"],"picked":"Gash","floor":5},{"not_picked":["Blizzard","Streamline"],"picked":"Ball Lightning","floor":7},{"not_picked":["Fission","Compile Driver"],"picked":"All For One","floor":8},{"not_picked":["Hello World","Aggregate"],"picked":"Go for the Eyes","floor":10},{"not_picked":["Chaos","Consume"],"picked":"Gash","floor":14},{"not_picked":["Biased Cognition","Hyperbeam"],"picked":"Machine Learning","floor":16},{"not_picked":["Turbo","Beam Cell","Doom and Gloom"],"picked":"SKIP","floor":18},{"not_picked":["Barrage","FTL"],"picked":"Leap","floor":20},{"not_picked":["Redo","Creative AI"],"picked":"Coolheaded+1","floor":24},{"not_picked":["Heatsinks","Beam Cell"],"picked":"Coolheaded","floor":29},{"not_picked":["Chill+1","Gash"],"picked":"Hologram","floor":31},{"not_picked":["Amplify","Reboot"],"picked":"Electrodynamics","floor":33},{"not_picked":["Aggregate","Gash+1","Compile Driver"],"picked":"SKIP","floor":35}],"player_experience":2215075,"relics_obtained":[{"floor":8,"key":"Ancient Tea Set"},{"floor":9,"key":"Anchor"},{"floor":10,"key":"Oddly Smooth Stone"},{"floor":24,"key":"Juzu Bracelet"},{"floor":25,"key":"Mummified Hand"},{"floor":26,"key":"The Courier"},{"floor":31,"key":"Mango"},{"floor":31,"key":"Blue Candle"}],"event_choices":[{"damage_healed":0,"gold_gain":0,"player_choice":"Entered Light","damage_taken":23,"max_hp_gain":0,"max_hp_loss":0,"event_name":"Shining Light","floor":4,"gold_loss":0,"cards_upgraded":["Strike_B","Strike_B"]},{"cards_removed":["Strike_B"],"damage_healed":0,"gold_gain":0,"player_choice":"Card Removal","damage_taken":0,"max_hp_gain":0,"max_hp_loss":0,"event_name":"The Cleric","floor":12,"gold_loss":75},{"damage_healed":0,"gold_gain":0,"player_choice":"Obtained Relic","damage_taken":0,"relics_obtained":["Pantograph"],"max_hp_gain":0,"max_hp_loss":0,"event_name":"Addict","floor":19,"gold_loss":85},{"damage_healed":0,"gold_gain":0,"player_choice":"Simplicity","damage_taken":0,"max_hp_gain":0,"max_hp_loss":0,"event_name":"Back to Basics","floor":21,"gold_loss":0,"cards_upgraded":["Defend_B","Defend_B","Defend_B","Defend_B"]},{"damage_healed":0,"gold_gain":0,"player_choice":"Ignored","damage_taken":0,"max_hp_gain":0,"max_hp_loss":0,"event_name":"Cursed Tome","floor":22,"gold_loss":0},{"damage_healed":0,"gold_gain":0,"player_choice":"Fight","damage_taken":0,"max_hp_gain":0,"max_hp_loss":0,"event_name":"Colosseum","floor":31,"gold_loss":0},{"damage_healed":0,"gold_gain":0,"player_choice":"Fought Nobs","damage_taken":0,"max_hp_gain":0,"max_hp_loss":0,"event_name":"Colosseum","floor":31,"gold_loss":0},{"damage_healed":0,"gold_gain":50,"player_choice":"Pray","damage_taken":0,"max_hp_gain":0,"max_hp_loss":0,"event_name":"Golden Shrine","floor":37,"gold_loss":0},{"damage_healed":0,"gold_gain":0,"player_choice":"Ignored","damage_taken":0,"max_hp_gain":0,"max_hp_loss":0,"event_name":"Mysterious Sphere","floor":38,"gold_loss":0},{"cards_removed":["Gash"],"damage_healed":0,"gold_gain":0,"player_choice":"Removed Attack","damage_taken":0,"max_hp_gain":0,"max_hp_loss":0,"event_name":"Falling","floor":39,"gold_loss":0}],"is_beta":true,"boss_relics":[{"not_picked":["Sozu","Empty Cage"],"picked":"Cursed Key"},{"not_picked":["Orrery","FrozenCore"],"picked":"Astrolabe"}],"items_purged_floors":[11,36],"is_endless":false,"potions_floor_spawned":[2,7,10,14,16,18,31],"killed_by":"Giant Head","ascension_level":15}