{"gold_per_floor":[116,127,137,123,198,232,251,251,322,322,3,19,46,56,56,153,153,167,196,196,34,52,52,87,87,87,98,133,133,164,175,175,279,279,289,306,206,206,56,56,89,107,107,107,124,124,144,162,162,162,162,162,37,69,69],"floor_reached":56,"playtime":8228,"items_purged":["Strike_G","Pain","Regret"],"score":1474,"play_id":"99763556-87c5-4766-a38a-2a7961618e3e","local_time":"20190418140048","is_ascension_mode":true,"campfire_choices":[{"floor":8.0,"key":"REST"},{"floor":15.0,"key":"REST"},{"data":"Apotheosis","floor":23.0,"key":"SMITH"},{"floor":25.0,"key":"RECALL"},{"data":"Concentrate","floor":29,"key":"SMITH"},{"floor":32,"key":"REST"},{"data":"Panache","floor":40,"key":"SMITH"},{"floor":46,"key":"REST"},{"floor":49,"key":"REST"},{"data":"Well Laid Plans","floor":52,"key":"SMITH"}],"neow_cost":"NONE","seed_source_timestamp":0,"circlet_count":0,"master_deck":["Survivor","Neutralize+1","PiercingWail","Cloak And Dagger","Dash","Cloak And Dagger","Storm of Steel","Leg Sweep+1","Panache+1","Well Laid Plans+1","Acrobatics","Backstab","Blur","Phantasmal Killer","Malaise","Blade Dance","Dagger Spray","Slice","Riddle With Holes","Malaise","Phantasmal Killer","Doppelganger","Finisher","PiercingWail","Concentrate+1","Ghostly","Ghostly","Ghostly","Ghostly","Ghostly","Apotheosis+1","Outmaneuver+1","Cloak And Dagger+1","Noxious Fumes+1","Bouncing Flask","A Thousand Cuts+1","Clumsy","Cloak And Dagger+1","Caltrops+1","Calculated Gamble+1","Backflip+1"],"special_seed":0,"relics":["Ring of the Snake","Anchor","Mummified Hand","Ginger","Pandora\u0027s Box","Red Mask","Strawberry","Frozen Egg 2","Bottled Lightning","Darkstone Periapt","Calling Bell","Torii","Toxic Egg 2","Centennial Puzzle","Vajra","PreservedInsect","Bronze Scales"],"potions_floor_usage":[28,33,47,50,50],"damage_taken":[{"damage":0.0,"enemies":"Cultist","floor":1.0,"turns":4.0},{"damage":7.0,"enemies":"Small Slimes","floor":2.0,"turns":6.0},{"damage":0.0,"enemies":"2 Louse","floor":3.0,"turns":3.0},{"damage":0.0,"enemies":"Exordium Thugs","floor":4.0,"turns":4.0},{"damage":20.0,"enemies":"3 Sentries","floor":6.0,"turns":14.0},{"damage":0.0,"enemies":"Blue Slaver","floor":7.0,"turns":4.0},{"damage":0.0,"enemies":"Exordium Wildlife","floor":12.0,"turns":2.0},{"damage":8.0,"enemies":"Lagavulin","floor":13.0,"turns":8.0},{"damage":0.0,"enemies":"Exordium Thugs","floor":14.0,"turns":4.0},{"damage":25.0,"enemies":"Slime Boss","floor":16.0,"turns":18.0},{"damage":0.0,"enemies":"3 Byrds","floor":18.0,"turns":4.0},{"damage":29.0,"enemies":"Masked Bandits","floor":19.0,"turns":6.0},{"damage":2.0,"enemies":"Spheric Guardian","floor":22.0,"turns":6.0},{"damage":0.0,"enemies":"Slavers","floor":24.0,"turns":7.0},{"damage":0.0,"enemies":"Cultist and Chosen","floor":27.0,"turns":6.0},{"damage":1,"enemies":"Book of Stabbing","floor":28,"turns":7},{"damage":1,"enemies":"Gremlin Leader","floor":30,"turns":5},{"damage":1,"enemies":"3 Cultists","floor":31,"turns":5},{"damage":29,"enemies":"Automaton","floor":33,"turns":8},{"damage":5,"enemies":"3 Darklings","floor":35,"turns":4},{"damage":4,"enemies":"3 Shapes","floor":36,"turns":6},{"damage":25,"enemies":"Nemesis","floor":41,"turns":7},{"damage":1,"enemies":"Transient","floor":42,"turns":5},{"damage":11,"enemies":"Writhing Mass","floor":45,"turns":3},{"damage":1,"enemies":"Jaw Worm Horde","floor":47,"turns":6},{"damage":3,"enemies":"4 Shapes","floor":48,"turns":7},{"damage":5,"enemies":"Time Eater","floor":50,"turns":11},{"damage":3,"enemies":"Shield and Spear","floor":54,"turns":4},{"damage":42,"enemies":"The Heart","floor":55,"turns":12}],"seed_played":"-5807739352586194316","potions_obtained":[{"floor":2.0,"key":"GhostInAJar"},{"floor":3.0,"key":"Explosive Potion"},{"floor":6.0,"key":"Energy Potion"},{"floor":7.0,"key":"Energy Potion"},{"floor":12.0,"key":"GamblersBrew"},{"floor":19.0,"key":"Swift Potion"},{"floor":24.0,"key":"Poison Potion"},{"floor":31,"key":"LiquidBronze"},{"floor":35,"key":"SpeedPotion"},{"floor":41,"key":"Swift Potion"},{"floor":45,"key":"EssenceOfSteel"}],"is_trial":false,"path_per_floor":["M","M","M","M","?","E","M","R","T","?","$","M","E","M","R","B",null,"M","?","?","$","M","R","E","R","T","M","E","R","E","M","R","B",null,"M","M","$","?","$","R","E","M","T","$","M","R","M","M","R","B",null,"R","$","E","B",null],"character_chosen":"THE_SILENT","items_purchased":["Panache","Well Laid Plans","Apotheosis","Vajra"],"campfire_rested":5,"item_purchase_floors":[11,11,21,39],"current_hp_per_floor":[70,63,63,63,52,32,32,53,53,53,53,53,45,45,66,41,70,70,41,35,35,33,33,40,40,40,40,39,39,38,37,42,13,60,55,51,51,51,51,51,26,25,25,25,14,32,31,28,46,41,60,60,60,57,15],"gold":69,"neow_bonus":"UPGRADE_CARD","is_prod":false,"is_daily":false,"chose_seed":false,"campfire_upgraded":4,"win_rate":0,"timestamp":1555592448,"path_taken":["M","?","?","M","?","E","M","R","T","?","$","M","E","M","R","BOSS","M","?","?","?","M","R","E","R","T","M","E","R","E","M","R","BOSS","M","M","$","?","?","R","E","M","T","?","M","R","M","M","R","BOSS","R","$","E","BOSS"],"build_version":"2019-01-23","purchased_purges":3,"victory":true,"max_hp_per_floor":[70,70,70,70,70,70,70,70,70,70,70,70,70,70,70,70,70,70,70,35,35,35,35,42,42,42,42,42,42,42,42,42,42,60,60,60,60,60,60,60,60,60,60,60,60,60,60,60,60,60,60,60,60,60,60],"card_choices":[{"not_picked":["Outmaneuver","Acrobatics"],"picked":"PiercingWail","floor":1.0},{"not_picked":["Slice","Well Laid Plans"],"picked":"Cloak And Dagger","floor":2.0},{"not_picked":["Accuracy","Distraction"],"picked":"Dash","floor":3.0},{"not_picked":["Eviscerate","Sucker Punch"],"picked":"Cloak And Dagger","floor":4.0},{"not_picked":["Terror","Backflip"],"picked":"Storm of Steel","floor":6.0},{"not_picked":["Caltrops","Deflect"],"picked":"Leg Sweep","floor":7.0},{"not_picked":["All Out Attack","Dodge and Roll"],"picked":"Acrobatics","floor":12.0},{"not_picked":["Deflect","Slice"],"picked":"Backstab","floor":13.0},{"not_picked":["Quick Slash","Deadly Poison"],"picked":"Blur","floor":14.0},{"not_picked":["Glass Knife","Grand Finale"],"picked":"Phantasmal Killer","floor":16.0},{"not_picked":["Deflect","Poisoned Stab+1"],"picked":"PiercingWail","floor":18.0},{"not_picked":["Flying Knee","Dodge and Roll"],"picked":"Concentrate","floor":19.0},{"not_picked":["Poisoned Stab","Quick Slash+1","Deadly Poison"],"picked":"SKIP","floor":22.0},{"not_picked":["Sucker Punch","PiercingWail"],"picked":"Outmaneuver+1","floor":24.0},{"not_picked":["Backflip+1","Doppelganger"],"picked":"Cloak And Dagger+1","floor":27},{"not_picked":["Unload","Riddle With Holes"],"picked":"Noxious Fumes+1","floor":28},{"not_picked":["Masterful Stab+1","Setup","Riddle With Holes"],"picked":"SKIP","floor":30},{"not_picked":["Flying Knee","All Out Attack"],"picked":"Bouncing Flask","floor":31},{"not_picked":["Grand Finale","Venomology"],"picked":"A Thousand Cuts+1","floor":33},{"not_picked":["Underhanded Strike","Backstab+1","Dodge and Roll+1"],"picked":"SKIP","floor":35},{"not_picked":["All Out Attack+1","Blade Dance+1"],"picked":"Cloak And Dagger+1","floor":36},{"not_picked":["PiercingWail+1","Deflect+1","Sucker Punch"],"picked":"SKIP","floor":41},{"not_picked":["Setup+1","Deflect+1"],"picked":"Caltrops+1","floor":42},{"not_picked":["Deflect+1","Skewer","Unload"],"picked":"SKIP","floor":45},{"not_picked":["PiercingWail+1","Blade Dance+1"],"picked":"Calculated Gamble+1","floor":47},{"not_picked":["Deadly Poison+1","Outmaneuver+1","Riddle With Holes"],"picked":"SKIP","floor":48},{"not_picked":["Wraith Form v2+1","PiercingWail+1"],"picked":"Backflip+1","floor":54}],"player_experience":145062,"relics_obtained":[{"floor":6.0,"key":"Anchor"},{"floor":9.0,"key":"Mummified Hand"},{"floor":13.0,"key":"Ginger"},{"floor":19.0,"key":"Red Mask"},{"floor":24.0,"key":"Strawberry"},{"floor":26.0,"key":"Frozen Egg 2"},{"floor":28,"key":"Bottled Lightning"},{"floor":30,"key":"Darkstone Periapt"},{"floor":34,"key":"Torii"},{"floor":34,"key":"Toxic Egg 2"},{"floor":34,"key":"Centennial Puzzle"},{"floor":41,"key":"PreservedInsect"},{"floor":54,"key":"Bronze Scales"}],"event_choices":[{"damage_healed":0.0,"max_hp_gain":0.0,"max_hp_loss":0.0,"gold_gain":75.0,"event_name":"World of Goop","player_choice":"Gather Gold","floor":5.0,"gold_loss":0.0,"damage_taken":11.0},{"damage_healed":0.0,"max_hp_gain":0.0,"max_hp_loss":0.0,"gold_gain":0.0,"event_name":"Upgrade Shrine","player_choice":"Upgraded","floor":10.0,"gold_loss":0.0,"damage_taken":0.0,"cards_upgraded":["Leg Sweep"]},{"damage_healed":0.0,"max_hp_gain":0.0,"max_hp_loss":0.0,"gold_gain":0.0,"event_name":"Masked Bandits","player_choice":"Fought Bandits","floor":19.0,"gold_loss":0.0,"damage_taken":0.0},{"damage_healed":0.0,"max_hp_gain":0.0,"max_hp_loss":35.0,"gold_gain":0.0,"event_name":"Ghosts","player_choice":"Became a Ghost","floor":20.0,"gold_loss":0.0,"damage_taken":0.0,"cards_obtained":["Ghostly","Ghostly","Ghostly","Ghostly","Ghostly"]},{"damage_healed":0,"gold_gain":0,"player_choice":"0 cards matched","damage_taken":0,"max_hp_gain":0,"max_hp_loss":0,"event_name":"Match and Keep!","floor":38,"gold_loss":0,"cards_obtained":[]}],"is_beta":false,"boss_relics":[{"not_picked":["HoveringKite","Philosopher\u0027s Stone"],"picked":"Pandora\u0027s Box"},{"not_picked":["Tiny House","Empty Cage"],"picked":"Calling Bell"}],"items_purged_floors":[11,37,53],"is_endless":false,"potions_floor_spawned":[2,3,6,7,12,19,24,31,35,41,45],"ascension_level":3}