{"path_per_floor":["M","?","M","?","M","E","R","M","T","E","?","M","R","$","R","B",null,"M","?","?","?","?","$","M"],"character_chosen":"THE_SILENT","items_purchased":["Escape Plan","Caltrops","Juzu Bracelet","Wraith Form"],"gold_per_floor":[117,192,206,206,225,257,257,268,268,295,295,313,313,53,53,149,149,164,164,89,89,179,23,36],"floor_reached":25,"campfire_rested":0,"playtime":1980,"current_hp_per_floor":[70,59,59,59,58,47,47,47,47,31,31,31,31,31,31,31,70,58,58,58,58,37,37,21],"items_purged":["Strike_G"],"gold":36,"play_id":"62d439dd-3ec9-4e0c-ab1f-04fc4467497a","is_prod":false,"is_daily":false,"is_ascension_mode":false,"campfire_upgraded":3,"path_taken":["M","?","M","?","M","E","R","M","T","E","?","M","R","?","R","BOSS","M","?","?","?","?","?","M","E"],"build_version":"2018-02-01-PROD3","purchased_purges":2,"victory":false,"master_deck":["Defend_G","Defend_G","Defend_G","Defend_G","Defend_G","Strike_G","Strike_G","Survivor","Neutralize","Crippling Poison+1","Malaise","Flash of Steel","Neutralize","A Thousand Cuts","Acrobatics","Footwork+1","Caltrops","Escape Plan","Caltrops+1","Adrenaline","Poisoned Stab","Purity","Wraith Form","Bane+1"],"max_hp_per_floor":[70,70,70,70,70,70,70,70,70,70,70,70,70,70,70,70,70,70,70,70,70,70,70,70],"relics":["Sozu","Bag of Preparation","Bronze Scales","Vajra","Juzu Bracelet","Question Card"],"card_choices":[{"not_picked":["PiercingWail","All Out Attack"],"picked":"Crippling Poison"},{"not_picked":["Backflip","Deadly Poison"],"picked":"Malaise"},{"not_picked":["Slice","Choke"],"picked":"A Thousand Cuts"},{"not_picked":["Masterful Stab","Reflex"],"picked":"Acrobatics"},{"not_picked":["Dagger Spray","Choke"],"picked":"Footwork"},{"not_picked":["Reflex","Outmaneuver"],"picked":"Caltrops"},{"not_picked":["Doppelganger","Glass Knife"],"picked":"Adrenaline"},{"not_picked":["All Out Attack","Infinite Blades","Blade Dance"],"picked":"Poisoned Stab"},{"not_picked":["Skewer","Backflip","Deflect"],"picked":"Bane"}],"player_experience":57425,"potions_floor_usage":[],"damage_taken":[{"damage":0,"enemies":"Small Slimes","floor":1,"turns":4},{"damage":0,"enemies":"2 Louse","floor":3,"turns":2},{"damage":1,"enemies":"Blue Slaver","floor":5,"turns":5},{"damage":11,"enemies":"Lagavulin","floor":6,"turns":9},{"damage":0,"enemies":"2 Fungi Beasts","floor":8,"turns":4},{"damage":16,"enemies":"Gremlin Nob","floor":10,"turns":5},{"damage":0,"enemies":"3 Louse","floor":12,"turns":3},{"damage":0,"enemies":"Hexaghost","floor":16,"turns":9},{"damage":12,"enemies":"2 Thieves","floor":18,"turns":5},{"damage":16,"enemies":"Spheric Guardian","floor":24,"turns":4},{"damage":21,"enemies":"Gremlin Leader","floor":25,"turns":3}],"event_choices":[{"event_name":"World of Goop","player_choice":"Gather Gold","floor":2,"damage_taken":0},{"event_name":"Match and Keep!","player_choice":"2 cards matched","floor":4,"damage_taken":0},{"event_name":"The Lab","player_choice":"Got Potions","floor":11,"damage_taken":0},{"event_name":"The Woman in Blue","player_choice":"Bought 0 Potions","floor":19,"damage_taken":0},{"event_name":"Beggar","player_choice":"Gave Gold","floor":20,"damage_taken":0},{"event_name":"Purifier","player_choice":"One Purge","floor":21,"damage_taken":0},{"event_name":"Knowing Skull","player_choice":"CARD GOLD ","floor":22,"damage_taken":0}],"boss_relics":[{"not_picked":["Tiny House","Velvet Choker"],"picked":"Question Card"}],"potions_floor_spawned":[1,6,8,16,18],"seed_played":"-3354826719026962955","killed_by":"Gremlin Leader","ascension_level":0,"is_trial":false}