{"path_per_floor":["M","?","M","M","$","R","E","R","T","M","M","E","M","M","R"],"character_chosen":"DEFECT","items_purchased":["Sweeping Beam"],"gold_per_floor":[115,190,207,220,196,196,229,229,282,296,311,346,362,381,381,381],"floor_reached":16,"campfire_rested":2,"playtime":638,"current_hp_per_floor":[70,59,58,57,57,57,20,42,42,35,25,8,13,7,29,0],"items_purged":[],"gold":381,"score":120,"play_id":"a5eec5c1-7d0d-4c42-b0f4-94371edd8e63","local_time":"20180426165518","is_prod":false,"is_daily":false,"chose_seed":false,"is_ascension_mode":true,"campfire_upgraded":1,"timestamp":1524786918,"path_taken":["M","?","M","M","$","R","E","R","T","M","M","E","M","M","R","BOSS"],"build_version":"2018-04-26","seed_source_timestamp":84991252804866,"purchased_purges":0,"victory":false,"master_deck":["Strike_B","Strike_B","Strike_B","Defend_B","Defend_B","Defend_B","Defend_B","Zap","Dualcast+1","Streamline","Blaster","Leap","Sweeping Beam","Cold Snap","Axe Kick","Impulse","Ball Lightning","Reprogram","Static Discharge","Leap"],"max_hp_per_floor":[75,75,75,75,75,75,75,75,75,75,75,75,75,75,75,75],"relics":["Cracked Core","Dream Catcher","Omamori","Bag of Preparation"],"card_choices":[{"not_picked":["Barrage","Melter"],"picked":"Streamline","floor":1},{"not_picked":["Streamline","Impulse"],"picked":"Blaster","floor":3},{"not_picked":["Storm","Coolheaded"],"picked":"Leap","floor":4},{"not_picked":["Sweeping Beam","Storm"],"picked":"Cold Snap","floor":7},{"not_picked":["Hello World","Chaos"],"picked":"Axe Kick","floor":8},{"not_picked":["Glacier","Skim"],"picked":"Impulse","floor":10},{"not_picked":["Rip and Tear","Thunder Strike"],"picked":"Ball Lightning","floor":11},{"not_picked":["Capacitor","Barrage"],"picked":"Reprogram","floor":13},{"not_picked":["Leap","Go for the Eyes"],"picked":"Static Discharge","floor":14},{"not_picked":["Sweeping Beam","Hologram"],"picked":"Leap","floor":15}],"player_experience":520096,"potions_floor_usage":[13,14],"damage_taken":[{"damage":5,"enemies":"Small Slimes","floor":1,"turns":4},{"damage":1,"enemies":"Jaw Worm","floor":3,"turns":3},{"damage":1,"enemies":"2 Louse","floor":4,"turns":3},{"damage":37,"enemies":"Lagavulin","floor":7,"turns":7},{"damage":7,"enemies":"Large Slime","floor":10,"turns":4},{"damage":10,"enemies":"Blue Slaver","floor":11,"turns":3},{"damage":17,"enemies":"3 Sentries","floor":12,"turns":6},{"damage":7,"enemies":"Exordium Wildlife","floor":13,"turns":5},{"damage":6,"enemies":"3 Louse","floor":14,"turns":2},{"damage":33,"enemies":"The Guardian","floor":16,"turns":8}],"event_choices":[{"event_name":"World of Goop","player_choice":"Gather Gold","floor":2,"damage_taken":0}],"boss_relics":[],"potions_floor_spawned":[4,10,12],"seed_played":"-5237653628128944764","killed_by":"The Guardian","ascension_level":1,"is_trial":false}