{"gold_per_floor":[219,294,307,321,62,74,74,84,84,112,37,70,70,99,99,173,173,190,190,190,190,207,207,207],"floor_reached":24,"playtime":961,"items_purged":[],"score":478,"play_id":"a3ff7f0b-3e8d-4a25-bbbf-c2fa95357170","local_time":"20190502085500","is_ascension_mode":true,"campfire_choices":[{"data":"Bash","floor":7.0,"key":"SMITH"},{"data":"Sword Boomerang","floor":15,"key":"SMITH"},{"floor":23,"key":"REST"}],"neow_cost":"NONE","seed_source_timestamp":830886927906881,"circlet_count":0,"master_deck":["AscendersBane","Strike_R","Strike_R","Strike_R","Defend_R","Defend_R","Defend_R","Defend_R","Bash+1","Cleave","Anger","Shrug It Off","Rampage","Evolve","Spot Weakness","True Grit","Sword Boomerang+1","Dark Embrace","Shrug It Off","Necronomicurse","Feel No Pain"],"special_seed":0,"relics":["Burning Blood","Lantern","Vajra","Regal Pillow","Bottled Lightning","Orichalcum","Cursed Key","Necronomicon"],"potions_floor_usage":[10,10,14,16],"damage_taken":[{"damage":7.0,"enemies":"Jaw Worm","floor":1.0,"turns":4.0},{"damage":4.0,"enemies":"Small Slimes","floor":3.0,"turns":3.0},{"damage":5.0,"enemies":"2 Louse","floor":4.0,"turns":2.0},{"damage":8.0,"enemies":"Large Slime","floor":6.0,"turns":4.0},{"damage":6.0,"enemies":"Looter","floor":8.0,"turns":3.0},{"damage":0,"enemies":"Gremlin Nob","floor":10,"turns":2},{"damage":32,"enemies":"Lagavulin","floor":12,"turns":6},{"damage":20,"enemies":"Gremlin Nob","floor":14,"turns":4},{"damage":6,"enemies":"Hexaghost","floor":16,"turns":7},{"damage":25,"enemies":"Shell Parasite","floor":18,"turns":4},{"damage":13,"enemies":"Spheric Guardian","floor":22,"turns":4},{"damage":59,"enemies":"Gremlin Leader","floor":24,"turns":5}],"seed_played":"6537485944930055967","potions_obtained":[{"floor":1.0,"key":"Energy Potion"},{"floor":3.0,"key":"SteroidPotion"},{"floor":12,"key":"Weak Potion"},{"floor":14,"key":"SkillPotion"}],"is_trial":false,"path_per_floor":["M","?","M","M","$","M","R","M","T","E","?","E","?","E","R","B",null,"M","?","?","?","M","R","E"],"character_chosen":"IRONCLAD","items_purchased":["Lantern","Shrug It Off","Rampage"],"campfire_rested":1,"item_purchase_floors":[5,5,5],"current_hp_per_floor":[67,56,58,59,59,57,57,57,57,63,63,37,37,23,23,23,62,43,43,22,22,15,52,0],"gold":207,"neow_bonus":"HUNDRED_GOLD","is_prod":false,"is_daily":false,"chose_seed":false,"campfire_upgraded":2,"win_rate":0,"timestamp":1556801700,"path_taken":["M","?","M","M","$","M","R","M","T","E","?","E","?","E","R","BOSS","M","?","?","?","M","R","E"],"build_version":"2019-01-23","purchased_purges":0,"victory":false,"max_hp_per_floor":[75,75,75,75,75,75,75,75,75,75,75,75,75,75,75,75,75,75,75,75,75,75,75,75],"card_choices":[{"not_picked":["Dropkick","Dual Wield"],"picked":"Cleave","floor":1.0},{"not_picked":["Thunderclap","Blood for Blood"],"picked":"Anger","floor":3.0},{"not_picked":["Cleave","Body Slam","Warcry"],"picked":"SKIP","floor":4.0},{"not_picked":["Twin Strike","Evolve","Body Slam"],"picked":"SKIP","floor":6.0},{"not_picked":["Twin Strike","Body Slam"],"picked":"Evolve","floor":6.0},{"not_picked":["Sentinel","Iron Wave","Reckless Charge"],"picked":"SKIP","floor":8.0},{"not_picked":["Second Wind","Clash"],"picked":"Spot Weakness","floor":10},{"not_picked":["Pommel Strike","Hemokinesis"],"picked":"True Grit","floor":12},{"not_picked":["Berserk","Havoc"],"picked":"Sword Boomerang","floor":14},{"not_picked":["Impervious","Double Tap"],"picked":"Dark Embrace","floor":16},{"not_picked":["Warcry","Heavy Blade"],"picked":"Shrug It Off","floor":18},{"not_picked":["Rupture","Armaments"],"picked":"Feel No Pain","floor":22}],"player_experience":2241549,"relics_obtained":[{"floor":9.0,"key":"Vajra"},{"floor":10,"key":"Regal Pillow"},{"floor":12,"key":"Bottled Lightning"},{"floor":14,"key":"Orichalcum"},{"floor":20,"key":"Necronomicon"}],"event_choices":[{"damage_healed":0.0,"max_hp_gain":0.0,"max_hp_loss":0.0,"gold_gain":75.0,"event_name":"World of Goop","player_choice":"Gather Gold","floor":2.0,"gold_loss":0.0,"damage_taken":11.0},{"cards_removed":["Strike_R"],"damage_healed":0,"gold_gain":0,"player_choice":"Card Removal","damage_taken":0,"max_hp_gain":0,"max_hp_loss":0,"event_name":"The Cleric","floor":11,"gold_loss":75},{"damage_healed":0,"gold_gain":0,"player_choice":"Ignored","damage_taken":0,"max_hp_gain":0,"max_hp_loss":0,"event_name":"Liars Game","floor":13,"gold_loss":0},{"damage_healed":0,"gold_gain":0,"player_choice":"Ignored","damage_taken":0,"max_hp_gain":0,"max_hp_loss":0,"event_name":"The Mausoleum","floor":19,"gold_loss":0},{"damage_healed":0,"gold_gain":0,"player_choice":"Obtained Book","damage_taken":21,"max_hp_gain":0,"max_hp_loss":0,"event_name":"Cursed Tome","floor":20,"gold_loss":0},{"cards_removed":["Strike_R"],"damage_healed":0,"gold_gain":0,"player_choice":"Purged","damage_taken":0,"max_hp_gain":0,"max_hp_loss":0,"event_name":"Purifier","floor":21,"gold_loss":0}],"is_beta":false,"boss_relics":[{"not_picked":["Fusion Hammer","Coffee Dripper"],"picked":"Cursed Key"}],"items_purged_floors":[],"is_endless":false,"potions_floor_spawned":[1,3,8,12,14],"killed_by":"Gremlin Leader","ascension_level":20}