{"path_per_floor":["M","?","$","M","$","R","E","M","T","E","$","R","M","M","R","B",null,"M","M","M","?","$","R","E","R","T","R","M","M","M","?","R","B",null,"M","$","?","?","?","R","M","?","T","E","R","$","R","M","R","B"],"character_chosen":"THE_SILENT","items_purchased":["Escape Plan","Noxious Fumes","Blur","Juzu Bracelet","Finisher"],"gold_per_floor":[112,112,43,53,13,13,43,53,105,168,94,94,109,120,120,218,218,218,218,218,218,61,61,61,61,61,61,61,61,61,61,61,61,61,61,26,26,26,26,26,26,26,26,26,26,26,26,26,26,26],"floor_reached":51,"campfire_rested":1,"playtime":3016,"current_hp_per_floor":[63,56,56,56,56,56,56,56,56,60,60,60,43,43,43,43,61,61,60,60,60,60,60,60,60,60,60,60,60,58,46,46,37,63,62,62,62,53,53,53,51,51,51,34,34,34,34,23,44,14],"items_purged":[],"gold":26,"score":1155,"play_id":"431e1503-8908-4c9a-8b98-de558af0e08c","local_time":"20180318172422","is_prod":false,"is_daily":false,"is_ascension_mode":true,"campfire_upgraded":10,"timestamp":1521408262,"path_taken":["M","?","$","?","$","R","E","?","T","E","$","R","?","M","R","BOSS","M","?","?","?","$","R","E","R","T","R","M","M","M","?","R","BOSS","M","$","?","?","?","R","M","?","T","E","R","?","R","M","R","BOSS"],"build_version":"2018-03-15v3","purchased_purges":1,"victory":true,"master_deck":["Defend_G","Defend_G","Defend_G","Defend_G","Defend_G","Strike_G","Strike_G","Strike_G","Strike_G","Survivor","Neutralize","Blur+1","Escape Plan","Infinite Blades+1","Noxious Fumes+1","Footwork+1","Prepared","Backflip+1","Blur+1","After Image+1","Skewer+1","Backflip+1","Prepared","Noxious Fumes+1","Expertise+1","A Thousand Cuts+1","Blur+1","Finisher","Madness","Madness","Accuracy","Catalyst+1","Footwork+1"],"max_hp_per_floor":[70,67,67,67,67,67,67,67,67,67,67,67,67,67,67,67,67,67,67,67,67,67,67,67,67,67,67,67,67,67,72,72,72,72,72,72,72,72,72,72,72,72,72,72,72,72,72,72,72,72],"relics":["Ring of the Snake","NeowsBlessing","Calipers","Pen Nib","Tiny Chest","Ectoplasm","Juzu Bracelet","Snake Skull","Frozen Eye","Runic Dome","Sundial","Mummified Hand"],"card_choices":[{"not_picked":["Underhanded Strike","Caltrops"],"picked":"Blur"},{"not_picked":["Heel Hook","Caltrops"],"picked":"Infinite Blades"},{"not_picked":["Tactician","Flechettes"],"picked":"Footwork"},{"not_picked":["Bane","Sucker Punch"],"picked":"Prepared"},{"not_picked":["Sucker Punch","Crippling Poison"],"picked":"Backflip"},{"not_picked":["Adrenaline","Glass Knife"],"picked":"After Image"},{"not_picked":["Deflect","Leg Sweep"],"picked":"Skewer"},{"not_picked":["Prepared","Dagger Throw"],"picked":"Backflip"},{"not_picked":["Terror","Predator"],"picked":"Prepared"},{"not_picked":["Distraction","Dagger Throw"],"picked":"Noxious Fumes"},{"not_picked":["Prepared","Escape Plan"],"picked":"Expertise"},{"not_picked":["Storm of Steel","Adrenaline"],"picked":"A Thousand Cuts"},{"not_picked":["Poisoned Stab","Backflip"],"picked":"Blur"},{"not_picked":["Acrobatics","Slice"],"picked":"Accuracy"},{"not_picked":["Flying Knee","Phantasmal Killer"],"picked":"Catalyst"},{"not_picked":["Slice","Acrobatics"],"picked":"Footwork"}],"player_experience":561754,"potions_floor_usage":[10,14,16,16,24,29,29,44,50,50],"damage_taken":[{"damage":0,"enemies":"2 Louse","floor":1,"turns":1},{"damage":0,"enemies":"Jaw Worm","floor":4,"turns":1},{"damage":0,"enemies":"Lagavulin","floor":7,"turns":1},{"damage":0,"enemies":"Cultist","floor":8,"turns":4},{"damage":11,"enemies":"3 Sentries","floor":10,"turns":7},{"damage":17,"enemies":"Gremlin Gang","floor":13,"turns":5},{"damage":0,"enemies":"Lots of Slimes","floor":14,"turns":2},{"damage":0,"enemies":"Hexaghost","floor":16,"turns":13},{"damage":0,"enemies":"Spheric Guardian","floor":18,"turns":8},{"damage":1,"enemies":"Chosen","floor":19,"turns":6},{"damage":0,"enemies":"Snake Plant","floor":20,"turns":7},{"damage":0,"enemies":"Book of Stabbing","floor":24,"turns":10},{"damage":0,"enemies":"Chosen and Byrds","floor":28,"turns":8},{"damage":0,"enemies":"Cultist and Chosen","floor":29,"turns":8},{"damage":2,"enemies":"Snake Plant","floor":30,"turns":6},{"damage":9,"enemies":"Champ","floor":33,"turns":16},{"damage":1,"enemies":"3 Darklings","floor":35,"turns":6},{"damage":2,"enemies":"3 Shapes","floor":41,"turns":5},{"damage":17,"enemies":"Nemesis","floor":44,"turns":7},{"damage":11,"enemies":"Maw","floor":48,"turns":7},{"damage":30,"enemies":"Donu and Deca","floor":50,"turns":9}],"event_choices":[{"event_name":"Golden Wing","player_choice":"Card Removal","floor":2,"damage_taken":0},{"event_name":"The Lab","player_choice":"Got Potions","floor":21,"damage_taken":0},{"event_name":"Forgotten Altar","player_choice":"Shed Blood","floor":31,"damage_taken":0},{"event_name":"Mysterious Sphere","player_choice":"Ignore","floor":37,"damage_taken":0},{"event_name":"Winding Halls","player_choice":"Embrace Madness","floor":38,"damage_taken":0},{"event_name":"Golden Shrine","player_choice":"Pray","floor":42,"damage_taken":0}],"boss_relics":[{"not_picked":["Tiny House","Philosopher\u0027s Stone"],"picked":"Ectoplasm"},{"not_picked":["Velvet Choker","Black Star"],"picked":"Runic Dome"}],"potions_floor_spawned":[4,7,10,13,14,19,20,28,35,48],"seed_played":"-791620442997256693","ascension_level":10,"is_trial":false}