{"gold_per_floor":[111,111,23,23,23,58,58,98,98,136,286,286,340,363,363,363],"floor_reached":16,"playtime":410,"items_purged":[],"score":328,"play_id":"ddc9b5ef-9ba8-4aec-8902-41bb4b3e15ac","local_time":"20190405035452","is_ascension_mode":true,"campfire_choices":[{"data":"Caltrops","floor":7,"key":"SMITH"},{"floor":15,"key":"REST"}],"neow_cost":"NONE","seed_source_timestamp":322969748583251,"circlet_count":0,"master_deck":["AscendersBane","Defend_G","Defend_G","Defend_G","Defend_G","Defend_G","Strike_G","Strike_G","Strike_G","Strike_G","Strike_G","Survivor","Neutralize+1","Deflect","Caltrops+1","All Out Attack","Predator","Noxious Fumes","Doubt","Escape Plan"],"relics":["Ring of the Snake","NeowsBlessing","Golden Idol","Bag of Marbles","Question Card","Letter Opener","Regal Pillow","Happy Flower"],"potions_floor_usage":[10],"damage_taken":[{"damage":0,"enemies":"2 Louse","floor":1,"turns":1},{"damage":0,"enemies":"Lagavulin","floor":6,"turns":1},{"damage":0,"enemies":"3 Sentries","floor":8,"turns":1},{"damage":24,"enemies":"Gremlin Nob","floor":10,"turns":4},{"damage":3,"enemies":"Small Slimes","floor":14,"turns":4},{"damage":43,"enemies":"The Guardian","floor":16,"turns":10}],"seed_played":"2188314023614438117","potions_obtained":[{"floor":6,"key":"LiquidBronze"}],"is_trial":false,"path_per_floor":["M","?","$","?","$","E","R","E","T","E","?","?","T","M","R","B"],"character_chosen":"THE_SILENT","items_purchased":["Caltrops"],"campfire_rested":1,"item_purchase_floors":[3],"current_hp_per_floor":[59,36,36,36,36,36,36,36,36,12,12,12,12,9,43,0],"gold":363,"neow_bonus":"THREE_ENEMY_KILL","is_prod":false,"is_daily":false,"chose_seed":false,"campfire_upgraded":1,"win_rate":0,"timestamp":1554450892,"path_taken":["M","?","$","?","?","E","R","E","T","E","?","?","?","M","R","BOSS"],"build_version":"2019-01-23","purchased_purges":0,"victory":false,"max_hp_per_floor":[66,66,66,66,66,66,66,66,66,66,66,66,66,66,66,66],"card_choices":[{"not_picked":["Blade Dance","Quick Slash"],"picked":"Deflect","floor":1},{"not_picked":["Outmaneuver","Expertise"],"picked":"All Out Attack","floor":6},{"not_picked":["Backflip","Distraction"],"picked":"Predator","floor":8},{"not_picked":["Envenom","Dash","Sucker Punch"],"picked":"Noxious Fumes","floor":10},{"not_picked":["Masterful Stab","Accuracy","Acrobatics"],"picked":"Escape Plan","floor":14}],"player_experience":1613242,"relics_obtained":[{"floor":6,"key":"Bag of Marbles"},{"floor":8,"key":"Question Card"},{"floor":9,"key":"Letter Opener"},{"floor":10,"key":"Regal Pillow"},{"floor":13,"key":"Happy Flower"}],"event_choices":[{"damage_healed":0,"gold_gain":0,"player_choice":"Take Damage","damage_taken":23,"relics_obtained":["Golden Idol"],"max_hp_gain":0,"max_hp_loss":0,"event_name":"Golden Idol","floor":2,"gold_loss":0},{"damage_healed":0,"gold_gain":0,"player_choice":"Grow","damage_taken":0,"max_hp_gain":0,"max_hp_loss":0,"event_name":"Living Wall","floor":4,"gold_loss":0,"cards_upgraded":["Neutralize"]},{"damage_healed":0,"gold_gain":150,"player_choice":"AGREE","damage_taken":0,"max_hp_gain":0,"max_hp_loss":0,"event_name":"Liars Game","floor":11,"gold_loss":0,"cards_obtained":["Doubt"]},{"damage_healed":0,"gold_gain":0,"player_choice":"Ignored","damage_taken":0,"max_hp_gain":0,"max_hp_loss":0,"event_name":"Shining Light","floor":12,"gold_loss":0}],"is_beta":false,"boss_relics":[],"items_purged_floors":[],"is_endless":false,"potions_floor_spawned":[6],"killed_by":"The Guardian","ascension_level":20}