{"path_per_floor":["M","?","$","M","T","?","M","R","T","R","T","M","E","M","R","B",null,"M","M","?","$","?","R","E","M","T","M","?","R","M","E","R","B",null,"M","?","M","$","M","E","R","?","T","R","?","?","M","$","R","B"],"character_chosen":"IRONCLAD","items_purchased":["Whirlwind","Bottled Flame","Limit Break"],"gold_per_floor":[367,367,42,62,62,32,50,50,50,50,50,65,94,105,105,200,200,210,222,122,47,47,47,78,95,95,110,35,35,50,75,75,179,179,198,248,266,91,111,136,136,136,136,136,136,136,151,26,26,26],"floor_reached":51,"campfire_rested":1,"playtime":1429,"current_hp_per_floor":[46,51,51,48,48,48,53,53,53,53,53,59,62,68,68,25,85,85,85,85,85,85,85,66,72,72,75,75,75,73,76,76,45,85,80,55,55,55,58,12,37,58,58,58,58,58,59,59,59,16],"items_purged":["Defend_R","Defend_R","Strike_R"],"gold":26,"score":788,"play_id":"468009bd-b810-41ca-bbe0-1d916f04126e","local_time":"20180409205656","is_prod":false,"is_daily":false,"is_ascension_mode":false,"campfire_upgraded":6,"timestamp":1523321816,"path_taken":["M","?","?","M","?","?","?","R","T","R","?","M","E","?","R","BOSS","M","?","?","$","?","R","E","?","T","M","?","R","M","E","R","BOSS","M","?","M","$","M","E","R","?","T","R","?","?","?","$","R","BOSS"],"build_version":"2018-04-05v2","purchased_purges":3,"victory":true,"master_deck":["Strike_R","Defend_R+1","Bash","Bloodletting+1","Whirlwind+1","Thunderclap","Thunderclap","Flex+1","Seeing Red+1","Offering","Inflame+1","J.A.X.+1","Thunderclap+1","Sword Boomerang+1","Limit Break","Flex+1","Flex+1","Limit Break","Battle Trance+1","Writhe","Mind Blast+1"],"max_hp_per_floor":[80,85,85,85,85,85,85,85,85,85,85,85,85,85,85,85,85,85,85,85,85,85,85,85,85,85,85,85,85,85,85,85,85,85,85,85,85,85,85,85,85,85,85,85,85,85,85,85,85,85],"relics":["Burning Blood","Bottled Flame","Paper Frog","Question Card","Gambling Chip","Red Skull","Philosopher\u0027s Stone","Orichalcum","Peace Pipe","Molten Egg 2","Velvet Choker","Charon\u0027s Ashes","War Paint","Prayer Wheel"],"card_choices":[{"not_picked":["Warcry","True Grit"],"picked":"Bloodletting","floor":1},{"not_picked":["Blood for Blood","Flame Barrier"],"picked":"Thunderclap","floor":7},{"not_picked":["Rage","Twin Strike","Armaments"],"picked":"Thunderclap","floor":12},{"not_picked":["Twin Strike","Shrug It Off","Dual Wield"],"picked":"Flex","floor":13},{"not_picked":["Carnage","Whirlwind","Clothesline"],"picked":"Seeing Red","floor":14},{"not_picked":["Dark Embrace","Fiend Fire","Impervious"],"picked":"Offering","floor":16},{"not_picked":["Clash","Shrug It Off","Wild Strike"],"picked":"Inflame","floor":19},{"not_picked":["Immolate","Flex","Rupture"],"picked":"Thunderclap","floor":30},{"not_picked":["Intimidate","Carnage","Metallicize"],"picked":"Sword Boomerang","floor":31},{"not_picked":["Dark Embrace","Impervious","Juggernaut"],"picked":"Limit Break","floor":33},{"not_picked":["Second Wind","Shrug It Off","Thunderclap"],"picked":"Flex","floor":36},{"not_picked":["Pommel Strike","Pummel","Hemokinesis"],"picked":"Flex","floor":37},{"not_picked":["Wild Strike","Brutality","Infernal Blade"],"picked":"Battle Trance","floor":39},{"not_picked":["Brutality","Infernal Blade","Power Through"],"picked":"Heavy Blade","floor":40},{"not_picked":["Apotheosis","Bandage Up","Master of Strategy"],"picked":"Mind Blast","floor":46}],"player_experience":792548,"potions_floor_usage":[7,16,24,33,33,40,40,50],"damage_taken":[{"damage":0,"enemies":"Small Slimes","floor":1,"turns":3},{"damage":9,"enemies":"Jaw Worm","floor":4,"turns":4},{"damage":1,"enemies":"Cultist","floor":7,"turns":3},{"damage":0,"enemies":"Exordium Wildlife","floor":12,"turns":1},{"damage":3,"enemies":"3 Sentries","floor":13,"turns":1},{"damage":0,"enemies":"2 Fungi Beasts","floor":14,"turns":1},{"damage":49,"enemies":"The Guardian","floor":16,"turns":6},{"damage":3,"enemies":"Shell Parasite","floor":18,"turns":1},{"damage":5,"enemies":"Spheric Guardian","floor":19,"turns":3},{"damage":25,"enemies":"Book of Stabbing","floor":24,"turns":3},{"damage":0,"enemies":"Centurion and Healer","floor":25,"turns":2},{"damage":3,"enemies":"Sentry and Sphere","floor":27,"turns":1},{"damage":8,"enemies":"Snecko","floor":30,"turns":3},{"damage":3,"enemies":"Slavers","floor":31,"turns":1},{"damage":37,"enemies":"Collector","floor":33,"turns":4},{"damage":11,"enemies":"Orb Walker","floor":35,"turns":2},{"damage":31,"enemies":"Mysterious Sphere","floor":36,"turns":1},{"damage":6,"enemies":"3 Shapes","floor":37,"turns":1},{"damage":3,"enemies":"3 Darklings","floor":39,"turns":1},{"damage":58,"enemies":"Nemesis","floor":40,"turns":3},{"damage":5,"enemies":"Maw","floor":47,"turns":3},{"damage":49,"enemies":"Donu and Deca","floor":50,"turns":4}],"event_choices":[{"event_name":"Big Fish","player_choice":"Donut","floor":2,"damage_taken":0},{"event_name":"The Woman in Blue","player_choice":"Bought 2 Potions","floor":6,"damage_taken":0},{"event_name":"Drug Dealer","player_choice":"Got JAXXED","floor":20,"damage_taken":0},{"event_name":"Back to Basics","player_choice":"Elegance","floor":22,"damage_taken":0},{"event_name":"Beggar","player_choice":"Gave Gold","floor":28,"damage_taken":0},{"event_name":"Mysterious Sphere","player_choice":"Fight","floor":36,"damage_taken":0},{"event_name":"Winding Halls","player_choice":"Writhe","floor":42,"damage_taken":0},{"event_name":"SensoryStone","player_choice":"Memory 1","floor":46,"damage_taken":0}],"boss_relics":[{"not_picked":["Mark of Pain","Runic Pyramid"],"picked":"Philosopher\u0027s Stone"},{"not_picked":["Eternal Feather","Tiny House"],"picked":"Velvet Choker"}],"potions_floor_spawned":[4,7,13,25,27,30,37,39,47],"seed_played":"8911241540619976491","ascension_level":0,"is_trial":false}