{"gold_per_floor":[113,133,133,149,208,208,235,235,307,113,113],"floor_reached":11,"playtime":543,"items_purged":[],"score":142,"play_id":"9b3c169c-f1ab-4b3e-b59a-48195769225e","local_time":"20190429060601","is_ascension_mode":true,"campfire_choices":[{"floor":6,"key":"REST"},{"data":"Dagger Spray","floor":8,"key":"SMITH"}],"neow_cost":"NONE","seed_source_timestamp":561926865586417,"circlet_count":0,"master_deck":["AscendersBane","Defend_G","Defend_G+1","Defend_G","Defend_G","Defend_G","Strike_G+1","Strike_G","Strike_G","Strike_G","Strike_G","Survivor","Neutralize","Riddle With Holes","Quick Slash","Predator","Dagger Spray+1","Flash of Steel","Noxious Fumes"],"special_seed":0,"relics":["Sozu","Smiling Mask","Gremlin Horn"],"potions_floor_usage":[],"damage_taken":[{"damage":11,"enemies":"Jaw Worm","floor":1,"turns":8},{"damage":8,"enemies":"Small Slimes","floor":2,"turns":3},{"damage":0,"enemies":"Cultist","floor":4,"turns":3},{"damage":11,"enemies":"3 Sentries","floor":7,"turns":8},{"damage":44,"enemies":"Lagavulin","floor":11,"turns":4}],"seed_played":"-1201341934321355832","potions_obtained":[],"is_trial":false,"path_per_floor":["M","M","?","M","?","R","E","R","T","$","E"],"character_chosen":"THE_SILENT","items_purchased":["Flash of Steel","Noxious Fumes"],"campfire_rested":1,"item_purchase_floors":[10,10],"current_hp_per_floor":[48,40,20,20,20,39,28,28,28,28,0],"gold":113,"neow_bonus":"BOSS_RELIC","is_prod":false,"is_daily":false,"chose_seed":false,"campfire_upgraded":1,"win_rate":0,"timestamp":1556532361,"path_taken":["M","M","?","M","?","R","E","R","T","$","E"],"build_version":"2019-01-23","purchased_purges":0,"victory":false,"max_hp_per_floor":[66,66,66,66,66,66,66,66,66,66,66],"card_choices":[{"not_picked":["Quick Slash","Poisoned Stab"],"picked":"Riddle With Holes","floor":1},{"not_picked":["Terror","Bane"],"picked":"Quick Slash","floor":2},{"not_picked":["Quick Slash","Tactician"],"picked":"Predator","floor":4},{"not_picked":["Dodge and Roll","Well Laid Plans"],"picked":"Dagger Spray","floor":7}],"player_experience":2083197,"relics_obtained":[{"floor":7,"key":"Smiling Mask"},{"floor":9,"key":"Gremlin Horn"}],"event_choices":[{"damage_healed":0,"gold_gain":0,"player_choice":"Entered Light","damage_taken":20,"max_hp_gain":0,"max_hp_loss":0,"event_name":"Shining Light","floor":3,"gold_loss":0,"cards_upgraded":["Strike_G","Defend_G"]},{"damage_healed":0,"gold_gain":59,"player_choice":"Gained Gold","damage_taken":0,"max_hp_gain":0,"max_hp_loss":0,"event_name":"Golden Wing","floor":5,"gold_loss":0}],"is_beta":false,"boss_relics":[],"items_purged_floors":[],"is_endless":false,"potions_floor_spawned":[1,2],"killed_by":"Lagavulin","ascension_level":20}