{"path_per_floor":["M","?","$","M","T","R","E","R","T","R","M","M","R","?","R","B",null,"M","M","M","?","M","R","?","R","T","M","M","M","R","M","R","B",null,"M","M","?","M","M","R","M"],"character_chosen":"DEFECT","items_purchased":["Chill"],"gold_per_floor":[117,117,48,67,138,138,170,170,216,216,228,238,238,238,238,337,337,347,366,385,385,403,403,403,403,403,420,439,449,449,459,459,556,556,567,578,578,589,608,608,623,623],"floor_reached":42,"campfire_rested":2,"playtime":2857,"item_purchase_floors":[3],"current_hp_per_floor":[65,53,53,53,53,53,35,35,35,35,47,46,46,46,46,34,65,61,61,40,65,65,65,65,65,72,66,59,55,55,48,72,48,74,70,70,48,48,48,72,60,0],"items_purged":[],"gold":623,"score":886,"play_id":"5f47f26b-4abe-4055-987b-3baa4e683d3b","local_time":"20180612124929","is_prod":false,"is_daily":false,"chose_seed":false,"is_ascension_mode":true,"campfire_upgraded":8,"win_rate":0,"timestamp":1528832969,"campfire_choices":[{"data":"Zap","floor":6,"key":"SMITH"},{"data":"Chill","floor":8,"key":"SMITH"},{"data":"Dualcast","floor":10,"key":"SMITH"},{"data":"BootSequence","floor":13,"key":"SMITH"},{"data":"Conserve Battery","floor":15,"key":"SMITH"},{"data":"White Noise","floor":23,"key":"SMITH"},{"data":"Thunder Strike","floor":25,"key":"SMITH"},{"data":"Defragment","floor":30,"key":"SMITH"},{"floor":32,"key":"REST"},{"floor":40,"key":"REST"}],"path_taken":["M","?","$","?","?","R","E","R","T","R","?","M","R","?","R","BOSS","M","M","M","?","?","R","?","R","T","M","M","M","R","M","R","BOSS","M","?","?","M","M","R","M","E"],"build_version":"2018-06-11","seed_source_timestamp":181752259562191,"purchased_purges":0,"victory":false,"master_deck":["Strike_B+1","Strike_B+1","Strike_B+1","Defend_B+1","Defend_B+1","Defend_B+1","Defend_B+1","Zap+1","Dualcast+1","AscendersBane","Conserve Battery+1","Chill+1","Melter","BootSequence+1","Ball Lightning","Rip and Tear","Thunder Strike+1","White Noise+1","Leap","Coolheaded","Defragment+1","Conserve Battery","Go for the Eyes","Ball Lightning","Reboot","Ball Lightning","Leap"],"max_hp_per_floor":[75,75,75,75,75,75,75,75,75,75,75,75,75,75,75,75,75,75,75,75,75,75,75,75,75,82,82,82,82,82,82,82,82,82,82,82,82,82,82,82,82,82],"special_seed":0,"relics":["Cracked Core","Pen Nib","Gremlin Horn","Meat on the Bone","Toolbox","Dream Catcher","Velvet Choker","Strawberry","Busted Crown","Torii"],"card_choices":[{"not_picked":["Barrage","Hello World"],"picked":"Conserve Battery","floor":1},{"not_picked":["Turbo","Reprogram"],"picked":"Melter","floor":4},{"not_picked":["Double Energy","Hologram"],"picked":"BootSequence","floor":7},{"not_picked":["Lockon","Steam","Streamline"],"picked":"SKIP","floor":11},{"not_picked":["Hello World","Genetic Algorithm"],"picked":"Ball Lightning","floor":12},{"not_picked":["Creative AI","Rainbow"],"picked":"Thunder Strike","floor":16},{"not_picked":["Go for the Eyes","Skim"],"picked":"White Noise","floor":18},{"not_picked":["Beam Cell","Barrage","Sweeping Beam"],"picked":"SKIP","floor":19},{"not_picked":["Undo","Tempest"],"picked":"Leap","floor":20},{"not_picked":["Heatsinks","Tempest"],"picked":"Coolheaded","floor":22},{"not_picked":["Blizzard","Go for the Eyes"],"picked":"Defragment","floor":27},{"not_picked":["Force Field","Stack"],"picked":"Conserve Battery","floor":28},{"not_picked":["Steam","FTL"],"picked":"Go for the Eyes","floor":29},{"not_picked":["Turbo+1","Rip and Tear"],"picked":"Ball Lightning","floor":31},{"not_picked":["Biased Cognition","Thunder Strike"],"picked":"Reboot","floor":33},{"not_picked":[],"picked":"Ball Lightning","floor":35},{"not_picked":["Rip and Tear+1"],"picked":"SKIP","floor":36},{"not_picked":["Consume+1"],"picked":"SKIP","floor":38},{"not_picked":[],"picked":"Leap","floor":39},{"not_picked":["Turbo"],"picked":"SKIP","floor":41}],"player_experience":643738,"potions_floor_usage":[33,36,42],"damage_taken":[{"damage":3,"enemies":"2 Louse","floor":1,"turns":3},{"damage":0,"enemies":"Small Slimes","floor":4,"turns":3},{"damage":30,"enemies":"Gremlin Nob","floor":7,"turns":4},{"damage":0,"enemies":"Cultist","floor":11,"turns":3},{"damage":1,"enemies":"Exordium Thugs","floor":12,"turns":5},{"damage":24,"enemies":"Slime Boss","floor":16,"turns":7},{"damage":4,"enemies":"Shell Parasite","floor":18,"turns":4},{"damage":0,"enemies":"Spheric Guardian","floor":19,"turns":3},{"damage":21,"enemies":"Snake Plant","floor":20,"turns":3},{"damage":0,"enemies":"Sentry and Sphere","floor":22,"turns":3},{"damage":6,"enemies":"Cultist and Chosen","floor":27,"turns":6},{"damage":11,"enemies":"Snake Plant","floor":28,"turns":4},{"damage":8,"enemies":"Centurion and Healer","floor":29,"turns":6},{"damage":7,"enemies":"Chosen and Byrds","floor":31,"turns":6},{"damage":36,"enemies":"Collector","floor":33,"turns":11},{"damage":4,"enemies":"Orb Walker","floor":35,"turns":4},{"damage":0,"enemies":"3 Darklings","floor":36,"turns":5},{"damage":22,"floor":37,"turns":7},{"damage":0,"enemies":"Maw","floor":38,"turns":8},{"damage":0,"enemies":"Sphere and 2 Shapes","floor":39,"turns":4},{"damage":12,"enemies":"3 Darklings","floor":41,"turns":6},{"damage":72,"enemies":"2 Orb Walkers","floor":42,"turns":5}],"relics_obtained":[{"floor":5,"key":"Meat on the Bone"},{"floor":7,"key":"Toolbox"},{"floor":9,"key":"Dream Catcher"},{"floor":26,"key":"Strawberry"},{"floor":37,"key":"Torii"}],"event_choices":[{"event_name":"Scrap Ooze","player_choice":"success","floor":2,"damage_taken":12},{"event_name":"Transmorgrifier","player_choice":"Transform","floor":14,"damage_taken":0},{"event_name":"The Library","player_choice":"Heal","floor":21,"damage_taken":0},{"event_name":"Back to Basics","player_choice":"Simplicity","floor":24,"damage_taken":0},{"event_name":"MindBloom","player_choice":"Fight","floor":37,"damage_taken":0}],"boss_relics":[{"not_picked":["Lizard Tail","Astrolabe"],"picked":"Velvet Choker"},{"not_picked":["Pandora\u0027s Box","Runic Dome"],"picked":"Busted Crown"}],"items_purged_floors":[],"potions_floor_spawned":[7,11,12,16,18,22,31,33,35,37,38],"seed_played":"-7367065606236892972","killed_by":"2 Orb Walkers","ascension_level":12,"potions_obtained":[{"floor":7,"key":"Poison Potion"},{"floor":11,"key":"SteroidPotion"},{"floor":12,"key":"Block Potion"},{"floor":22,"key":"FocusPotion"},{"floor":33,"key":"Fire Potion"},{"floor":37,"key":"Weak Potion"}],"is_trial":false}