{"gold_per_floor":[361,361,361,1,12,12,12,38,61,79,79,79],"floor_reached":12,"playtime":182,"items_purged":[],"score":152,"play_id":"fefb093b-ea1d-4c46-890a-317a282c4d0d","local_time":"20190305155355","is_ascension_mode":true,"campfire_choices":[{"data":"Sunder","floor":6.0,"key":"SMITH"},{"floor":11,"key":"REST"}],"neow_cost":"PERCENT_DAMAGE","seed_source_timestamp":362376215941897,"circlet_count":0,"master_deck":["AscendersBane","Strike_B","Strike_B","Strike_B","Defend_B","Defend_B","Defend_B","Defend_B","Zap","Dualcast","Sunder+1","Defragment","Ball Lightning","Conserve Battery","Hologram","Capacitor"],"special_seed":0,"relics":["Cracked Core","Mango","Shuriken","Juzu Bracelet","Bag of Preparation"],"potions_floor_usage":[8],"damage_taken":[{"damage":2.0,"enemies":"Jaw Worm","floor":1.0,"turns":4.0},{"damage":4.0,"enemies":"2 Louse","floor":5.0,"turns":2.0},{"damage":26,"enemies":"Gremlin Nob","floor":8,"turns":4},{"damage":0,"enemies":"Small Slimes","floor":10,"turns":2},{"damage":28,"enemies":"3 Sentries","floor":12,"turns":4}],"seed_played":"-686573230785383654","potions_obtained":[{"floor":1.0,"key":"SpeedPotion"}],"is_trial":false,"path_per_floor":["M","?","?","$","M","R","?","E","T","M","R","E"],"character_chosen":"DEFECT","items_purchased":["Defragment","Ball Lightning","Shuriken"],"campfire_rested":1,"item_purchase_floors":[4,4,4],"current_hp_per_floor":[44,37,33,33,29,29,29,3,3,3,28,0],"gold":79,"neow_bonus":"TWO_FIFTY_GOLD","is_prod":false,"is_daily":false,"chose_seed":false,"campfire_upgraded":1,"win_rate":0,"timestamp":1551826435,"path_taken":["M","?","?","$","M","R","?","E","T","M","R","E"],"build_version":"2019-02-06","purchased_purges":0,"victory":false,"max_hp_per_floor":[71,71,85,85,85,85,85,85,85,85,85,85],"card_choices":[{"not_picked":["Tempest","Hologram"],"picked":"Sunder","floor":1.0},{"not_picked":["Turbo","Storm"],"picked":"Conserve Battery","floor":5.0},{"not_picked":["Compile Driver","Barrage"],"picked":"Hologram","floor":8},{"not_picked":["Fusion","Compile Driver"],"picked":"Capacitor","floor":10}],"player_experience":1158214,"relics_obtained":[{"floor":8,"key":"Juzu Bracelet"},{"floor":9,"key":"Bag of Preparation"}],"event_choices":[{"cards_removed":["Strike_B"],"damage_healed":0.0,"max_hp_gain":0.0,"max_hp_loss":0.0,"gold_gain":0.0,"event_name":"Golden Wing","player_choice":"Card Removal","floor":2.0,"gold_loss":0.0,"damage_taken":7.0},{"damage_healed":0.0,"max_hp_gain":0.0,"max_hp_loss":0.0,"gold_gain":0.0,"event_name":"Scrap Ooze","player_choice":"Success","floor":3.0,"gold_loss":0.0,"damage_taken":18.0,"relics_obtained":["Mango"]},{"damage_healed":0.0,"max_hp_gain":0.0,"max_hp_loss":0.0,"gold_gain":0.0,"event_name":"The Cleric","player_choice":"Leave","floor":7.0,"gold_loss":0.0,"damage_taken":0.0}],"is_beta":true,"boss_relics":[],"items_purged_floors":[],"is_endless":false,"potions_floor_spawned":[1],"killed_by":"3 Sentries","ascension_level":20}