{"gold_per_floor":[112,126,144,144,194,229,229,260,260,260,277,293,293,310,310,386,386,399,412,431,14,14,14,45,45,102,102,113,113,133,133],"floor_reached":31,"playtime":1502,"items_purged":["Strike_R"],"score":634,"play_id":"b1603034-fe1b-4198-810f-ab02ae8b5f49","local_time":"20190318161136","is_ascension_mode":true,"campfire_choices":[{"data":"Wild Strike","floor":7,"key":"SMITH"},{"data":"Bash","floor":10,"key":"SMITH"},{"data":"Flex","floor":13,"key":"SMITH"},{"data":"Dark Embrace","floor":15,"key":"SMITH"},{"floor":23,"key":"REST"},{"data":"Demon Form","floor":29,"key":"SMITH"}],"neow_cost":"NONE","seed_source_timestamp":138060636049553,"circlet_count":0,"master_deck":["AscendersBane","Strike_R","Strike_R","Strike_R","Defend_R","Defend_R","Defend_R","Defend_R","Bash+1","Wild Strike+1","Reckless Charge","Flex+1","Burning Pact+1","Havoc+1","Dark Embrace+1","Demon Form+1","Flame Barrier+1","True Grit+1","Cleave","Apotheosis+1","Shame","Ghostly Armor+1","Ghostly Armor+1"],"relics":["Burning Blood","Red Skull","Toxic Egg 2","Oddly Smooth Stone","Potion Belt","Velvet Choker","Membership Card","Orichalcum","Pen Nib","Tiny Chest"],"potions_floor_usage":[6,6,11,16,16,18,20,24,24,30],"damage_taken":[{"damage":18,"enemies":"Cultist","floor":1,"turns":5},{"damage":6,"enemies":"2 Louse","floor":2,"turns":4},{"damage":2,"enemies":"Jaw Worm","floor":3,"turns":3},{"damage":26,"enemies":"Lagavulin","floor":6,"turns":6},{"damage":11,"enemies":"Gremlin Nob","floor":8,"turns":3},{"damage":0,"enemies":"Looter","floor":11,"turns":1},{"damage":8,"enemies":"Red Slaver","floor":12,"turns":2},{"damage":0,"enemies":"Blue Slaver","floor":14,"turns":1},{"damage":0,"enemies":"Hexaghost","floor":16,"turns":7},{"damage":33,"enemies":"Shell Parasite","floor":18,"turns":4},{"damage":18,"enemies":"3 Byrds","floor":19,"turns":6},{"damage":20,"enemies":"3 Cultists","floor":20,"turns":6},{"damage":38,"enemies":"Gremlin Leader","floor":24,"turns":6},{"damage":12,"enemies":"Centurion and Healer","floor":28,"turns":6},{"damage":18,"enemies":"Snecko","floor":30,"turns":9},{"damage":8,"enemies":"Snake Plant","floor":31,"turns":1}],"seed_played":"-2001546122355621822","potions_obtained":[{"floor":1,"key":"AttackPotion"},{"floor":3,"key":"Dexterity Potion"},{"floor":8,"key":"SteroidPotion"},{"floor":11,"key":"Weak Potion"},{"floor":12,"key":"EssenceOfSteel"},{"floor":14,"key":"BloodPotion"},{"floor":18,"key":"SteroidPotion"},{"floor":20,"key":"SpeedPotion"},{"floor":30,"key":"FearPotion"}],"is_trial":false,"path_per_floor":["M","M","M","?","?","E","R","E","T","R","M","M","R","M","R","B",null,"M","M","M","$","?","R","E","?","T","?","M","R","M","M"],"character_chosen":"IRONCLAD","items_purchased":["Membership Card","Apotheosis+1","BloodPotion","Energy Potion"],"campfire_rested":1,"item_purchase_floors":[21,21,21,21],"current_hp_per_floor":[63,63,67,41,41,21,21,16,16,16,22,20,20,26,26,32,70,51,39,25,25,25,49,25,25,25,25,19,19,7,0],"gold":133,"neow_bonus":"TEN_PERCENT_HP_BONUS","is_prod":false,"is_daily":false,"chose_seed":false,"campfire_upgraded":5,"win_rate":0,"timestamp":1552939896,"path_taken":["M","M","M","?","?","E","R","E","T","R","?","M","R","M","R","BOSS","M","M","M","$","?","R","E","?","T","?","M","R","M","?"],"build_version":"2019-01-23","purchased_purges":1,"victory":false,"max_hp_per_floor":[82,82,82,82,82,82,82,82,82,82,82,82,82,82,82,82,82,82,82,82,82,82,82,82,82,82,82,82,82,82,82],"card_choices":[{"not_picked":["Rage","Thunderclap"],"picked":"Wild Strike","floor":1},{"not_picked":["Rage","Fire Breathing"],"picked":"Reckless Charge","floor":2},{"not_picked":["Havoc","Thunderclap"],"picked":"Flex","floor":3},{"not_picked":["Bloodletting","Power Through"],"picked":"Burning Pact","floor":6},{"not_picked":["Burning Pact+1","Flex+1","Combust"],"picked":"SKIP","floor":8},{"not_picked":["Twin Strike","Pommel Strike"],"picked":"Havoc+1","floor":11},{"not_picked":["Blood for Blood","Wild Strike","Searing Blow"],"picked":"SKIP","floor":12},{"not_picked":["Twin Strike","Flame Barrier+1"],"picked":"Dark Embrace","floor":14},{"not_picked":["Double Tap+1","Limit Break+1"],"picked":"Demon Form","floor":16},{"not_picked":["Spot Weakness+1","Anger"],"picked":"Flame Barrier+1","floor":18},{"not_picked":["Body Slam","Havoc+1"],"picked":"True Grit+1","floor":19},{"not_picked":["Carnage","Thunderclap"],"picked":"Cleave","floor":20},{"not_picked":["Berserk","Flex+1","Sword Boomerang"],"picked":"SKIP","floor":24},{"not_picked":["Wild Strike","Iron Wave"],"picked":"Ghostly Armor+1","floor":28},{"not_picked":["Power Through+1","Wild Strike","Sword Boomerang"],"picked":"SKIP","floor":30}],"player_experience":1218356,"relics_obtained":[{"floor":6,"key":"Toxic Egg 2"},{"floor":8,"key":"Oddly Smooth Stone"},{"floor":9,"key":"Potion Belt"},{"floor":24,"key":"Orichalcum"},{"floor":26,"key":"Tiny Chest"}],"event_choices":[{"damage_healed":0,"gold_gain":0,"player_choice":"Success","damage_taken":26,"relics_obtained":["Red Skull"],"max_hp_gain":0,"max_hp_loss":0,"event_name":"Scrap Ooze","floor":4,"gold_loss":0},{"damage_healed":0,"gold_gain":50,"player_choice":"Pray","damage_taken":0,"max_hp_gain":0,"max_hp_loss":0,"event_name":"Golden Shrine","floor":5,"gold_loss":0},{"damage_healed":0,"gold_gain":0,"player_choice":"Ignored","damage_taken":0,"max_hp_gain":0,"max_hp_loss":0,"event_name":"Vampires","floor":22,"gold_loss":0},{"damage_healed":0,"gold_gain":0,"player_choice":"Stole Relic","damage_taken":0,"relics_obtained":["Pen Nib"],"max_hp_gain":0,"max_hp_loss":0,"event_name":"Addict","floor":25,"gold_loss":0,"cards_obtained":["Shame"]},{"damage_healed":0,"gold_gain":0,"cards_transformed":["Strike_R"],"player_choice":"Transformed","damage_taken":0,"max_hp_gain":0,"max_hp_loss":0,"event_name":"Transmorgrifier","floor":27,"gold_loss":0,"cards_obtained":["Ghostly Armor"]}],"is_beta":false,"boss_relics":[{"not_picked":["Black Blood","Runic Dome"],"picked":"Velvet Choker"}],"items_purged_floors":[21],"is_endless":false,"potions_floor_spawned":[1,3,8,11,12,14,18,20,30],"killed_by":"Snake Plant","ascension_level":20}