{"gold_per_floor":[99,99,99,99,99,99,59,59,59,59,59],"floor_reached":11,"playtime":323,"items_purged":[],"score":130,"play_id":"fc72629a-1359-488a-aac0-461bd2630bc8","local_time":"20190219151558","is_ascension_mode":true,"campfire_choices":[{"data":"Neutralize","floor":6,"key":"SMITH"},{"floor":10,"key":"REST"}],"neow_cost":"NONE","seed_source_timestamp":108343054812402,"circlet_count":0,"master_deck":["AscendersBane","Defend_G","Defend_G","Defend_G","Defend_G","Defend_G","Strike_G","Strike_G","Strike_G","Strike_G","Survivor","Neutralize+1","Cloak And Dagger","Flying Knee","Sucker Punch","Backflip","Crippling Poison"],"relics":["Ectoplasm","Shuriken"],"potions_floor_usage":[],"damage_taken":[{"damage":5,"enemies":"2 Louse","floor":1,"turns":2},{"damage":6,"enemies":"Cultist","floor":2,"turns":5},{"damage":3,"enemies":"Small Slimes","floor":5,"turns":3},{"damage":3,"enemies":"Exordium Thugs","floor":7,"turns":4},{"damage":29,"enemies":"Gremlin Gang","floor":8,"turns":5},{"damage":33,"enemies":"3 Sentries","floor":11,"turns":11}],"seed_played":"79679463074814008","potions_obtained":[{"floor":8,"key":"EssenceOfSteel"}],"is_trial":false,"path_per_floor":["M","M","?","$","M","R","M","M","T","R","E"],"character_chosen":"THE_SILENT","items_purchased":[],"campfire_rested":1,"item_purchase_floors":[],"current_hp_per_floor":[54,48,48,48,45,45,42,13,13,32,0],"gold":59,"neow_bonus":"BOSS_RELIC","is_prod":false,"is_daily":false,"chose_seed":false,"campfire_upgraded":1,"win_rate":0,"timestamp":1550614558,"path_taken":["M","M","?","?","M","R","M","M","T","R","E"],"build_version":"2019-02-06","purchased_purges":0,"victory":false,"max_hp_per_floor":[66,66,66,66,66,66,66,66,66,66,66],"card_choices":[{"not_picked":["Deadly Poison","Underhanded Strike"],"picked":"Cloak And Dagger","floor":1},{"not_picked":["Blade Dance","Bane"],"picked":"Flying Knee","floor":2},{"not_picked":["Prepared","Slice"],"picked":"Backflip","floor":5},{"not_picked":["Quick Slash","Deadly Poison"],"picked":"Crippling Poison","floor":7},{"not_picked":["Flying Knee","Slice","Calculated Gamble"],"picked":"SKIP","floor":8}],"player_experience":1118037,"relics_obtained":[{"floor":9,"key":"Shuriken"}],"event_choices":[{"damage_healed":0,"gold_gain":0,"cards_transformed":["Strike_G"],"player_choice":"Transformed","damage_taken":0,"max_hp_gain":0,"max_hp_loss":0,"event_name":"Transmorgrifier","floor":3,"gold_loss":0,"cards_obtained":["Sucker Punch"]}],"is_beta":true,"boss_relics":[],"items_purged_floors":[],"is_endless":false,"potions_floor_spawned":[8],"killed_by":"3 Sentries","ascension_level":20}