{"gold_per_floor":[119,136,147,147,97,97,124,124,124,124,140,152,152,480,480,579,579,589,602,602,602,702,702,713,713,738,738,57,85,97,123,123,223,223,233,249,249,265,265,290,309,309,309,309,332,20,20,49,49,49],"floor_reached":51,"playtime":3204,"items_purged":["Shame","Clumsy"],"score":1171,"play_id":"a13c396f-ff91-4f1c-9dcd-fcd0a438444a","local_time":"20190315043100","is_ascension_mode":true,"campfire_choices":[{"data":"Chill","floor":6,"key":"SMITH"},{"data":"Storm","floor":8,"key":"SMITH"},{"data":"Dualcast","floor":10,"key":"SMITH"},{"floor":15,"key":"REST"},{"data":"Self Repair","floor":23,"key":"SMITH"},{"data":"Lockon","floor":25,"key":"SMITH"},{"data":"Core Surge","floor":27,"key":"SMITH"},{"data":"Defend_B","floor":32,"key":"SMITH"},{"data":"Defend_B","floor":42,"key":"SMITH"},{"data":"Capacitor","floor":47,"key":"SMITH"},{"floor":49,"key":"REST"}],"neow_cost":"NONE","seed_source_timestamp":146171627451583,"circlet_count":0,"master_deck":["Strike_B+1","Defend_B+1","Defend_B+1","Zap+1","Dualcast+1","Chill+1","Sweeping Beam+1","Cold Snap+1","Storm+1","Ball Lightning+1","Lockon+1","Self Repair+1","Auto Shields+1","Core Surge+1","Hologram+1","Chaos+1","Fission+1","Chaos+1","Secret Weapon+1","Go for the Eyes+1","Undo+1","Amplify+1","Defragment+1","Steam+1","Compile Driver+1","Clumsy","Madness+1","Madness+1","Capacitor+1","Coolheaded+1","Bandage Up+1","Aggregate+1","Chill+1"],"relics":["Cracked Core","Pocketwatch","Toxic Egg 2","Old Coin","Cursed Key","Nilry\u0027s Codex","Ginger","Darkstone Periapt","Happy Flower","MealTicket","Strawberry","Anchor","Whetstone","Busted Crown","Vajra","Blood Vial","Dream Catcher","Bottled Tornado"],"potions_floor_usage":[7,14,22,22,29,31,33,50,50,50],"damage_taken":[{"damage":0,"enemies":"2 Louse","floor":1,"turns":2},{"damage":2,"enemies":"Jaw Worm","floor":2,"turns":4},{"damage":0,"enemies":"Cultist","floor":3,"turns":3},{"damage":12,"enemies":"Gremlin Nob","floor":7,"turns":3},{"damage":0,"enemies":"3 Louse","floor":11,"turns":3},{"damage":11,"enemies":"Blue Slaver","floor":12,"turns":3},{"damage":16,"enemies":"Lagavulin","floor":14,"turns":4},{"damage":21,"enemies":"The Guardian","floor":16,"turns":9},{"damage":5,"enemies":"Chosen","floor":18,"turns":4},{"damage":8,"enemies":"3 Byrds","floor":19,"turns":6},{"damage":0,"enemies":"Colosseum Slavers","floor":22,"turns":4},{"damage":21,"enemies":"Colosseum Nobs","floor":22,"turns":5},{"damage":7,"enemies":"Snecko","floor":24,"turns":4},{"damage":8,"enemies":"Gremlin Leader","floor":29,"turns":6},{"damage":0,"enemies":"Snake Plant","floor":30,"turns":4},{"damage":0,"enemies":"Slavers","floor":31,"turns":5},{"damage":44,"enemies":"Automaton","floor":33,"turns":9},{"damage":14,"enemies":"3 Darklings","floor":35,"turns":8},{"damage":0,"enemies":"Orb Walker","floor":36,"turns":2},{"damage":21,"enemies":"Jaw Worm Horde","floor":38,"turns":5},{"damage":0,"enemies":"Reptomancer","floor":40,"turns":4},{"damage":5,"enemies":"Maw","floor":41,"turns":4},{"damage":0,"enemies":"Giant Head","floor":48,"turns":6},{"damage":9,"enemies":"Donu and Deca","floor":50,"turns":8}],"seed_played":"4655128521431879321","potions_obtained":[{"floor":3,"key":"FearPotion"},{"floor":12,"key":"FearPotion"},{"floor":16,"key":"Block Potion"},{"floor":19,"key":"Swift Potion"},{"floor":24,"key":"EssenceOfSteel"},{"floor":29,"key":"GamblersBrew"},{"floor":30,"key":"Strength Potion"},{"floor":35,"key":"FocusPotion"},{"floor":36,"key":"FocusPotion"},{"floor":48,"key":"Strength Potion"}],"is_trial":false,"path_per_floor":["M","M","M","?","?","R","E","R","T","R","M","M","?","E","R","B",null,"M","M","?","?","?","R","M","R","T","R","$","E","M","E","R","B",null,"M","M","?","M","?","E","M","R","T","?","T","$","R","E","R","B",null],"character_chosen":"DEFECT","items_purchased":["MealTicket","Strawberry","Chaos+1","Secret Weapon+1","Capacitor","Coolheaded+1","Bandage Up+1"],"campfire_rested":2,"item_purchase_floors":[28,28,28,28,46,46,46],"current_hp_per_floor":[68,66,66,51,51,51,39,39,39,39,39,28,28,19,41,27,63,65,64,64,48,41,41,44,44,50,50,57,59,69,79,79,45,77,73,83,83,72,72,82,88,88,94,82,88,100,100,100,100,100],"gold":49,"neow_bonus":"UPGRADE_CARD","is_prod":false,"is_daily":false,"chose_seed":false,"campfire_upgraded":9,"win_rate":0,"timestamp":1552638660,"path_taken":["M","M","M","?","?","R","E","R","T","R","M","M","?","E","R","BOSS","M","M","?","?","?","R","M","R","T","R","$","E","M","E","R","BOSS","M","M","?","?","?","E","M","R","T","?","?","$","R","E","R","BOSS"],"build_version":"2019-01-23","purchased_purges":2,"victory":true,"max_hp_per_floor":[75,75,75,75,75,75,75,75,75,75,75,75,75,75,75,75,75,75,75,75,75,75,75,75,75,81,81,88,88,88,88,88,88,88,88,88,88,88,88,88,88,88,94,94,100,100,100,100,100,100],"card_choices":[{"not_picked":["Steam","Genetic Algorithm"],"picked":"Chill","floor":1},{"not_picked":["Stack","Streamline"],"picked":"Sweeping Beam","floor":2},{"not_picked":["Conserve Battery","Stack"],"picked":"Cold Snap","floor":3},{"not_picked":["Static Discharge","Turbo"],"picked":"Storm","floor":7},{"not_picked":["Redo+1","Reprogram+1"],"picked":"Ball Lightning","floor":11},{"not_picked":["Rebound","Sweeping Beam"],"picked":"Lockon","floor":12},{"not_picked":["Self Repair","Chill+1"],"picked":"Auto Shields+1","floor":14},{"not_picked":["Reboot+1","All For One"],"picked":"Core Surge","floor":16},{"not_picked":["Barrage","Stack+1"],"picked":"Hologram+1","floor":18},{"not_picked":["Rebound","Streamline+1"],"picked":"Chaos+1","floor":19},{"not_picked":["Conserve Battery+1","Ball Lightning"],"picked":"Fission+1","floor":22},{"not_picked":["Go for the Eyes","Turbo+1","Beam Cell+1"],"picked":"SKIP","floor":24},{"not_picked":["Loop","Beam Cell+1"],"picked":"Go for the Eyes+1","floor":29},{"not_picked":["Conserve Battery+1","Barrage","Turbo+1"],"picked":"SKIP","floor":30},{"not_picked":["Force Field+1","Heatsinks"],"picked":"Undo+1","floor":31},{"not_picked":["Electrodynamics","Core Surge"],"picked":"Amplify+1","floor":33},{"not_picked":[],"picked":"Defragment+1","floor":35},{"not_picked":["Compile Driver"],"picked":"SKIP","floor":36},{"not_picked":["Barrage"],"picked":"SKIP","floor":38},{"not_picked":[],"picked":"Steam+1","floor":40},{"not_picked":[],"picked":"Compile Driver+1","floor":41},{"not_picked":[],"picked":"Aggregate+1","floor":48},{"not_picked":[],"picked":"Chill+1","floor":49}],"player_experience":1132859,"relics_obtained":[{"floor":7,"key":"Pocketwatch"},{"floor":9,"key":"Toxic Egg 2"},{"floor":14,"key":"Old Coin"},{"floor":21,"key":"Nilry\u0027s Codex"},{"floor":22,"key":"Ginger"},{"floor":22,"key":"Darkstone Periapt"},{"floor":26,"key":"Happy Flower"},{"floor":29,"key":"Anchor"},{"floor":31,"key":"Whetstone"},{"floor":40,"key":"Vajra"},{"floor":43,"key":"Blood Vial"},{"floor":45,"key":"Dream Catcher"},{"floor":48,"key":"Bottled Tornado"}],"event_choices":[{"damage_healed":0,"gold_gain":0,"player_choice":"Entered Light","damage_taken":15,"max_hp_gain":0,"max_hp_loss":0,"event_name":"Shining Light","floor":4,"gold_loss":0,"cards_upgraded":["Sweeping Beam","Strike_B"]},{"cards_removed":["Strike_B"],"damage_healed":0,"gold_gain":0,"player_choice":"Card Removal","damage_taken":0,"max_hp_gain":0,"max_hp_loss":0,"event_name":"The Cleric","floor":5,"gold_loss":50},{"damage_healed":0,"gold_gain":0,"cards_transformed":["Strike_B"],"player_choice":"Change","damage_taken":0,"max_hp_gain":0,"max_hp_loss":0,"event_name":"Living Wall","floor":13,"gold_loss":0,"cards_obtained":["Self Repair"]},{"cards_removed":["Strike_B"],"damage_healed":0,"gold_gain":0,"player_choice":"Elegance","damage_taken":0,"max_hp_gain":0,"max_hp_loss":0,"event_name":"Back to Basics","floor":20,"gold_loss":0},{"damage_healed":0,"gold_gain":0,"player_choice":"Obtained Book","damage_taken":16,"max_hp_gain":0,"max_hp_loss":0,"event_name":"Cursed Tome","floor":21,"gold_loss":0},{"damage_healed":0,"gold_gain":0,"player_choice":"Fight","damage_taken":0,"max_hp_gain":0,"max_hp_loss":0,"event_name":"Colosseum","floor":22,"gold_loss":0},{"damage_healed":0,"gold_gain":0,"player_choice":"Fought Nobs","damage_taken":0,"max_hp_gain":0,"max_hp_loss":0,"event_name":"Colosseum","floor":22,"gold_loss":0},{"cards_removed":["Defend_B"],"damage_healed":0,"gold_gain":0,"player_choice":"Offered Basic","damage_taken":0,"max_hp_gain":0,"max_hp_loss":0,"event_name":"Bonfire Elementals","floor":37,"gold_loss":0},{"cards_removed":["Defend_B"],"damage_healed":0,"gold_gain":0,"player_choice":"Removed Skill","damage_taken":0,"max_hp_gain":0,"max_hp_loss":0,"event_name":"Falling","floor":39,"gold_loss":0},{"damage_healed":0,"gold_gain":0,"player_choice":"Embrace Madness","damage_taken":12,"max_hp_gain":0,"max_hp_loss":0,"event_name":"Winding Halls","floor":44,"gold_loss":0,"cards_obtained":["Madness","Madness"]}],"is_beta":false,"boss_relics":[{"not_picked":["Tiny House","Runic Pyramid"],"picked":"Cursed Key"},{"not_picked":["White Beast Statue","Runic Dome"],"picked":"Busted Crown"}],"items_purged_floors":[28,46],"is_endless":false,"potions_floor_spawned":[3,12,16,19,24,29,30,35,36,48],"ascension_level":8}