{"gold_per_floor":[111,36,36,36,36,65,65,65,65,65,76,94,94,106,106,183,183,199,219,245,260,260,260],"floor_reached":23,"playtime":672,"items_purged":[],"score":331,"play_id":"2369cc80-6aff-4c50-9cd5-8c9011bb4d1c","local_time":"20180814120137","is_ascension_mode":true,"campfire_choices":[{"data":"Neutralize","floor":7,"key":"SMITH"},{"data":"Poisoned Stab","floor":10,"key":"SMITH"},{"data":"Defend_G","floor":13,"key":"SMITH"},{"data":"Backflip","floor":15,"key":"SMITH"}],"neow_cost":"","seed_source_timestamp":178249871559909,"circlet_count":0,"master_deck":["Defend_G+1","Defend_G+1","Defend_G+1","Defend_G+1","Defend_G+1","Strike_G+1","Strike_G+1","Strike_G+1","Strike_G+1","Survivor","Neutralize+1","AscendersBane","Infinite Blades","Poisoned Stab+1","Backflip+1","Noxious Fumes+1","Deflect","Dodge and Roll","Sucker Punch","After Image+1"],"relics":["Ring of the Snake","Kunai","Frozen Egg 2","Question Card","Runic Dome","Red Mask"],"potions_floor_usage":[6,20,21],"damage_taken":[{"damage":0,"enemies":"Jaw Worm","floor":1,"turns":6},{"damage":36,"enemies":"3 Sentries","floor":6,"turns":12},{"damage":0,"enemies":"Small Slimes","floor":11,"turns":4},{"damage":0,"enemies":"2 Louse","floor":12,"turns":3},{"damage":0,"enemies":"2 Fungi Beasts","floor":14,"turns":4},{"damage":19,"enemies":"The Guardian","floor":16,"turns":10},{"damage":3,"enemies":"3 Byrds","floor":18,"turns":6},{"damage":3,"enemies":"Spheric Guardian","floor":19,"turns":5},{"damage":28,"floor":20,"turns":5},{"damage":5,"enemies":"3 Cultists","floor":21,"turns":8},{"damage":24,"enemies":"Slavers","floor":23,"turns":3}],"seed_played":"1034776451625654988","potions_obtained":[{"floor":1,"key":"Regen Potion"},{"floor":6,"key":"Block Potion"},{"floor":14,"key":"EssenceOfSteel"}],"is_trial":false,"path_per_floor":["M","?","?","$","?","E","R","$","T","R","M","M","R","M","R","B",null,"M","M","?","M","?"],"character_chosen":"THE_SILENT","items_purchased":[],"campfire_rested":0,"item_purchase_floors":[],"current_hp_per_floor":[59,59,54,54,59,38,38,38,38,38,38,38,38,38,38,19,58,55,52,24,19,19,0],"gold":260,"neow_bonus":"","is_prod":false,"is_daily":false,"chose_seed":false,"campfire_upgraded":4,"win_rate":0,"timestamp":1534273297,"path_taken":["M","?","?","$","?","E","R","$","T","R","M","M","R","M","R","BOSS","M","?","?","M","?","E"],"build_version":"2018-08-13v2","purchased_purges":0,"victory":false,"max_hp_per_floor":[66,66,66,66,71,71,71,71,71,71,71,71,71,71,71,71,71,71,71,71,71,71,71],"card_choices":[{"not_picked":["Well Laid Plans","Prepared"],"picked":"Infinite Blades","floor":1},{"not_picked":["Escape Plan","Catalyst"],"picked":"Poisoned Stab","floor":6},{"not_picked":["Flying Knee","Quick Slash","Poisoned Stab"],"picked":"Backflip","floor":11},{"not_picked":["Bouncing Flask","Bane","Distraction"],"picked":"Noxious Fumes+1","floor":12},{"not_picked":["Heel Hook","Accuracy+1","Blade Dance"],"picked":"Deflect","floor":14},{"not_picked":["Underhanded Strike+1","PiercingWail","Acrobatics"],"picked":"Dodge and Roll","floor":18},{"not_picked":["Heel Hook","Accuracy+1","Underhanded Strike"],"picked":"Sucker Punch","floor":19},{"not_picked":["Flying Knee+1","Blur","Dagger Spray"],"picked":"After Image+1","floor":20},{"not_picked":["Distraction","Eviscerate","Dagger Throw","Outmaneuver"],"picked":"SKIP","floor":21}],"player_experience":879564,"relics_obtained":[{"floor":6,"key":"Frozen Egg 2"},{"floor":9,"key":"Question Card"},{"floor":20,"key":"Red Mask"}],"event_choices":[{"event_name":"The Cleric","player_choice":"Card Removal","floor":2,"damage_taken":0},{"event_name":"Scrap Ooze","player_choice":"success","floor":3,"damage_taken":5},{"event_name":"Big Fish","player_choice":"Donut","floor":5,"damage_taken":0},{"event_name":"Masked Bandits","player_choice":"Fought Bandits","floor":20,"damage_taken":0},{"event_name":"Back to Basics","player_choice":"Simplicity","floor":22,"damage_taken":0}],"is_beta":true,"boss_relics":[{"not_picked":["White Beast Statue","Snecko Eye"],"picked":"Runic Dome"}],"items_purged_floors":[],"is_endless":false,"potions_floor_spawned":[1,6,14,19],"killed_by":"Slavers","ascension_level":15}