{"gold_per_floor":[15,15,32,32,44,73,73,85,85,42,42,53,86,97,97,171,171,181,191,191],"floor_reached":20,"playtime":1111,"items_purged":[],"score":372,"play_id":"48da55ca-e742-442a-91c6-d44ca7ba6b6e","local_time":"20190408004925","is_ascension_mode":true,"campfire_choices":[{"floor":7.0,"key":"REST"},{"data":"Footwork","floor":11,"key":"SMITH"},{"data":"Bouncing Flask","floor":15,"key":"SMITH"}],"neow_cost":"NO_GOLD","seed_source_timestamp":0,"circlet_count":0,"master_deck":["AscendersBane","Defend_G","Defend_G","Defend_G","Defend_G","Defend_G","Strike_G","Strike_G","Strike_G","Strike_G","Survivor","Neutralize","Noxious Fumes+1","Dash","All Out Attack","Dash","Cloak And Dagger","Blur","Night Terror","Footwork+1","After Image","Bouncing Flask+1","A Thousand Cuts","Backflip","Dagger Throw+1","PiercingWail"],"special_seed":0,"relics":["Ring of the Snake","Prayer Wheel","Ginger","Kunai","Busted Crown"],"potions_floor_usage":[16,20],"damage_taken":[{"damage":0.0,"enemies":"Cultist","floor":1.0,"turns":4.0},{"damage":4.0,"enemies":"2 Louse","floor":3.0,"turns":2.0},{"damage":0.0,"enemies":"Jaw Worm","floor":5.0,"turns":5.0},{"damage":36.0,"enemies":"Gremlin Nob","floor":6.0,"turns":5.0},{"damage":3.0,"enemies":"Large Slime","floor":8.0,"turns":6.0},{"damage":8,"enemies":"Exordium Thugs","floor":12,"turns":4},{"damage":12,"enemies":"3 Sentries","floor":13,"turns":8},{"damage":0,"enemies":"Looter","floor":14,"turns":3},{"damage":5,"enemies":"Slime Boss","floor":16,"turns":13},{"damage":31,"enemies":"3 Byrds","floor":18,"turns":5},{"damage":3,"enemies":"Spheric Guardian","floor":19,"turns":6},{"damage":32,"enemies":"Masked Bandits","floor":20,"turns":3}],"seed_played":"6569472877855493329","potions_obtained":[{"floor":1.0,"key":"Regen Potion"},{"floor":6.0,"key":"SpeedPotion"},{"floor":12,"key":"SteroidPotion"}],"is_trial":false,"path_per_floor":["M","?","M","?","M","E","R","M","T","$","R","M","E","M","R","B",null,"M","M","?"],"character_chosen":"THE_SILENT","items_purchased":["Footwork"],"campfire_rested":1,"item_purchase_floors":[10],"current_hp_per_floor":[59,59,55,55,55,19,38,50,50,50,50,42,30,30,30,25,56,25,22,0],"gold":191,"neow_bonus":"ONE_RARE_RELIC","is_prod":false,"is_daily":false,"chose_seed":false,"campfire_upgraded":2,"win_rate":0,"timestamp":1554698965,"path_taken":["M","?","?","?","M","E","R","M","T","$","R","M","E","M","R","BOSS","M","M","?"],"build_version":"2019-01-23","purchased_purges":0,"victory":false,"max_hp_per_floor":[66,66,66,66,66,66,66,66,66,66,66,66,66,66,66,66,66,66,66,66],"card_choices":[{"not_picked":["Expertise","Poisoned Stab"],"picked":"Noxious Fumes","floor":1.0},{"not_picked":["Bane","PiercingWail"],"picked":"Dash","floor":1.0},{"not_picked":["Sucker Punch","Slice","Infinite Blades"],"picked":"SKIP","floor":3.0},{"not_picked":["Flying Knee","Slice","Riddle With Holes"],"picked":"SKIP","floor":3.0},{"not_picked":["Acrobatics","Blade Dance"],"picked":"Dash","floor":5.0},{"not_picked":["Slice","Deadly Poison"],"picked":"Cloak And Dagger","floor":5.0},{"not_picked":["Deflect","Underhanded Strike"],"picked":"Blur","floor":6.0},{"not_picked":["Prepared","Underhanded Strike"],"picked":"Night Terror","floor":8.0},{"not_picked":["Cloak And Dagger","Blade Dance","Skewer"],"picked":"SKIP","floor":8.0},{"not_picked":["Reflex","Outmaneuver","Dagger Throw"],"picked":"SKIP","floor":12},{"not_picked":["Bane","Distraction","Poisoned Stab"],"picked":"SKIP","floor":12},{"not_picked":["Backflip","Distraction"],"picked":"After Image","floor":13},{"not_picked":["Reflex","Acrobatics"],"picked":"Bouncing Flask","floor":14},{"not_picked":["Terror","Bane","Skewer"],"picked":"SKIP","floor":14},{"not_picked":["Doppelganger","Storm of Steel"],"picked":"A Thousand Cuts","floor":16},{"not_picked":[],"picked":"Backflip","floor":18},{"not_picked":[],"picked":"Dagger Throw+1","floor":18},{"not_picked":[],"picked":"PiercingWail","floor":19},{"not_picked":["Slice"],"picked":"SKIP","floor":19}],"player_experience":1715050,"relics_obtained":[{"floor":6.0,"key":"Ginger"},{"floor":13,"key":"Kunai"}],"event_choices":[{"damage_healed":0.0,"max_hp_gain":0.0,"max_hp_loss":0.0,"gold_gain":0.0,"cards_transformed":["Strike_G"],"event_name":"Transmorgrifier","player_choice":"Transformed","floor":2.0,"gold_loss":0.0,"damage_taken":0.0,"cards_obtained":["All Out Attack"]},{"damage_healed":0.0,"max_hp_gain":0.0,"max_hp_loss":0.0,"gold_gain":0.0,"event_name":"Living Wall","player_choice":"Grow","floor":4.0,"gold_loss":0.0,"damage_taken":0.0,"cards_upgraded":["Noxious Fumes"]},{"damage_healed":0,"gold_gain":0,"player_choice":"Fought Bandits","damage_taken":0,"max_hp_gain":0,"max_hp_loss":0,"event_name":"Masked Bandits","floor":20,"gold_loss":0}],"is_beta":false,"boss_relics":[{"not_picked":["Astrolabe","Empty Cage"],"picked":"Busted Crown"}],"items_purged_floors":[],"is_endless":false,"potions_floor_spawned":[1,6,12],"killed_by":"Masked Bandits","ascension_level":20}