{"gold_per_floor":[117,131,151,168,187,187,200,200,227,227,239,251,251,251],"floor_reached":14,"playtime":537,"items_purged":[],"score":168,"play_id":"afde68bd-5253-4938-aa64-667939a6c5ba","local_time":"20190326201252","is_ascension_mode":true,"campfire_choices":[{"data":"Zap","floor":6,"key":"SMITH"},{"data":"Go for the Eyes","floor":8,"key":"SMITH"},{"data":"Defragment","floor":10,"key":"SMITH"},{"data":"Sunder","floor":13,"key":"SMITH"}],"neow_cost":"NONE","seed_source_timestamp":844811988123235,"circlet_count":0,"master_deck":["AscendersBane","Strike_B","Strike_B","Strike_B","Strike_B","Defend_B","Defend_B","Defend_B","Defend_B","Zap+1","Dualcast","Cold Snap","Defragment+1","Genetic Algorithm","Go for the Eyes+1","Stack","Melter","Sunder+1","Double Energy"],"relics":["Cracked Core","Bag of Preparation"],"potions_floor_usage":[3],"damage_taken":[{"damage":0,"enemies":"Cultist","floor":1,"turns":3},{"damage":12,"enemies":"Small Slimes","floor":2,"turns":3},{"damage":6,"enemies":"Jaw Worm","floor":3,"turns":4},{"damage":20,"enemies":"Red Slaver","floor":4,"turns":4},{"damage":2,"enemies":"Looter","floor":5,"turns":4},{"damage":6,"enemies":"Large Slime","floor":7,"turns":4},{"damage":2,"enemies":"2 Fungi Beasts","floor":11,"turns":3},{"damage":6,"enemies":"3 Louse","floor":12,"turns":2},{"damage":28,"enemies":"Gremlin Nob","floor":14,"turns":3}],"seed_played":"3973904807999511757","potions_obtained":[{"floor":2,"key":"SneckoOil"},{"floor":4,"key":"LiquidBronze"},{"floor":12,"key":"Ancient Potion"}],"is_trial":false,"path_per_floor":["M","M","M","M","M","R","M","R","T","R","M","M","R","E"],"character_chosen":"DEFECT","items_purchased":[],"campfire_rested":0,"item_purchase_floors":[],"current_hp_per_floor":[71,59,53,33,31,31,25,25,25,25,23,17,17,0],"gold":251,"neow_bonus":"TEN_PERCENT_HP_BONUS","is_prod":false,"is_daily":false,"chose_seed":false,"campfire_upgraded":4,"win_rate":0,"timestamp":1553645572,"path_taken":["M","M","?","M","M","R","M","R","T","R","?","M","R","E"],"build_version":"2019-01-23","purchased_purges":0,"victory":false,"max_hp_per_floor":[78,78,78,78,78,78,78,78,78,78,78,78,78,78],"card_choices":[{"not_picked":["Go for the Eyes","Ball Lightning"],"picked":"Cold Snap","floor":1},{"not_picked":["Double Energy","Streamline"],"picked":"Defragment","floor":2},{"not_picked":["Steam","Redo"],"picked":"Genetic Algorithm","floor":3},{"not_picked":["Undo","Coolheaded"],"picked":"Go for the Eyes","floor":4},{"not_picked":["Blizzard","Scrape"],"picked":"Stack","floor":5},{"not_picked":["Melter","Stack","Rebound"],"picked":"SKIP","floor":7},{"not_picked":["Stack","Rebound"],"picked":"Melter","floor":7},{"not_picked":["Melter","Beam Cell"],"picked":"Sunder","floor":11},{"not_picked":["Redo","Rebound"],"picked":"Double Energy","floor":12}],"player_experience":1437231,"relics_obtained":[{"floor":9,"key":"Bag of Preparation"}],"event_choices":[],"is_beta":false,"boss_relics":[],"items_purged_floors":[],"is_endless":false,"potions_floor_spawned":[2,4,12],"killed_by":"Gremlin Nob","ascension_level":19}