{"gold_per_floor":[115,115,65,65,83,148,163,163,187,201,201,216,141,159,159,231,231,243,258,106,106,124,124,135,135,135,47,47,47,0,29,29,108,108,124,142,42,42,52,52,52,85,133,133,152,152,171,186,186,186,186,186,23,57,57],"floor_reached":56,"playtime":2871,"items_purged":["Strike_R","Strike_R"],"score":1944,"play_id":"1b69bd24-c71f-42c4-a92c-add75ccfd66f","local_time":"20181226141124","is_ascension_mode":true,"campfire_choices":[{"data":"True Grit","floor":8.0,"key":"SMITH"},{"data":"True Grit","floor":11.0,"key":"SMITH"},{"floor":15.0,"key":"REST"},{"floor":23.0,"key":"REST"},{"data":"Feel No Pain","floor":25.0,"key":"SMITH"},{"data":"True Grit","floor":28.0,"key":"SMITH"},{"floor":32.0,"key":"REST"},{"floor":40.0,"key":"REST"},{"floor":46.0,"key":"RECALL"},{"floor":49,"key":"REST"},{"floor":52,"key":"REST"}],"neow_cost":"NONE","seed_source_timestamp":269142668257963,"circlet_count":0,"master_deck":["AscendersBane","Strike_R","Strike_R","Defend_R","Defend_R","Defend_R","Defend_R","Bash+1","True Grit+1","Warcry","Clothesline","True Grit+1","Armaments","Flame Barrier","Juggernaut","Warcry+1","Metallicize","Corruption","Body Slam","Feel No Pain+1","True Grit+1","Disarm","Impervious","Warcry+1","Shrug It Off","Metallicize"],"special_seed":0,"relics":["Burning Blood","Bag of Marbles","Tiny Chest","Art of War","Mark of Pain","Dead Branch","Ornamental Fan","Lizard Tail","Ancient Tea Set","Bottled Flame"],"potions_floor_usage":[50,55,55],"damage_taken":[{"damage":7.0,"enemies":"2 Louse","floor":1.0,"turns":4.0},{"damage":0.0,"enemies":"Jaw Worm","floor":5.0,"turns":4.0},{"damage":20.0,"enemies":"3 Sentries","floor":6.0,"turns":7.0},{"damage":0.0,"enemies":"Cultist","floor":7.0,"turns":3.0},{"damage":8.0,"enemies":"Looter","floor":10.0,"turns":2.0},{"damage":4.0,"enemies":"Blue Slaver","floor":12.0,"turns":3.0},{"damage":14.0,"enemies":"Exordium Thugs","floor":14.0,"turns":6.0},{"damage":59.0,"enemies":"Hexaghost","floor":16.0,"turns":17.0},{"damage":19.0,"enemies":"3 Byrds","floor":18.0,"turns":4.0},{"damage":9.0,"enemies":"Shell Parasite","floor":19.0,"turns":9.0},{"damage":36.0,"enemies":"Cultist and Chosen","floor":22.0,"turns":9.0},{"damage":3.0,"enemies":"Snecko","floor":24.0,"turns":5.0},{"damage":26.0,"enemies":"Slavers","floor":31.0,"turns":5.0},{"damage":6.0,"enemies":"Collector","floor":33.0,"turns":8.0},{"damage":0.0,"enemies":"Orb Walker","floor":35.0,"turns":4.0},{"damage":26.0,"enemies":"3 Darklings","floor":36.0,"turns":6.0},{"damage":16.0,"enemies":"Spire Growth","floor":39.0,"turns":4.0},{"damage":29.0,"enemies":"Giant Head","floor":42.0,"turns":10.0},{"damage":6.0,"enemies":"Writhing Mass","floor":45.0,"turns":8.0},{"damage":11.0,"enemies":"Jaw Worm Horde","floor":47.0,"turns":6.0},{"damage":0,"enemies":"Transient","floor":48,"turns":5},{"damage":45,"enemies":"Awakened One","floor":50,"turns":14},{"damage":42,"enemies":"Shield and Spear","floor":54,"turns":8},{"damage":50,"enemies":"The Heart","floor":55,"turns":11}],"seed_played":"-4094459265902399654","potions_obtained":[{"floor":1.0,"key":"Strength Potion"},{"floor":5.0,"key":"SkillPotion"},{"floor":14.0,"key":"SteroidPotion"},{"floor":16.0,"key":"EssenceOfSteel"},{"floor":18.0,"key":"BloodPotion"},{"floor":24.0,"key":"Explosive Potion"},{"floor":42.0,"key":"Explosive Potion"}],"is_trial":false,"path_per_floor":["M","?","$","?","M","E","M","R","T","M","R","M","?","M","R","B",null,"M","M","$","?","M","R","M","R","T","$","?","?","E","R","B",null,"M","M","$","?","M","R","$","E","T","?","M","R","M","R","B",null,"R","$","E","B",null],"character_chosen":"IRONCLAD","items_purchased":["True Grit","Corruption","Disarm","Metallicize","GamblersBrew"],"campfire_rested":6,"item_purchase_floors":[3,20,27,53,53],"current_hp_per_floor":[67,67,67,49,55,41,47,47,47,45,45,47,47,39,61,8,58,45,42,42,42,19,41,44,44,44,44,44,44,44,24,46,46,68,74,54,54,54,44,66,66,43,43,43,43,43,38,44,65,26,60,71,71,35,29],"gold":57,"neow_bonus":"UPGRADE_CARD","is_prod":false,"is_daily":false,"chose_seed":false,"campfire_upgraded":4,"win_rate":0,"timestamp":1545858684,"path_taken":["M","?","$","?","M","E","?","R","T","?","R","M","?","M","R","BOSS","M","M","$","?","M","R","M","R","T","?","R","?","?","E","R","BOSS","M","M","$","?","M","R","$","E","T","?","?","R","?","M","R","BOSS","R","$","E","BOSS"],"build_version":"2018-12-25","purchased_purges":2,"victory":true,"max_hp_per_floor":[75,75,75,75,75,75,75,75,75,75,75,75,75,75,75,75,75,75,75,75,75,75,75,75,75,75,75,75,75,75,75,75,75,75,75,75,75,75,75,75,75,75,75,71,71,71,71,71,71,71,71,71,71,71,71],"card_choices":[{"not_picked":["Fire Breathing","Searing Blow"],"picked":"Pommel Strike","floor":1.0},{"not_picked":["Twin Strike","Headbutt"],"picked":"Warcry","floor":5.0},{"not_picked":["Exhume","Havoc"],"picked":"Clothesline","floor":6.0},{"not_picked":["Heavy Blade","Spot Weakness"],"picked":"True Grit","floor":7.0},{"not_picked":["Rupture","Rampage","Whirlwind"],"picked":"SKIP","floor":10.0},{"not_picked":["Dual Wield","Headbutt"],"picked":"Armaments","floor":12.0},{"not_picked":["Fire Breathing","Pommel Strike"],"picked":"Flame Barrier","floor":14.0},{"not_picked":["Impervious","Bludgeon"],"picked":"Juggernaut","floor":16.0},{"not_picked":["Pommel Strike","Cleave"],"picked":"Warcry+1","floor":18.0},{"not_picked":["True Grit","Armaments"],"picked":"Metallicize","floor":19.0},{"not_picked":["True Grit","Power Through+1"],"picked":"Feel No Pain","floor":22.0},{"not_picked":["Combust","Warcry"],"picked":"True Grit","floor":24.0},{"not_picked":["Sword Boomerang","Twin Strike","Blood for Blood+1"],"picked":"SKIP","floor":31.0},{"not_picked":["Exhume","Reaper"],"picked":"Impervious","floor":33.0},{"not_picked":["Cleave","Reckless Charge"],"picked":"Warcry+1","floor":35.0},{"not_picked":["Pommel Strike","Clothesline","Sever Soul"],"picked":"SKIP","floor":36.0},{"not_picked":["Seeing Red","Headbutt","Clash"],"picked":"SKIP","floor":39.0},{"not_picked":["Sword Boomerang","Pommel Strike","Anger"],"picked":"SKIP","floor":42.0},{"not_picked":["Cleave","Reckless Charge","Iron Wave+1"],"picked":"SKIP","floor":45.0},{"not_picked":["Headbutt","Juggernaut"],"picked":"Shrug It Off","floor":47.0},{"not_picked":["Rage","Heavy Blade","Seeing Red"],"picked":"SKIP","floor":48},{"not_picked":["Heavy Blade","Body Slam","Combust"],"picked":"SKIP","floor":54}],"player_experience":1000016,"relics_obtained":[{"floor":6.0,"key":"Tiny Chest"},{"floor":9.0,"key":"Art of War"},{"floor":26.0,"key":"Dead Branch"},{"floor":31.0,"key":"Ornamental Fan"},{"floor":42.0,"key":"Ancient Tea Set"},{"floor":54,"key":"Bottled Flame"}],"event_choices":[{"damage_healed":0.0,"max_hp_gain":0.0,"max_hp_loss":0.0,"gold_gain":0.0,"event_name":"Liars Game","player_choice":"Ignored","floor":2.0,"gold_loss":0.0,"damage_taken":0.0},{"damage_healed":0.0,"max_hp_gain":0.0,"max_hp_loss":0.0,"gold_gain":0.0,"event_name":"Scrap Ooze","player_choice":"Success","floor":4.0,"gold_loss":0.0,"damage_taken":18.0,"relics_obtained":["Bag of Marbles"]},{"cards_removed":["Strike_R"],"damage_healed":0.0,"max_hp_gain":0.0,"max_hp_loss":0.0,"gold_gain":0.0,"event_name":"The Cleric","player_choice":"Card Removal","floor":13.0,"gold_loss":75.0,"damage_taken":0.0},{"damage_healed":0.0,"max_hp_gain":0.0,"max_hp_loss":0.0,"gold_gain":0.0,"event_name":"Match and Keep!","player_choice":"1 cards matched","floor":21.0,"gold_loss":0.0,"damage_taken":0.0,"cards_obtained":["Body Slam"]},{"damage_healed":0.0,"max_hp_gain":0.0,"max_hp_loss":0.0,"gold_gain":0.0,"event_name":"Ghosts","player_choice":"Ignored","floor":29.0,"gold_loss":0.0,"damage_taken":0.0},{"damage_healed":0.0,"max_hp_gain":0.0,"max_hp_loss":0.0,"gold_gain":0.0,"event_name":"Masked Bandits","player_choice":"Paid Fearfully","floor":30.0,"gold_loss":47.0,"damage_taken":0.0},{"cards_removed":["Pommel Strike"],"damage_healed":0.0,"max_hp_gain":0.0,"max_hp_loss":0.0,"gold_gain":0.0,"event_name":"Falling","player_choice":"Removed Attack","floor":38.0,"gold_loss":0.0,"damage_taken":0.0},{"damage_healed":0.0,"max_hp_gain":0.0,"max_hp_loss":4.0,"gold_gain":0.0,"event_name":"Winding Halls","player_choice":"Max HP","floor":44.0,"gold_loss":0.0,"damage_taken":0.0}],"is_beta":true,"boss_relics":[{"not_picked":["Busted Crown","Orrery"],"picked":"Mark of Pain"},{"not_picked":["Eternal Feather","Empty Cage"],"picked":"Lizard Tail"}],"items_purged_floors":[20,37],"is_endless":false,"potions_floor_spawned":[1,5,14,16,18,19,24,42,45,47,48,54],"ascension_level":16}