{"gold_per_floor":[117,131,147,147,72,72,98,151,151,151,171,190,216,216,216,293,293,308,308,308,308,93,110,110,435,435,468,468,484,484,497,497,574,574,587,603,189,189,199,227,227,227,297,116,134,147,166,181,181,181,181,181,181,18,50,50],"floor_reached":57,"playtime":3187,"items_purged":["Strike_G","Pain"],"score":2864,"play_id":"6fc242da-2998-40d2-932b-cdda2a790c23","local_time":"20190508002741","is_ascension_mode":true,"campfire_choices":[{"data":"Neutralize","floor":6,"key":"SMITH"},{"data":"A Thousand Cuts","floor":10,"key":"SMITH"},{"data":"Noxious Fumes","floor":15,"key":"SMITH"},{"data":"Corpse Explosion","floor":24,"key":"SMITH"},{"data":"Well Laid Plans","floor":28,"key":"SMITH"},{"data":"Cloak And Dagger","floor":30,"key":"SMITH"},{"data":"Catalyst","floor":32,"key":"SMITH"},{"floor":42,"key":"RECALL"},{"floor":49,"key":"REST"},{"data":"Wraith Form v2","floor":53,"key":"SMITH"}],"neow_cost":"NONE","seed_source_timestamp":53111313549826,"circlet_count":0,"master_deck":["AscendersBane","Defend_G","Defend_G","Defend_G","Defend_G","Defend_G","Strike_G","Strike_G","Survivor","Neutralize+1","Deadly Poison","Masterful Stab","Poisoned Stab","A Thousand Cuts+1","Noxious Fumes+1","Escape Plan","Cloak And Dagger+1","Corpse Explosion+1","PiercingWail","Well Laid Plans+1","Backflip","Dash","Calculated Gamble","Envenom","Catalyst+1","Wraith Form v2+1","Cloak And Dagger+1","Adrenaline","Infinite Blades","Parasite","PiercingWail","Acrobatics+1","Calculated Gamble","Blur","Cloak And Dagger","Adrenaline"],"relics":["Ring of the Snake","Happy Flower","Potion Belt","Turnip","Paper Crane","Cursed Key","Old Coin","Dead Branch","Philosopher\u0027s Stone","Toy Ornithopter","Sundial","Bronze Scales","Strawberry"],"potions_floor_usage":[7,13,16,27,27,40,50,50,56,56,56],"damage_taken":[{"damage":0,"enemies":"2 Louse","floor":1,"turns":3},{"damage":1,"enemies":"Small Slimes","floor":2,"turns":4},{"damage":7,"enemies":"Jaw Worm","floor":3,"turns":3},{"damage":19,"enemies":"Lagavulin","floor":7,"turns":7},{"damage":5,"enemies":"Red Slaver","floor":11,"turns":3},{"damage":0,"enemies":"Large Slime","floor":12,"turns":4},{"damage":0,"enemies":"Gremlin Nob","floor":13,"turns":3},{"damage":13,"enemies":"The Guardian","floor":16,"turns":9},{"damage":6,"enemies":"3 Byrds","floor":18,"turns":3},{"damage":2,"enemies":"Shell Parasite","floor":23,"turns":6},{"damage":12,"enemies":"Book of Stabbing","floor":25,"turns":5},{"damage":24,"enemies":"Slavers","floor":27,"turns":3},{"damage":0,"enemies":"Centurion and Healer","floor":29,"turns":3},{"damage":0,"enemies":"Snecko","floor":31,"turns":4},{"damage":11,"enemies":"Champ","floor":33,"turns":5},{"damage":3,"enemies":"3 Darklings","floor":35,"turns":3},{"damage":0,"enemies":"Orb Walker","floor":36,"turns":4},{"damage":1,"enemies":"Writhing Mass","floor":39,"turns":4},{"damage":30,"enemies":"Nemesis","floor":40,"turns":5},{"damage":0,"enemies":"Maw","floor":45,"turns":5},{"damage":0,"enemies":"Sphere and 2 Shapes","floor":46,"turns":3},{"damage":2,"enemies":"Transient","floor":47,"turns":6},{"damage":0,"enemies":"3 Darklings","floor":48,"turns":4},{"damage":0,"enemies":"Awakened One","floor":50,"turns":15},{"damage":17,"enemies":"Donu and Deca","floor":51,"turns":8},{"damage":3,"enemies":"Shield and Spear","floor":55,"turns":4},{"damage":54,"enemies":"The Heart","floor":56,"turns":7}],"seed_played":"3360395370806989450","potions_obtained":[{"floor":1,"key":"AttackPotion"},{"floor":3,"key":"FearPotion"},{"floor":12,"key":"Fire Potion"},{"floor":13,"key":"SpeedPotion"},{"floor":16,"key":"SteroidPotion"},{"floor":18,"key":"SpeedPotion"},{"floor":23,"key":"GhostInAJar"},{"floor":25,"key":"Regen Potion"},{"floor":33,"key":"Energy Potion"},{"floor":36,"key":"EssenceOfSteel"},{"floor":39,"key":"Weak Potion"},{"floor":40,"key":"SpeedPotion"}],"is_trial":false,"path_per_floor":["M","M","M","?","?","R","E","T","T","R","M","M","E","?","R","B",null,"M","?","?","?","$","M","R","E","T","E","R","M","R","M","R","B",null,"M","M","$","?","M","E","?","R","T","$","M","M","M","M","R","B","B",null,"R","$","E","B",null],"character_chosen":"THE_SILENT","items_purchased":["Well Laid Plans","Backflip","Adrenaline","Toy Ornithopter","Infinite Blades","Ancient Potion","Poison Potion","Block Potion","Cloak And Dagger"],"campfire_rested":1,"item_purchase_floors":[22,22,37,37,37,44,54,54,54],"current_hp_per_floor":[65,64,57,62,62,62,43,43,43,43,38,38,38,31,31,18,62,56,56,56,56,56,54,54,42,42,30,30,30,30,30,30,19,63,60,60,60,60,59,34,34,34,34,34,34,34,32,32,55,65,48,70,70,70,74,35],"gold":50,"neow_bonus":"TEN_PERCENT_HP_BONUS","is_prod":false,"is_daily":false,"chose_seed":false,"campfire_upgraded":8,"win_rate":0,"timestamp":1557300461,"path_taken":["M","M","M","?","?","R","E","?","T","R","?","M","E","?","R","BOSS","M","?","?","?","$","M","R","E","T","E","R","?","R","M","R","BOSS","M","M","$","?","M","E","?","R","T","$","M","?","M","M","R","BOSS","BOSS","R","$","E","BOSS"],"build_version":"2019-04-23","purchased_purges":2,"victory":true,"max_hp_per_floor":[72,72,72,77,77,77,77,77,77,77,77,77,77,77,77,77,77,77,77,77,77,77,77,77,77,77,77,77,77,77,77,77,77,77,77,77,77,77,77,77,77,77,77,77,77,77,77,77,77,77,77,77,77,77,84,84],"card_choices":[{"not_picked":["Flechettes","PiercingWail"],"picked":"Deadly Poison","floor":1},{"not_picked":["Bane","Acrobatics"],"picked":"Masterful Stab","floor":2},{"not_picked":["Tactician","Finisher"],"picked":"Poisoned Stab","floor":3},{"not_picked":["Acrobatics","Expertise"],"picked":"A Thousand Cuts","floor":7},{"not_picked":["Bane","Quick Slash"],"picked":"Noxious Fumes","floor":11},{"not_picked":["Cloak And Dagger","Backflip"],"picked":"Escape Plan","floor":12},{"not_picked":["Backstab","Catalyst"],"picked":"Cloak And Dagger","floor":13},{"not_picked":["Die Die Die","Grand Finale"],"picked":"Corpse Explosion","floor":16},{"not_picked":["Blade Dance+1","Terror","Heel Hook"],"picked":"SKIP","floor":18},{"not_picked":["Prepared","Heel Hook"],"picked":"Dash","floor":23},{"not_picked":["Quick Slash","Dodge and Roll"],"picked":"Calculated Gamble","floor":25},{"not_picked":["Poisoned Stab","Dagger Spray"],"picked":"Envenom","floor":27},{"not_picked":["Dagger Spray","Tactician","Underhanded Strike"],"picked":"SKIP","floor":29},{"not_picked":["Deflect","Sucker Punch"],"picked":"Catalyst","floor":31},{"not_picked":["Grand Finale","Phantasmal Killer"],"picked":"Wraith Form v2","floor":33},{"not_picked":["Calculated Gamble","Slice"],"picked":"Cloak And Dagger+1","floor":35},{"not_picked":["Underhanded Strike","Flying Knee","Expertise"],"picked":"SKIP","floor":36},{"not_picked":["Accuracy","Flying Knee","Bouncing Flask"],"picked":"SKIP","floor":39},{"not_picked":["Dagger Throw","Deadly Poison"],"picked":"PiercingWail","floor":40},{"not_picked":["Flechettes","Quick Slash","Poisoned Stab"],"picked":"SKIP","floor":45},{"not_picked":["Setup+1","Dodge and Roll+1"],"picked":"Acrobatics+1","floor":46},{"not_picked":["Prepared","Masterful Stab"],"picked":"Calculated Gamble","floor":47},{"not_picked":["Underhanded Strike","Flying Knee"],"picked":"Blur","floor":48},{"not_picked":["Finisher","PiercingWail"],"picked":"Adrenaline","floor":55}],"player_experience":6263241,"relics_obtained":[{"floor":7,"key":"Happy Flower"},{"floor":8,"key":"Potion Belt"},{"floor":9,"key":"Turnip"},{"floor":13,"key":"Paper Crane"},{"floor":25,"key":"Old Coin"},{"floor":27,"key":"Dead Branch"},{"floor":40,"key":"Sundial"},{"floor":55,"key":"Strawberry"}],"event_choices":[{"damage_healed":0,"gold_gain":0,"player_choice":"Donut","damage_taken":0,"max_hp_gain":5,"max_hp_loss":0,"event_name":"Big Fish","floor":4,"gold_loss":0},{"cards_removed":["Strike_G"],"damage_healed":0,"gold_gain":0,"player_choice":"Card Removal","damage_taken":0,"max_hp_gain":0,"max_hp_loss":0,"event_name":"The Cleric","floor":5,"gold_loss":75},{"cards_removed":["Strike_G"],"damage_healed":0,"gold_gain":0,"player_choice":"Card Removal","damage_taken":7,"max_hp_gain":0,"max_hp_loss":0,"event_name":"Golden Wing","floor":14,"gold_loss":0},{"damage_healed":0,"gold_gain":0,"player_choice":"Read","damage_taken":0,"max_hp_gain":0,"max_hp_loss":0,"event_name":"The Library","floor":19,"gold_loss":0,"cards_obtained":["PiercingWail"]},{"damage_healed":0,"gold_gain":0,"player_choice":"Ignored","damage_taken":0,"max_hp_gain":0,"max_hp_loss":0,"event_name":"Vampires","floor":20,"gold_loss":0},{"damage_healed":0,"gold_gain":0,"player_choice":"Ignored","damage_taken":0,"max_hp_gain":0,"max_hp_loss":0,"event_name":"The Mausoleum","floor":21,"gold_loss":0},{"damage_healed":0,"gold_gain":0,"player_choice":"Ignored","damage_taken":0,"max_hp_gain":0,"max_hp_loss":0,"event_name":"Tomb of Lord Red Mask","floor":38,"gold_loss":0},{"damage_healed":0,"gold_gain":0,"player_choice":"Gave Potion","damage_taken":0,"relics_obtained":["Bronze Scales"],"max_hp_gain":0,"max_hp_loss":0,"event_name":"WeMeetAgain","floor":41,"gold_loss":0}],"is_beta":true,"boss_relics":[{"not_picked":["Orrery","Tiny House"],"picked":"Cursed Key"},{"not_picked":["Sozu","Ring of the Serpent"],"picked":"Philosopher\u0027s Stone"}],"items_purged_floors":[22,44],"is_endless":false,"potions_floor_spawned":[1,3,12,13,16,18,23,25,33,36,39,40,47,48],"ascension_level":20}