{"gold_per_floor":[111,91,111,111,111,111,141,141,141,141,174,186,47,67,67,142,142,152,202,202,127,51,51,78,78,78,78],"floor_reached":27,"playtime":580,"items_purged":[],"score":436,"play_id":"bc9326ba-c33f-4e18-ab0f-dd4f9bb36925","local_time":"20190327175001","is_ascension_mode":true,"campfire_choices":[{"data":"Bash","floor":6,"key":"SMITH"},{"data":"Body Slam","floor":8,"key":"SMITH"},{"data":"Strike_R","floor":10,"key":"PURGE"},{"data":"Fiend Fire","floor":15,"key":"SMITH"},{"data":"Corruption","floor":23,"key":"SMITH"},{"data":"Shockwave","floor":25,"key":"SMITH"}],"neow_cost":"NONE","seed_source_timestamp":1233608120039313,"circlet_count":0,"master_deck":["AscendersBane","Defend_R","Defend_R","Defend_R","Defend_R","Bash+1","Shrug It Off","Clothesline","Body Slam+1","Fiend Fire+1","Feel No Pain","Inflame","Rampage","Shockwave+1","Bite","Bite","Bite","Bite","Corruption+1"],"relics":["Burning Blood","Peace Pipe","Strawberry","Omamori","Singing Bowl","Mark of Pain","Red Skull"],"potions_floor_usage":[7,24],"damage_taken":[{"damage":9,"enemies":"Jaw Worm","floor":1,"turns":4},{"damage":0,"enemies":"Cultist","floor":3,"turns":3},{"damage":6,"enemies":"Gremlin Nob","floor":7,"turns":3},{"damage":39,"enemies":"Lagavulin","floor":11,"turns":9},{"damage":2,"enemies":"2 Louse","floor":12,"turns":3},{"damage":5,"enemies":"Exordium Wildlife","floor":14,"turns":4},{"damage":32,"enemies":"The Guardian","floor":16,"turns":12},{"damage":25,"enemies":"2 Thieves","floor":18,"turns":5},{"damage":40,"enemies":"Book of Stabbing","floor":24,"turns":6},{"damage":54,"enemies":"Slavers","floor":27,"turns":3}],"seed_played":"-8261152450472397653","potions_obtained":[{"floor":1,"key":"SkillPotion"},{"floor":2,"key":"AttackPotion"},{"floor":11,"key":"Dexterity Potion"},{"floor":24,"key":"SpeedPotion"}],"is_trial":false,"path_per_floor":["M","?","M","?","T","R","E","R","T","R","E","M","$","M","R","B",null,"M","?","?","?","$","R","E","R","T","E"],"character_chosen":"IRONCLAD","items_purchased":["Inflame","Rampage","Corruption"],"campfire_rested":0,"item_purchase_floors":[13,13,22],"current_hp_per_floor":[72,72,78,83,83,83,90,90,90,90,57,61,61,62,62,38,82,65,65,65,65,65,65,46,46,46,0],"gold":78,"neow_bonus":"TEN_PERCENT_HP_BONUS","is_prod":false,"is_daily":false,"chose_seed":false,"campfire_upgraded":5,"win_rate":0,"timestamp":1553723401,"path_taken":["M","?","?","?","?","R","E","R","T","R","E","M","$","M","R","BOSS","M","?","?","?","$","R","E","R","T","E"],"build_version":"2019-03-15","purchased_purges":0,"victory":false,"max_hp_per_floor":[82,82,82,87,87,87,94,94,94,94,94,94,94,94,94,96,96,98,98,68,68,68,68,70,70,70,70],"card_choices":[{"not_picked":["Feel No Pain","Reckless Charge"],"picked":"Shrug It Off","floor":1},{"not_picked":["Heavy Blade","Body Slam"],"picked":"Clothesline","floor":3},{"not_picked":["Shrug It Off","Iron Wave"],"picked":"Body Slam","floor":7},{"not_picked":["Perfected Strike","Rupture"],"picked":"Fiend Fire","floor":11},{"not_picked":["Clothesline","Thunderclap"],"picked":"Feel No Pain","floor":12},{"not_picked":["Twin Strike","Sword Boomerang"],"picked":"Shockwave","floor":14},{"not_picked":["Dark Embrace","Berserk","Bludgeon"],"picked":"Singing Bowl","floor":16},{"not_picked":["Iron Wave","Inflame","Fire Breathing"],"picked":"Singing Bowl","floor":18},{"not_picked":["Wild Strike","Second Wind","Clash+1"],"picked":"Singing Bowl","floor":24}],"player_experience":2299624,"relics_obtained":[{"floor":5,"key":"Peace Pipe"},{"floor":7,"key":"Strawberry"},{"floor":9,"key":"Omamori"},{"floor":11,"key":"Singing Bowl"},{"floor":24,"key":"Red Skull"}],"event_choices":[{"damage_healed":0,"gold_gain":0,"player_choice":"Bought 1 Potion","damage_taken":0,"max_hp_gain":0,"max_hp_loss":0,"event_name":"The Woman in Blue","floor":2,"gold_loss":0},{"damage_healed":0,"gold_gain":0,"player_choice":"Donut","damage_taken":0,"max_hp_gain":5,"max_hp_loss":0,"event_name":"Big Fish","floor":4,"gold_loss":0},{"damage_healed":0,"gold_gain":50,"player_choice":"Stole From Cult","damage_taken":0,"max_hp_gain":0,"max_hp_loss":0,"event_name":"Nest","floor":19,"gold_loss":0},{"damage_healed":0,"gold_gain":0,"player_choice":"Became a vampire","damage_taken":0,"max_hp_gain":0,"max_hp_loss":30,"event_name":"Vampires","floor":20,"gold_loss":0,"cards_obtained":["Bite","Bite","Bite","Bite","Bite"]},{"cards_removed":["Bite"],"damage_healed":0,"gold_gain":0,"player_choice":"Gave Gold","damage_taken":0,"max_hp_gain":0,"max_hp_loss":0,"event_name":"Beggar","floor":21,"gold_loss":75}],"is_beta":true,"boss_relics":[{"not_picked":["Empty Cage","White Beast Statue"],"picked":"Mark of Pain"}],"items_purged_floors":[],"is_endless":false,"potions_floor_spawned":[1,11,12,14,24],"killed_by":"Slavers","ascension_level":15}