{"path_per_floor":["M","?","?","?","M","R","$","?","T","R","M","M","R","M","R","B",null,"M","M","M","?"],"character_chosen":"IRONCLAD","items_purchased":["Toxic Egg 2","Armaments"],"gold_per_floor":[115,115,115,290,305,305,7,0,24,24,36,46,46,60,60,162,162,136,149,169,169],"floor_reached":22,"campfire_rested":1,"playtime":1510,"current_hp_per_floor":[34,27,27,27,23,23,23,23,23,46,43,36,36,42,42,19,63,40,18,14,14],"items_purged":[],"gold":169,"score":264,"play_id":"1b39a110-8d06-4c6f-b090-dd730333addd","local_time":"20180315204446","is_prod":false,"is_daily":false,"is_ascension_mode":true,"campfire_upgraded":3,"timestamp":1521161086,"path_taken":["M","?","?","?","?","R","$","?","T","R","?","M","R","M","R","BOSS","M","M","?","?","?"],"build_version":"2018-03-15","purchased_purges":1,"victory":false,"master_deck":["Strike_R","Strike_R","Strike_R","Strike_R","Strike_R","Defend_R","Defend_R","Defend_R","Defend_R","Bash+1","Barricade+1","Warcry","Doubt","Iron Wave+1","Armaments+1","Bloodletting+1","Burning Pact+1","Impervious+1","Dual Wield+1","Shrug It Off+1","Flame Barrier+1"],"max_hp_per_floor":[80,77,77,77,77,77,77,77,77,77,77,77,77,77,77,77,77,77,77,77,77],"relics":["Burning Blood","Toxic Egg 2","Pen Nib","Black Star"],"card_choices":[{"not_picked":["Demon Form","Juggernaut"],"picked":"Barricade"},{"not_picked":["Spot Weakness","Armaments"],"picked":"Warcry"},{"not_picked":["Clash","Rage"],"picked":"Iron Wave"},{"not_picked":["Limit Break","Hemokinesis"],"picked":"Bloodletting"},{"not_picked":["Perfected Strike","Headbutt"],"picked":"Burning Pact"},{"not_picked":["Bludgeon","Dark Embrace"],"picked":"Impervious"},{"not_picked":["Feel No Pain","Heavy Blade"],"picked":"Dual Wield"},{"not_picked":["Clash","Havoc"],"picked":"Shrug It Off"},{"not_picked":["Headbutt","Shockwave"],"picked":"Flame Barrier"}],"player_experience":522108,"potions_floor_usage":[5,19,20],"damage_taken":[{"damage":8,"enemies":"2 Louse","floor":1,"turns":4},{"damage":10,"enemies":"Small Slimes","floor":5,"turns":4},{"damage":9,"enemies":"Jaw Worm","floor":11,"turns":6},{"damage":13,"enemies":"Blue Slaver","floor":12,"turns":4},{"damage":0,"enemies":"Large Slime","floor":14,"turns":7},{"damage":29,"enemies":"The Guardian","floor":16,"turns":19},{"damage":29,"enemies":"2 Thieves","floor":18,"turns":5},{"damage":28,"enemies":"Shell Parasite","floor":19,"turns":7},{"damage":10,"enemies":"Sentry and Sphere","floor":20,"turns":34},{"damage":20,"enemies":"Snake Plant","floor":22,"turns":4}],"event_choices":[{"event_name":"Golden Wing","player_choice":"Card Removal","floor":2,"damage_taken":0},{"event_name":"Shining Light","player_choice":"Ignored","floor":3,"damage_taken":0},{"event_name":"Liars Game","player_choice":"agreed","floor":4,"damage_taken":0},{"event_name":"World of Goop","player_choice":"Left","floor":8,"damage_taken":0},{"event_name":"Cursed Tome","player_choice":"Ignored","floor":21,"damage_taken":0}],"boss_relics":[{"not_picked":["Black Blood","Sozu"],"picked":"Black Star"}],"potions_floor_spawned":[1,12,16,19,20],"seed_played":"-8254070739684464049","killed_by":"Snake Plant","ascension_level":10,"is_trial":false}