{"gold_per_floor":[111,121,121,46,64,64,97,97,169,169,169,47,73,86,86,163,163,179,20,20,31,31,31,59,59,113,140,40,40,60,73,73,150,150,164,39,85,95,20,20,90,118,164,164,178,211,211,229,229,229,229,229,134,168,168],"floor_reached":56,"playtime":1895,"items_purged":["Strike_G","Defend_G","Pain"],"score":2161,"play_id":"a124fe20-3b8b-4324-b621-6f8e613fa97b","local_time":"20190316001657","is_ascension_mode":true,"campfire_choices":[{"data":"Crippling Poison","floor":6.0,"key":"SMITH"},{"floor":8.0,"key":"REST"},{"data":"Doppelganger","floor":11.0,"key":"SMITH"},{"data":"Neutralize","floor":15.0,"key":"SMITH"},{"data":"A Thousand Cuts","floor":23.0,"key":"SMITH"},{"data":"Footwork","floor":25.0,"key":"SMITH"},{"data":"Footwork","floor":32.0,"key":"SMITH"},{"data":"Injury","floor":40.0,"key":"PURGE"},{"floor":44.0,"key":"RECALL"},{"data":"Footwork","floor":49.0,"key":"SMITH"},{"data":"Injury","floor":52.0,"key":"PURGE"}],"neow_cost":"NONE","seed_source_timestamp":218545176585085,"circlet_count":0,"master_deck":["AscendersBane","Defend_G+1","Defend_G+1","Defend_G+1","Survivor","Neutralize+1","PiercingWail","Crippling Poison+1","Doppelganger+1","Adrenaline+1","Backflip+1","Deadly Poison+1","A Thousand Cuts+1","Die Die Die+1","Skewer+1","Dash","Footwork+1","Deadly Poison+1","Backflip+1","Footwork+1","Backflip+1","Backflip+1","Backflip+1","Deadly Poison+1","Adrenaline+1","Dodge and Roll+1","Footwork+1","Noxious Fumes+1","Night Terror+1","Night Terror+1","Blind+1"],"special_seed":0,"relics":["Philosopher\u0027s Stone","Snake Skull","Toxic Egg 2","Anchor","Astrolabe","Centennial Puzzle","Potion Belt","Mummified Hand","Calling Bell","Blood Vial","Gremlin Horn","Girya","Peace Pipe","Mercury Hourglass","Bag of Preparation","Strawberry","Turnip"],"potions_floor_usage":[55,55,55,55],"damage_taken":[{"damage":3.0,"enemies":"Small Slimes","floor":1.0,"turns":4.0},{"damage":3.0,"enemies":"Jaw Worm","floor":2.0,"turns":5.0},{"damage":0.0,"enemies":"2 Louse","floor":5.0,"turns":4.0},{"damage":24.0,"enemies":"3 Sentries","floor":7.0,"turns":8.0},{"damage":5.0,"enemies":"Lagavulin","floor":13.0,"turns":5.0},{"damage":1.0,"enemies":"Exordium Thugs","floor":14.0,"turns":4.0},{"damage":12.0,"enemies":"The Guardian","floor":16.0,"turns":9.0},{"damage":0.0,"enemies":"Chosen","floor":18.0,"turns":3.0},{"damage":4.0,"enemies":"Spheric Guardian","floor":21.0,"turns":3.0},{"damage":12.0,"enemies":"Book of Stabbing","floor":24.0,"turns":4.0},{"damage":0.0,"enemies":"Gremlin Leader","floor":27.0,"turns":5.0},{"damage":0.0,"enemies":"Cultist and Chosen","floor":30.0,"turns":3.0},{"damage":0.0,"enemies":"Snake Plant","floor":31.0,"turns":3.0},{"damage":0.0,"enemies":"Automaton","floor":33.0,"turns":9.0},{"damage":0.0,"enemies":"Orb Walker","floor":35.0,"turns":3.0},{"damage":3.0,"enemies":"2 Orb Walkers","floor":37.0,"turns":3.0},{"damage":0.0,"enemies":"3 Shapes","floor":38.0,"turns":3.0},{"damage":1.0,"enemies":"Nemesis","floor":42.0,"turns":7.0},{"damage":0.0,"enemies":"Spire Growth","floor":45.0,"turns":4.0},{"damage":0.0,"enemies":"Reptomancer","floor":46.0,"turns":3.0},{"damage":0.0,"enemies":"4 Shapes","floor":48.0,"turns":2.0},{"damage":6.0,"enemies":"Awakened One","floor":50.0,"turns":13.0},{"damage":4.0,"enemies":"Shield and Spear","floor":54.0,"turns":5.0},{"damage":29,"enemies":"The Heart","floor":55,"turns":11}],"seed_played":"-436222090826236328","potions_obtained":[{"floor":5.0,"key":"FearPotion"},{"floor":7.0,"key":"Poison Potion"},{"floor":16.0,"key":"Dexterity Potion"},{"floor":24.0,"key":"Dexterity Potion"},{"floor":31.0,"key":"Block Potion"},{"floor":37.0,"key":"Strength Potion"},{"floor":45.0,"key":"EssenceOfSteel"}],"is_trial":false,"path_per_floor":["M","M","?","?","M","R","E","R","T","?","R","$","E","M","R","B",null,"M","$","?","M","?","R","E","R","T","E","$","?","M","M","R","B",null,"M","$","?","M","$","R","T","E","T","R","M","E","?","M","R","B",null,"R","$","E","B",null],"character_chosen":"THE_SILENT","items_purchased":["Adrenaline+1","Backflip+1","Footwork","Deadly Poison+1","Footwork","Blind+1"],"campfire_rested":1,"item_purchase_floors":[12,12,19,19,39,53],"current_hp_per_floor":[56,53,46,46,46,46,22,41,41,41,41,41,36,35,35,23,55,55,55,55,51,51,51,39,39,39,39,39,39,39,39,39,39,59,61,61,60,62,62,62,62,63,63,63,65,73,73,73,73,67,72,72,72,69,42],"gold":168,"neow_bonus":"BOSS_RELIC","is_prod":false,"is_daily":false,"chose_seed":false,"campfire_upgraded":7,"win_rate":0,"timestamp":1552709817,"path_taken":["M","M","?","?","M","R","E","R","T","?","R","$","E","M","R","BOSS","M","$","?","M","?","R","E","R","T","E","$","?","M","M","R","BOSS","M","$","?","M","$","R","?","E","T","R","?","E","?","?","R","BOSS","R","$","E","BOSS"],"build_version":"2019-02-06","purchased_purges":3,"victory":true,"max_hp_per_floor":[66,66,66,66,66,66,66,66,66,66,66,66,66,66,66,66,66,66,66,66,66,66,66,66,66,66,66,66,66,66,66,66,66,66,66,66,66,66,66,66,66,66,66,66,66,73,73,73,73,73,73,73,73,73,73],"card_choices":[{"not_picked":["Setup","Deflect"],"picked":"PiercingWail","floor":1.0},{"not_picked":["Underhanded Strike","Bane","Calculated Gamble"],"picked":"SKIP","floor":2.0},{"not_picked":["Sucker Punch","Blade Dance"],"picked":"Crippling Poison","floor":5.0},{"not_picked":["All Out Attack","Escape Plan"],"picked":"Doppelganger","floor":7.0},{"not_picked":["Blade Dance+1","Distraction+1","Expertise+1"],"picked":"SKIP","floor":13.0},{"not_picked":["Slice","Outmaneuver+1"],"picked":"Deadly Poison+1","floor":14.0},{"not_picked":["Glass Knife","Envenom"],"picked":"A Thousand Cuts","floor":16.0},{"not_picked":["Slice","Setup+1"],"picked":"Dash","floor":18.0},{"not_picked":["Endless Agony","Setup+1"],"picked":"Footwork","floor":21.0},{"not_picked":["Sucker Punch","Quick Slash"],"picked":"Backflip+1","floor":24.0},{"not_picked":["Calculated Gamble+1","Slice"],"picked":"Backflip+1","floor":27.0},{"not_picked":["Endless Agony+1","Blade Dance+1"],"picked":"Backflip+1","floor":30.0},{"not_picked":["Caltrops","Distraction+1"],"picked":"Deadly Poison+1","floor":31.0},{"not_picked":["A Thousand Cuts","Phantasmal Killer+1"],"picked":"Adrenaline+1","floor":33.0},{"not_picked":["Tactician+1","Dagger Spray","Eviscerate"],"picked":"SKIP","floor":35.0},{"not_picked":["PiercingWail+1","Outmaneuver+1"],"picked":"Dodge and Roll+1","floor":38.0},{"not_picked":["Endless Agony+1","Choke","Bane"],"picked":"SKIP","floor":42.0},{"not_picked":["Cloak And Dagger+1","Quick Slash"],"picked":"Noxious Fumes+1","floor":45.0},{"not_picked":["Underhanded Strike","Backflip+1","Blade Dance+1"],"picked":"SKIP","floor":46.0},{"not_picked":["Flying Knee","Terror+1"],"picked":"Night Terror+1","floor":48.0},{"not_picked":["Cloak And Dagger+1","Bane","All Out Attack"],"picked":"SKIP","floor":54.0}],"player_experience":2195954,"relics_obtained":[{"floor":7.0,"key":"Snake Skull"},{"floor":9.0,"key":"Toxic Egg 2"},{"floor":13.0,"key":"Anchor"},{"floor":24.0,"key":"Centennial Puzzle"},{"floor":26.0,"key":"Potion Belt"},{"floor":27.0,"key":"Mummified Hand"},{"floor":34.0,"key":"Blood Vial"},{"floor":34.0,"key":"Gremlin Horn"},{"floor":34.0,"key":"Girya"},{"floor":37.0,"key":"Peace Pipe"},{"floor":42.0,"key":"Mercury Hourglass"},{"floor":43.0,"key":"Bag of Preparation"},{"floor":46.0,"key":"Strawberry"},{"floor":54.0,"key":"Turnip"}],"event_choices":[{"cards_removed":["Strike_G"],"damage_healed":0.0,"max_hp_gain":0.0,"max_hp_loss":0.0,"gold_gain":0.0,"event_name":"Golden Wing","player_choice":"Card Removal","floor":3.0,"gold_loss":0.0,"damage_taken":7.0},{"cards_removed":["Defend_G"],"damage_healed":0.0,"max_hp_gain":0.0,"max_hp_loss":0.0,"gold_gain":0.0,"event_name":"The Cleric","player_choice":"Card Removal","floor":4.0,"gold_loss":75.0,"damage_taken":0.0},{"damage_healed":0.0,"max_hp_gain":0.0,"max_hp_loss":0.0,"gold_gain":0.0,"event_name":"Golden Idol","player_choice":"Ignored","floor":10.0,"gold_loss":0.0,"damage_taken":0.0},{"damage_healed":0.0,"max_hp_gain":0.0,"max_hp_loss":0.0,"gold_gain":0.0,"event_name":"The Library","player_choice":"Read","floor":20.0,"gold_loss":0.0,"damage_taken":0.0,"cards_obtained":["Backflip"]},{"damage_healed":0.0,"max_hp_gain":0.0,"max_hp_loss":0.0,"gold_gain":0.0,"event_name":"Vampires","player_choice":"Ignored","floor":22.0,"gold_loss":0.0,"damage_taken":0.0},{"damage_healed":0.0,"max_hp_gain":0.0,"max_hp_loss":0.0,"gold_gain":0.0,"event_name":"Back to Basics","player_choice":"Simplicity","floor":29.0,"gold_loss":0.0,"damage_taken":0.0,"cards_upgraded":["Defend_G","Defend_G","Defend_G"]},{"damage_healed":0.0,"max_hp_gain":0.0,"max_hp_loss":0.0,"gold_gain":0.0,"event_name":"Mysterious Sphere","player_choice":"Fight","floor":37.0,"gold_loss":0.0,"damage_taken":0.0},{"damage_healed":0.0,"max_hp_gain":0.0,"max_hp_loss":0.0,"gold_gain":0.0,"cards_transformed":["Distraction"],"event_name":"Transmorgrifier","player_choice":"Transformed","floor":47.0,"gold_loss":0.0,"damage_taken":0.0,"cards_obtained":["Night Terror"]}],"is_beta":true,"boss_relics":[{"not_picked":["Pandora\u0027s Box","White Beast Statue"],"picked":"Astrolabe"},{"not_picked":["Snecko Eye","Runic Pyramid"],"picked":"Calling Bell"}],"items_purged_floors":[19,28,36],"is_endless":false,"potions_floor_spawned":[5,7,16,24,31,37,45],"ascension_level":15}