{"gold_per_floor":[116,162,162,176,72,102,102,102,102,128,145,145,145,171,171,249,249,264,314,224,249,268,268,287,287,310,310,56,56,56,56,56,135,135,153,153,32,254,265,265,265,297,321,321,340,2,2,12,12,12,12],"floor_reached":51,"playtime":2237,"items_purged":["Writhe","Writhe","Regret"],"score":1370,"play_id":"b7b485fe-5ce6-46a3-a3ee-2389332e5e9f","local_time":"20190403151002","is_ascension_mode":true,"campfire_choices":[{"data":"Sunder","floor":7,"key":"SMITH"},{"data":"Loop","floor":12,"key":"SMITH"},{"data":"Coolheaded","floor":15,"key":"SMITH"},{"data":"Defragment","floor":23,"key":"SMITH"},{"data":"Undo","floor":30,"key":"SMITH"},{"data":"Doom and Gloom","floor":32,"key":"SMITH"},{"data":"Capacitor","floor":40,"key":"SMITH"},{"data":"Self Repair","floor":44,"key":"SMITH"},{"data":"Glacier","floor":47,"key":"SMITH"},{"floor":49,"key":"REST"}],"neow_cost":"NONE","seed_source_timestamp":188844863773242,"circlet_count":0,"master_deck":["AscendersBane","Strike_B+1","Strike_B+1","Strike_B+1","Defend_B+1","Defend_B+1","Defend_B+1","Defend_B+1","Zap+1","Dualcast","FTL","Ball Lightning","Coolheaded+1","Loop+1","Sunder+1","Self Repair+1","Glacier+1","Doom and Gloom+1","Defragment+1","Cold Snap","Barrage+1","Undo+1","Biased Cognition","Leap+1","Capacitor+1","Stack+1","Rainbow+1","Consume+1","Ball Lightning+1","Compile Driver+1"],"relics":["Cracked Core","NeowsBlessing","Bronze Scales","Ancient Tea Set","Matryoshka","Strawberry","Orichalcum","Juzu Bracelet","Oddly Smooth Stone","Cursed Key","Red Mask","The Courier","Smiling Mask","MawBank","Toxic Egg 2","Black Star","DataDisk","Bottled Flame","Molten Egg 2"],"potions_floor_usage":[21,24,24,33,33,42,50,51],"damage_taken":[{"damage":0,"enemies":"Cultist","floor":1,"turns":1},{"damage":0,"enemies":"Small Slimes","floor":4,"turns":1},{"damage":0,"enemies":"Gremlin Nob","floor":6,"turns":1},{"damage":8,"enemies":"3 Sentries","floor":10,"turns":4},{"damage":5,"enemies":"Jaw Worm","floor":11,"turns":3},{"damage":27,"enemies":"Gremlin Nob","floor":14,"turns":4},{"damage":14,"enemies":"Hexaghost","floor":16,"turns":9},{"damage":6,"enemies":"3 Byrds","floor":18,"turns":3},{"damage":19,"enemies":"Masked Bandits","floor":21,"turns":3},{"damage":2,"enemies":"2 Thieves","floor":22,"turns":3},{"damage":17,"enemies":"Cultist and Chosen","floor":24,"turns":5},{"damage":80,"enemies":"Collector","floor":33,"turns":12},{"damage":19,"enemies":"3 Darklings","floor":35,"turns":6},{"damage":2,"enemies":"3 Shapes","floor":39,"turns":7},{"damage":24,"enemies":"Nemesis","floor":42,"turns":7},{"damage":16,"enemies":"Spire Growth","floor":45,"turns":5},{"damage":12,"enemies":"Writhing Mass","floor":48,"turns":5},{"damage":53,"enemies":"Time Eater","floor":50,"turns":9},{"damage":27,"enemies":"Donu and Deca","floor":51,"turns":2}],"seed_played":"-1065834596883748996","potions_obtained":[{"floor":1,"key":"SpeedPotion"},{"floor":14,"key":"FearPotion"},{"floor":21,"key":"EntropicBrew"},{"floor":39,"key":"LiquidBronze"},{"floor":45,"key":"Strength Potion"}],"is_trial":false,"path_per_floor":["M","T","?","M","$","E","R","?","T","E","M","R","T","E","R","B",null,"M","?","$","?","M","R","M","?","T","?","$","?","R","T","R","B",null,"M","?","$","?","M","R","?","E","T","R","M","$","R","M","R","B","B"],"character_chosen":"DEFECT","items_purchased":["Coolheaded","Loop","Defragment","Cold Snap","Toxic Egg 2","Capacitor","Molten Egg 2","LiquidBronze"],"campfire_rested":1,"item_purchase_floors":[5,5,20,20,28,37,46,46],"current_hp_per_floor":[64,64,57,57,57,57,57,57,57,56,58,58,58,38,38,31,66,67,67,67,55,60,60,50,88,88,88,88,88,88,88,88,15,70,58,58,58,58,63,63,63,46,46,46,40,40,40,38,64,21,0],"gold":12,"neow_bonus":"THREE_ENEMY_KILL","is_prod":false,"is_daily":false,"chose_seed":false,"campfire_upgraded":9,"win_rate":0,"timestamp":1554318602,"path_taken":["M","?","?","M","$","E","R","?","T","E","?","R","?","E","R","BOSS","M","?","$","?","M","R","M","?","T","?","$","?","R","?","R","BOSS","M","?","$","?","M","R","?","E","T","R","M","$","R","M","R","BOSS","BOSS"],"build_version":"2019-01-23","purchased_purges":3,"victory":false,"max_hp_per_floor":[71,71,71,71,71,71,71,71,71,78,78,78,78,78,78,78,78,78,78,78,78,78,78,78,88,88,88,88,88,88,88,88,88,88,88,88,88,88,88,88,88,88,88,88,88,88,88,88,88,88,88],"card_choices":[{"not_picked":["Skim","Streamline"],"picked":"FTL","floor":1},{"not_picked":["Force Field","Gash"],"picked":"Ball Lightning","floor":4},{"not_picked":["Redo","Steam"],"picked":"Sunder","floor":6},{"not_picked":["Meteor Strike","Streamline"],"picked":"Self Repair","floor":10},{"not_picked":["Tempest","Redo","Sweeping Beam"],"picked":"SKIP","floor":11},{"not_picked":["Tempest","Fusion"],"picked":"Glacier","floor":14},{"not_picked":["Thunder Strike","Seek"],"picked":"Core Surge","floor":16},{"not_picked":["Streamline","Ball Lightning"],"picked":"Doom and Gloom","floor":18},{"not_picked":["Steam Power","Turbo"],"picked":"Barrage+1","floor":21},{"not_picked":["Conserve Battery","Steam","Rebound"],"picked":"SKIP","floor":22},{"not_picked":["Hologram","Defragment"],"picked":"Undo","floor":24},{"not_picked":["Meteor Strike","Fission+1"],"picked":"Biased Cognition","floor":33},{"not_picked":["Melter","Turbo+1"],"picked":"Leap+1","floor":35},{"not_picked":["Beam Cell","Go for the Eyes"],"picked":"Stack+1","floor":39},{"not_picked":["Lockon","Darkness+1"],"picked":"Consume+1","floor":42},{"not_picked":["Conserve Battery+1","Leap+1"],"picked":"Ball Lightning+1","floor":45},{"not_picked":["All For One+1","Leap+1"],"picked":"Compile Driver+1","floor":48}],"player_experience":1567551,"relics_obtained":[{"floor":2,"key":"Bronze Scales"},{"floor":6,"key":"Ancient Tea Set"},{"floor":9,"key":"Matryoshka"},{"floor":10,"key":"Strawberry"},{"floor":13,"key":"Orichalcum"},{"floor":13,"key":"Juzu Bracelet"},{"floor":14,"key":"Oddly Smooth Stone"},{"floor":21,"key":"Red Mask"},{"floor":26,"key":"The Courier"},{"floor":26,"key":"Smiling Mask"},{"floor":42,"key":"DataDisk"},{"floor":42,"key":"Bottled Flame"}],"event_choices":[{"cards_removed":["Strike_B"],"damage_healed":0,"gold_gain":0,"player_choice":"Card Removal","damage_taken":7,"max_hp_gain":0,"max_hp_loss":0,"event_name":"Golden Wing","floor":3,"gold_loss":0},{"damage_healed":0,"gold_gain":0,"player_choice":"Upgraded","damage_taken":0,"max_hp_gain":0,"max_hp_loss":0,"event_name":"Upgrade Shrine","floor":8,"gold_loss":0,"cards_upgraded":["Zap"]},{"damage_healed":0,"gold_gain":50,"player_choice":"Stole From Cult","damage_taken":0,"max_hp_gain":0,"max_hp_loss":0,"event_name":"Nest","floor":19,"gold_loss":0},{"damage_healed":0,"gold_gain":0,"player_choice":"Fought Bandits","damage_taken":0,"max_hp_gain":0,"max_hp_loss":0,"event_name":"Masked Bandits","floor":21,"gold_loss":0},{"cards_removed":["Core Surge"],"damage_healed":28,"gold_gain":0,"player_choice":"Offered Rare","damage_taken":0,"max_hp_gain":10,"max_hp_loss":0,"event_name":"Bonfire Elementals","floor":25,"gold_loss":0},{"damage_healed":0,"gold_gain":0,"player_choice":"Opened","damage_taken":0,"relics_obtained":["MawBank"],"max_hp_gain":0,"max_hp_loss":0,"event_name":"The Mausoleum","floor":27,"gold_loss":0,"cards_obtained":["Writhe"]},{"damage_healed":0,"gold_gain":0,"player_choice":"Simplicity","damage_taken":0,"max_hp_gain":0,"max_hp_loss":0,"event_name":"Back to Basics","floor":29,"gold_loss":0,"cards_upgraded":["Strike_B","Strike_B","Strike_B","Defend_B","Defend_B","Defend_B","Defend_B"]},{"damage_healed":0,"gold_gain":0,"player_choice":"Ignored","damage_taken":0,"max_hp_gain":0,"max_hp_loss":0,"event_name":"Mysterious Sphere","floor":36,"gold_loss":0},{"damage_healed":0,"gold_gain":222,"player_choice":"Wore Mask","damage_taken":0,"max_hp_gain":0,"max_hp_loss":0,"event_name":"Tomb of Lord Red Mask","floor":38,"gold_loss":0},{"damage_healed":0,"gold_gain":0,"player_choice":"1 cards matched","damage_taken":0,"max_hp_gain":0,"max_hp_loss":0,"event_name":"Match and Keep!","floor":41,"gold_loss":0,"cards_obtained":["Rainbow"]}],"is_beta":false,"boss_relics":[{"not_picked":["Philosopher\u0027s Stone","Ectoplasm"],"picked":"Cursed Key"},{"not_picked":["White Beast Statue","Eternal Feather"],"picked":"Black Star"}],"items_purged_floors":[28,37,46],"is_endless":false,"potions_floor_spawned":[1,14,21,24,39,45],"killed_by":"Donu and Deca","ascension_level":20}