{"gold_per_floor":[115,40,40,40,40,40,79,93,120,140,140,163,163,207,207,302,302,325,325,346,360,29,29,29,29],"floor_reached":25,"playtime":783,"items_purged":["Strike_B"],"score":468,"play_id":"0fbf289c-de0e-45f1-855f-d9f03012d2a8","local_time":"20190501133749","is_ascension_mode":true,"campfire_choices":[{"data":"Zap","floor":6.0,"key":"SMITH"},{"data":"Streamline","floor":11.0,"key":"SMITH"},{"data":"Dualcast","floor":13.0,"key":"SMITH"},{"data":"Defragment","floor":15.0,"key":"SMITH"},{"floor":23,"key":"REST"}],"neow_cost":"NONE","seed_source_timestamp":19537423221268,"circlet_count":0,"master_deck":["AscendersBane","Strike_B","Strike_B","Strike_B","Defend_B","Defend_B","Defend_B","Defend_B","Zap+1","Dualcast+1","Streamline+1","Coolheaded+1","Glacier+1","Redo+1","Chill+1","Defragment+1","Core Surge","Coolheaded+1","Glacier+1","Recycle+1","Loop"],"special_seed":0,"relics":["Cracked Core","NeowsBlessing","Golden Idol","Toxic Egg 2","DataDisk","Question Card","Snecko Eye","Oddly Smooth Stone"],"potions_floor_usage":[19],"damage_taken":[{"damage":0.0,"enemies":"Cultist","floor":1.0,"turns":1.0},{"damage":0.0,"enemies":"3 Sentries","floor":7.0,"turns":1.0},{"damage":0.0,"enemies":"Jaw Worm","floor":8.0,"turns":1.0},{"damage":1.0,"enemies":"Small Slimes","floor":10.0,"turns":3.0},{"damage":0.0,"enemies":"3 Louse","floor":12.0,"turns":3.0},{"damage":1.0,"enemies":"Lagavulin","floor":14.0,"turns":6.0},{"damage":10,"enemies":"Hexaghost","floor":16,"turns":12},{"damage":0,"enemies":"3 Byrds","floor":18,"turns":7},{"damage":34,"enemies":"Colosseum Slavers","floor":19,"turns":7},{"damage":2,"enemies":"Chosen","floor":20,"turns":7},{"damage":6,"enemies":"3 Cultists","floor":21,"turns":7},{"damage":39,"enemies":"Slavers","floor":25,"turns":5}],"seed_played":"4160200511366002468","potions_obtained":[{"floor":4.0,"key":"SmokeBomb"},{"floor":4.0,"key":"Dexterity Potion"},{"floor":10.0,"key":"SteroidPotion"},{"floor":21,"key":"LiquidBronze"}],"is_trial":false,"path_per_floor":["M","$","?","?","$","R","E","M","T","M","R","M","R","E","R","B",null,"M","?","M","M","$","R","$","E"],"character_chosen":"DEFECT","items_purchased":["Recycle+1","Oddly Smooth Stone","Loop"],"campfire_rested":1,"item_purchase_floors":[22,22,22],"current_hp_per_floor":[64,64,40,40,40,40,40,40,40,39,39,39,39,38,38,28,60,60,26,24,18,18,39,39,0],"gold":29,"neow_bonus":"THREE_ENEMY_KILL","is_prod":false,"is_daily":false,"chose_seed":false,"campfire_upgraded":4,"win_rate":0,"timestamp":1556743069,"path_taken":["M","?","?","?","$","R","E","M","T","?","R","M","R","E","R","BOSS","M","?","M","M","$","R","$","E"],"build_version":"2019-04-23","purchased_purges":1,"victory":false,"max_hp_per_floor":[71,71,71,71,71,71,71,71,71,71,71,71,71,71,71,71,71,71,71,71,71,71,71,71,71],"card_choices":[{"not_picked":["Stack","Hello World"],"picked":"Streamline","floor":1.0},{"not_picked":["Barrage","Double Energy"],"picked":"Coolheaded","floor":7.0},{"not_picked":["Aggregate+1","Conserve Battery+1"],"picked":"Glacier+1","floor":8.0},{"not_picked":["Compile Driver","Force Field+1"],"picked":"Redo+1","floor":10.0},{"not_picked":["Sweeping Beam","BootSequence+1"],"picked":"Chill+1","floor":12.0},{"not_picked":["Recycle+1","FTL"],"picked":"Defragment","floor":14.0},{"not_picked":["Buffer","Machine Learning","Seek+1"],"picked":"Core Surge","floor":16},{"not_picked":["Gash","Storm","FTL"],"picked":"Coolheaded+1","floor":18},{"not_picked":["Chaos+1","Go for the Eyes","BootSequence+1","Redo+1"],"picked":"SKIP","floor":20},{"not_picked":["Beam Cell","BootSequence+1","FTL"],"picked":"Glacier+1","floor":21}],"player_experience":1200900,"relics_obtained":[{"floor":7.0,"key":"Toxic Egg 2"},{"floor":9.0,"key":"DataDisk"},{"floor":14.0,"key":"Question Card"}],"event_choices":[{"damage_healed":0.0,"max_hp_gain":0.0,"max_hp_loss":0.0,"gold_gain":0.0,"event_name":"Golden Idol","player_choice":"Take Damage","floor":3.0,"gold_loss":0.0,"damage_taken":24.0,"relics_obtained":["Golden Idol"]},{"damage_healed":0.0,"max_hp_gain":0.0,"max_hp_loss":0.0,"gold_gain":0.0,"event_name":"Lab","player_choice":"Got Potions","floor":4.0,"gold_loss":0.0,"damage_taken":0.0},{"damage_healed":0,"gold_gain":0,"player_choice":"Fight","damage_taken":0,"max_hp_gain":0,"max_hp_loss":0,"event_name":"Colosseum","floor":19,"gold_loss":0},{"damage_healed":0,"gold_gain":0,"player_choice":"Fled From Nobs","damage_taken":0,"max_hp_gain":0,"max_hp_loss":0,"event_name":"Colosseum","floor":19,"gold_loss":0}],"is_beta":true,"boss_relics":[{"not_picked":["Ectoplasm","Philosopher\u0027s Stone"],"picked":"Snecko Eye"}],"items_purged_floors":[2],"is_endless":false,"potions_floor_spawned":[10,14,16,18,21],"killed_by":"Slavers","ascension_level":20}