{"gold_per_floor":[112,125,46,46,58,74,103,103,103,120,45,45,58,75,75,172,172,188,88,13,13,13,13,24,24,47,65,85,85,115,131,131,231,231,250,45,45,98,98,124,144,144],"floor_reached":42,"playtime":1779,"items_purged":["Defend_R","Strike_R","Strike_R"],"score":448,"play_id":"64cc08ac-55bd-4b2c-bbc8-67648bdd72c5","local_time":"20190121014301","is_ascension_mode":false,"campfire_choices":[{"data":"Seeing Red","floor":8,"key":"SMITH"},{"data":"Dropkick","floor":12,"key":"SMITH"},{"floor":15,"key":"REST"},{"data":"Corruption","floor":23,"key":"SMITH"},{"data":"Bash","floor":25,"key":"SMITH"},{"floor":29,"key":"REST"},{"floor":32,"key":"REST"}],"neow_cost":"NONE","seed_source_timestamp":637424723483304,"circlet_count":0,"master_deck":["Strike_R","Defend_R","Bash+1","Seeing Red+1","Spot Weakness+1","Impervious+1","Cleave","Flex","Dropkick+1","Double Tap","Offering","Corruption+1","Dual Wield","Panacea"],"relics":["Burning Blood","Shuriken","Paper Frog","Empty Cage","Matryoshka","Fusion Hammer","Calipers","Bag of Marbles"],"potions_floor_usage":[5,7,16,33,40,40,41,42,42],"damage_taken":[{"damage":5,"enemies":"Small Slimes","floor":1,"turns":3},{"damage":5,"enemies":"2 Louse","floor":2,"turns":3},{"damage":1,"enemies":"Cultist","floor":5,"turns":3},{"damage":10,"enemies":"Looter","floor":6,"turns":2},{"damage":24,"enemies":"Gremlin Nob","floor":7,"turns":4},{"damage":0,"enemies":"Lots of Slimes","floor":10,"turns":3},{"damage":13,"enemies":"Gremlin Gang","floor":13,"turns":3},{"damage":21,"enemies":"Blue Slaver","floor":14,"turns":4},{"damage":51,"enemies":"Hexaghost","floor":16,"turns":11},{"damage":30,"enemies":"Spheric Guardian","floor":18,"turns":4},{"damage":29,"enemies":"Shell Parasite","floor":24,"turns":4},{"damage":13,"enemies":"Centurion and Healer","floor":27,"turns":3},{"damage":30,"enemies":"Sentry and Sphere","floor":28,"turns":5},{"damage":27,"enemies":"Slavers","floor":30,"turns":4},{"damage":22,"enemies":"Snake Plant","floor":31,"turns":2},{"damage":29,"enemies":"Champ","floor":33,"turns":6},{"damage":30,"enemies":"3 Darklings","floor":35,"turns":6},{"damage":47,"enemies":"2 Orb Walkers","floor":38,"turns":4},{"damage":87,"enemies":"Nemesis","floor":40,"turns":7},{"damage":0,"enemies":"Orb Walker","floor":41,"turns":3},{"damage":13,"enemies":"Sphere and 2 Shapes","floor":42,"turns":3}],"seed_played":"1453436472840132628","potions_obtained":[{"floor":1,"key":"Swift Potion"},{"floor":6,"key":"Fire Potion"},{"floor":14,"key":"PowerPotion"},{"floor":16,"key":"Dexterity Potion"},{"floor":27,"key":"FairyPotion"},{"floor":28,"key":"EntropicBrew"},{"floor":30,"key":"Fire Potion"},{"floor":40,"key":"Block Potion"},{"floor":41,"key":"SteroidPotion"}],"is_trial":false,"path_per_floor":["M","M","$","?","M","M","E","R","T","M","$","R","M","M","R","B",null,"M","$","?","?","?","R","M","R","T","M","M","R","E","M","R","B",null,"M","$","?","?","?","E","M","M"],"character_chosen":"IRONCLAD","items_purchased":["Impervious","Dual Wield"],"campfire_rested":3,"item_purchase_floors":[3,36],"current_hp_per_floor":[80,80,80,64,69,65,47,47,47,53,53,53,46,31,55,10,80,56,56,56,56,80,80,57,57,57,50,26,50,29,13,37,14,80,56,56,56,15,70,7,13,0],"gold":144,"neow_bonus":"REMOVE_CARD","is_prod":false,"is_daily":false,"chose_seed":false,"campfire_upgraded":4,"win_rate":0,"timestamp":1548052981,"path_taken":["M","M","$","?","M","M","E","R","T","M","$","R","M","M","R","BOSS","M","$","?","?","?","R","M","R","T","M","M","R","E","M","R","BOSS","M","$","?","?","?","E","M","M"],"build_version":"2019-01-17v2","purchased_purges":3,"victory":false,"max_hp_per_floor":[80,80,80,80,80,80,80,80,80,80,80,80,80,80,80,80,80,80,80,80,80,80,80,80,80,80,80,80,80,80,80,80,80,80,80,80,80,80,70,70,70,70],"card_choices":[{"not_picked":["Heavy Blade","Headbutt"],"picked":"Seeing Red","floor":1},{"not_picked":["Perfected Strike","Power Through"],"picked":"Spot Weakness","floor":2},{"not_picked":["Havoc","Sword Boomerang"],"picked":"Cleave","floor":5},{"not_picked":["Power Through","Havoc","Uppercut"],"picked":"SKIP","floor":6},{"not_picked":["Uppercut","Dual Wield"],"picked":"Flex","floor":7},{"not_picked":["Armaments","Reckless Charge"],"picked":"Dropkick","floor":10},{"not_picked":["Thunderclap","Clash"],"picked":"Double Tap","floor":13},{"not_picked":["Cleave","Power Through","Infernal Blade"],"picked":"SKIP","floor":14},{"not_picked":["Juggernaut","Berserk"],"picked":"Offering","floor":16},{"not_picked":["Body Slam+1","Clash"],"picked":"Corruption","floor":18},{"not_picked":["Anger","Warcry+1","Rupture+1"],"picked":"SKIP","floor":24},{"not_picked":["Clash+1","Warcry","Bludgeon"],"picked":"SKIP","floor":27},{"not_picked":["Pommel Strike","Sword Boomerang","Cleave"],"picked":"SKIP","floor":28},{"not_picked":["Armaments","Shockwave","Headbutt+1"],"picked":"SKIP","floor":30},{"not_picked":["Warcry+1","Shockwave","Headbutt"],"picked":"SKIP","floor":31},{"not_picked":["Clothesline+1","Havoc+1","Battle Trance+1"],"picked":"SKIP","floor":35},{"not_picked":["Bandage Up","PanicButton"],"picked":"Panacea","floor":37},{"not_picked":["Exhume","Spot Weakness+1","Wild Strike"],"picked":"SKIP","floor":40},{"not_picked":["Hemokinesis+1","Metallicize+1","Evolve"],"picked":"SKIP","floor":41}],"player_experience":532205,"relics_obtained":[{"floor":7,"key":"Shuriken"},{"floor":9,"key":"Paper Frog"},{"floor":30,"key":"Matryoshka"},{"floor":38,"key":"Calipers"},{"floor":40,"key":"Bag of Marbles"}],"event_choices":[{"damage_healed":0,"gold_gain":0,"player_choice":"Entered Light","damage_taken":16,"max_hp_gain":0,"max_hp_loss":0,"event_name":"Shining Light","floor":4,"gold_loss":0,"cards_upgraded":["Impervious","Spot Weakness"]},{"cards_removed":["Defend_R"],"damage_healed":0,"gold_gain":0,"player_choice":"Gave Gold","damage_taken":0,"max_hp_gain":0,"max_hp_loss":0,"event_name":"Beggar","floor":20,"gold_loss":75},{"damage_healed":0,"gold_gain":0,"player_choice":"Ignored","damage_taken":0,"max_hp_gain":0,"max_hp_loss":0,"event_name":"The Mausoleum","floor":21,"gold_loss":0},{"damage_healed":26,"gold_gain":0,"player_choice":"Heal","damage_taken":0,"max_hp_gain":0,"max_hp_loss":0,"event_name":"The Library","floor":22,"gold_loss":0},{"damage_healed":0,"gold_gain":0,"player_choice":"Memory 1","damage_taken":0,"max_hp_gain":0,"max_hp_loss":0,"event_name":"SensoryStone","floor":37,"gold_loss":0},{"damage_healed":0,"gold_gain":0,"player_choice":"Fight","damage_taken":0,"max_hp_gain":0,"max_hp_loss":0,"event_name":"Mysterious Sphere","floor":38,"gold_loss":0},{"damage_healed":70,"gold_gain":0,"player_choice":"Heal","damage_taken":0,"max_hp_gain":0,"max_hp_loss":10,"event_name":"The Moai Head","floor":39,"gold_loss":0}],"is_beta":false,"boss_relics":[{"not_picked":["Mark of Pain","Sozu"],"picked":"Empty Cage"},{"not_picked":["Black Blood","Snecko Eye"],"picked":"Fusion Hammer"}],"items_purged_floors":[11,19,36],"is_endless":false,"potions_floor_spawned":[1,6,14,16,27,28,30,40,41],"killed_by":"Sphere and 2 Shapes","ascension_level":0}