{"gold_per_floor":[209,43,63,73,73,102,102,130,130,141,161,191,202,213,213,285,285,285,285,285,210,210,210,210,210,210,210,210,15,15,15,15,15,15,15,15,15,15,15,15,15],"floor_reached":41,"playtime":2020,"items_purged":["Zap"],"score":991,"play_id":"a21f4fba-0ccf-4886-9797-298f03fd2db7","local_time":"20190331061040","is_ascension_mode":true,"campfire_choices":[{"data":"Defragment","floor":7,"key":"SMITH"},{"data":"Loop","floor":15,"key":"SMITH"},{"data":"Self Repair","floor":23,"key":"SMITH"},{"data":"Amplify","floor":28,"key":"SMITH"},{"data":"Coolheaded","floor":30,"key":"SMITH"},{"floor":32,"key":"REST"},{"floor":40,"key":"REST"}],"neow_cost":"NONE","seed_source_timestamp":1224820103354376,"circlet_count":0,"master_deck":["AscendersBane","Strike_B+1","Strike_B+1","Strike_B+1","Strike_B+1","Defend_B+1","Defend_B+1","Defend_B+1","Defend_B+1","Dualcast","Defragment+1","Loop+1","Self Repair+1","Coolheaded+1","Capacitor","Glacier","Loop+1","Cold Snap","Amplify+1","Ball Lightning","Ball Lightning","Biased Cognition+1","Heatsinks+1","Electrodynamics+1","Echo Form+1","Static Discharge+1","Parasite","Defragment+1"],"relics":["Cracked Core","PreservedInsect","Cables","Thread and Needle","Mango","Frozen Egg 2","Ectoplasm","Ice Cream","Pear","Symbiotic Virus","GremlinMask","Inserter"],"potions_floor_usage":[6,11,14,16,24,27,33,41,41],"damage_taken":[{"damage":1,"enemies":"Cultist","floor":1,"turns":4},{"damage":1,"enemies":"2 Louse","floor":3,"turns":2},{"damage":0,"enemies":"Small Slimes","floor":4,"turns":2},{"damage":8,"enemies":"Gremlin Nob","floor":6,"turns":3},{"damage":35,"enemies":"Lagavulin","floor":8,"turns":5},{"damage":0,"enemies":"Exordium Wildlife","floor":10,"turns":3},{"damage":0,"enemies":"Looter","floor":11,"turns":3},{"damage":0,"enemies":"3 Sentries","floor":12,"turns":9},{"damage":0,"enemies":"Exordium Thugs","floor":13,"turns":3},{"damage":0,"enemies":"3 Louse","floor":14,"turns":2},{"damage":5,"enemies":"The Guardian","floor":16,"turns":16},{"damage":18,"enemies":"3 Byrds","floor":18,"turns":6},{"damage":25,"enemies":"Colosseum Slavers","floor":19,"turns":4},{"damage":32,"enemies":"Colosseum Nobs","floor":19,"turns":4},{"damage":4,"enemies":"Shell Parasite","floor":22,"turns":7},{"damage":29,"enemies":"Gremlin Leader","floor":24,"turns":4},{"damage":0,"enemies":"Snecko","floor":27,"turns":7},{"damage":21,"enemies":"3 Cultists","floor":31,"turns":5},{"damage":5,"enemies":"Collector","floor":33,"turns":5},{"damage":15,"enemies":"3 Shapes","floor":35,"turns":3},{"damage":4,"enemies":"Orb Walker","floor":36,"turns":4},{"damage":20,"enemies":"Writhing Mass","floor":39,"turns":4},{"damage":96,"enemies":"Reptomancer","floor":41,"turns":2}],"seed_played":"1000489948716156076","potions_obtained":[{"floor":3,"key":"Weak Potion"},{"floor":4,"key":"Fire Potion"},{"floor":5,"key":"FocusPotion"},{"floor":8,"key":"SpeedPotion"},{"floor":12,"key":"Block Potion"},{"floor":19,"key":"Poison Potion"},{"floor":24,"key":"SkillPotion"},{"floor":35,"key":"SpeedPotion"},{"floor":36,"key":"SpeedPotion"}],"is_trial":false,"path_per_floor":["M","$","M","M","?","E","R","E","T","M","M","E","M","M","R","B",null,"M","?","?","?","M","R","E","?","T","M","R","$","R","M","R","B",null,"M","M","?","$","M","R","E"],"character_chosen":"DEFECT","items_purchased":["PreservedInsect","Heatsinks+1","Ancient Potion"],"campfire_rested":2,"item_purchase_floors":[2,29,29],"current_hp_per_floor":[63,63,62,62,62,54,54,26,40,47,47,54,61,68,68,70,81,77,37,37,37,40,40,21,21,21,31,31,31,31,20,48,63,87,72,78,78,78,58,86,0],"gold":15,"neow_bonus":"HUNDRED_GOLD","is_prod":false,"is_daily":false,"chose_seed":false,"campfire_upgraded":5,"win_rate":0,"timestamp":1554027040,"path_taken":["M","$","?","M","?","E","R","E","T","M","?","E","M","M","R","BOSS","M","?","?","?","?","R","E","?","T","M","R","$","R","M","R","BOSS","M","M","?","?","M","R","E"],"build_version":"2019-01-23","purchased_purges":1,"victory":false,"max_hp_per_floor":[71,71,71,71,71,71,71,71,85,85,85,85,85,85,85,85,85,85,95,95,95,95,95,95,95,95,95,95,95,95,95,95,95,95,95,95,95,95,95,95,95],"card_choices":[{"not_picked":["Beam Cell","Coolheaded"],"picked":"Sunder","floor":1},{"not_picked":["Static Discharge","Turbo"],"picked":"Defragment","floor":3},{"not_picked":["Lockon","Redo"],"picked":"Loop","floor":4},{"not_picked":["Conserve Battery","Streamline"],"picked":"Self Repair","floor":6},{"not_picked":["Thunder Strike","Blizzard"],"picked":"Coolheaded","floor":8},{"not_picked":["Streamline","Beam Cell"],"picked":"Capacitor","floor":10},{"not_picked":["Sweeping Beam","Recycle"],"picked":"Glacier","floor":11},{"not_picked":["Hologram","Stack"],"picked":"Loop","floor":12},{"not_picked":["Streamline","Melter"],"picked":"Cold Snap","floor":13},{"not_picked":["Double Energy","Steam","Genetic Algorithm"],"picked":"SKIP","floor":14},{"not_picked":["Meteor Strike","Fission"],"picked":"Amplify","floor":16},{"not_picked":["Lockon","Tempest"],"picked":"Ball Lightning","floor":18},{"not_picked":["Compile Driver","Steam"],"picked":"FTL","floor":19},{"not_picked":["Coolheaded","Sweeping Beam"],"picked":"Ball Lightning","floor":22},{"not_picked":["Coolheaded+1","Go for the Eyes"],"picked":"Biased Cognition+1","floor":24},{"not_picked":["Melter+1","Compile Driver","Skim"],"picked":"SKIP","floor":27},{"not_picked":["Compile Driver","Rip and Tear"],"picked":"Electrodynamics+1","floor":31},{"not_picked":["Thunder Strike","Buffer+1"],"picked":"Echo Form+1","floor":33},{"not_picked":["Aggregate","Stack","Gash"],"picked":"SKIP","floor":35},{"not_picked":["Darkness","Rebound+1"],"picked":"Static Discharge+1","floor":36},{"not_picked":["Go for the Eyes+1","Compile Driver"],"picked":"Defragment+1","floor":39}],"player_experience":1511751,"relics_obtained":[{"floor":6,"key":"Cables"},{"floor":8,"key":"Thread and Needle"},{"floor":9,"key":"Mango"},{"floor":12,"key":"Frozen Egg 2"},{"floor":19,"key":"Ice Cream"},{"floor":19,"key":"Pear"},{"floor":24,"key":"Symbiotic Virus"}],"event_choices":[{"damage_healed":0,"gold_gain":0,"player_choice":"Got Potions","damage_taken":0,"max_hp_gain":0,"max_hp_loss":0,"event_name":"Lab","floor":5,"gold_loss":0},{"damage_healed":0,"gold_gain":0,"player_choice":"Fight","damage_taken":0,"max_hp_gain":0,"max_hp_loss":0,"event_name":"Colosseum","floor":19,"gold_loss":0},{"damage_healed":0,"gold_gain":0,"player_choice":"Fought Nobs","damage_taken":0,"max_hp_gain":0,"max_hp_loss":0,"event_name":"Colosseum","floor":19,"gold_loss":0},{"damage_healed":0,"gold_gain":0,"player_choice":"Simplicity","damage_taken":0,"max_hp_gain":0,"max_hp_loss":0,"event_name":"Back to Basics","floor":20,"gold_loss":0,"cards_upgraded":["Strike_B","Strike_B","Strike_B","Strike_B","Defend_B","Defend_B","Defend_B","Defend_B"]},{"cards_removed":["Sunder"],"damage_healed":0,"gold_gain":0,"player_choice":"Gave Gold","damage_taken":0,"max_hp_gain":0,"max_hp_loss":0,"event_name":"Beggar","floor":21,"gold_loss":75},{"damage_healed":0,"gold_gain":0,"player_choice":"Trade","damage_taken":0,"relics_obtained":["GremlinMask"],"max_hp_gain":0,"max_hp_loss":0,"event_name":"FaceTrader","floor":25,"gold_loss":0},{"cards_removed":["FTL"],"damage_healed":0,"gold_gain":0,"player_choice":"Card Removal","damage_taken":0,"max_hp_gain":0,"max_hp_loss":0,"event_name":"Wheel of Change","floor":37,"gold_loss":0}],"is_beta":false,"boss_relics":[{"not_picked":["Tiny House","Runic Pyramid"],"picked":"Ectoplasm"},{"not_picked":["Pandora\u0027s Box","Astrolabe"],"picked":"Inserter"}],"items_purged_floors":[29],"is_endless":false,"potions_floor_spawned":[3,4,8,10,12,19,19,24,35,36],"killed_by":"Reptomancer","ascension_level":20}