{"gold_per_floor":[114,114,79,90,90,90,122,135,135,23,23,40,40,0,0,0],"floor_reached":16,"playtime":595,"items_purged":[],"score":186,"play_id":"667f0ba9-a43d-4f59-a350-d7be1622e4a5","local_time":"20190511052542","is_ascension_mode":true,"campfire_choices":[{"floor":6,"key":"REST"},{"floor":11,"key":"REST"},{"floor":13,"key":"REST"},{"data":"Accuracy","floor":15,"key":"SMITH"}],"neow_cost":"NONE","seed_source_timestamp":3488621791221237,"circlet_count":0,"master_deck":["AscendersBane","Defend_G","Defend_G","Defend_G","Defend_G","Defend_G","Strike_G","Strike_G","Strike_G","Strike_G","Strike_G+1","Survivor","Neutralize","Blade Dance+1","Endless Agony","Well Laid Plans","Accuracy+1","Deflect","Blade Dance"],"relics":["WristBlade","Mummified Hand","Snake Skull","Darkstone Periapt"],"potions_floor_usage":[16,16],"damage_taken":[{"damage":1,"enemies":"Cultist","floor":1,"turns":5},{"damage":1,"enemies":"Jaw Worm","floor":4,"turns":3},{"damage":37,"enemies":"Lagavulin","floor":7,"turns":6},{"damage":0,"enemies":"Small Slimes","floor":8,"turns":2},{"damage":5,"enemies":"Blue Slaver","floor":12,"turns":3},{"damage":39,"enemies":"Hexaghost","floor":16,"turns":9}],"seed_played":"-3032782958512178663","potions_obtained":[{"floor":4,"key":"FairyPotion"},{"floor":7,"key":"Dexterity Potion"},{"floor":8,"key":"SteroidPotion"}],"is_trial":false,"path_per_floor":["M","?","?","M","?","R","E","M","T","$","R","M","R","?","R","B"],"character_chosen":"THE_SILENT","items_purchased":["Accuracy","Deflect"],"campfire_rested":3,"item_purchase_floors":[10,10],"current_hp_per_floor":[58,38,54,53,18,37,6,6,6,6,25,20,39,39,39,0],"gold":0,"neow_bonus":"BOSS_RELIC","is_prod":false,"is_daily":false,"chose_seed":false,"campfire_upgraded":1,"win_rate":0,"timestamp":1557570342,"path_taken":["M","?","?","M","?","R","E","M","T","$","R","M","R","?","R","BOSS"],"build_version":"2019-01-23","purchased_purges":0,"victory":false,"max_hp_per_floor":[66,66,66,66,66,66,66,66,66,66,66,66,66,66,66,66],"card_choices":[{"not_picked":["Prepared","Poisoned Stab"],"picked":"Blade Dance","floor":1},{"not_picked":["Masterful Stab","Flechettes","Outmaneuver"],"picked":"SKIP","floor":4},{"not_picked":["Wraith Form v2","Dodge and Roll"],"picked":"Endless Agony","floor":7},{"not_picked":["Catalyst","Dagger Throw"],"picked":"Well Laid Plans","floor":8},{"not_picked":["Acrobatics","Blur"],"picked":"Blade Dance","floor":12}],"player_experience":679962,"relics_obtained":[{"floor":7,"key":"Snake Skull"},{"floor":9,"key":"Darkstone Periapt"}],"event_choices":[{"damage_healed":0,"gold_gain":0,"player_choice":"Entered Light","damage_taken":20,"max_hp_gain":0,"max_hp_loss":0,"event_name":"Shining Light","floor":2,"gold_loss":0,"cards_upgraded":["Blade Dance","Strike_G"]},{"damage_healed":16,"gold_gain":0,"player_choice":"Healed","damage_taken":0,"max_hp_gain":0,"max_hp_loss":0,"event_name":"The Cleric","floor":3,"gold_loss":35},{"damage_healed":0,"gold_gain":0,"player_choice":"Success","damage_taken":35,"relics_obtained":["Mummified Hand"],"max_hp_gain":0,"max_hp_loss":0,"event_name":"Scrap Ooze","floor":5,"gold_loss":0},{"damage_healed":0,"gold_gain":0,"player_choice":"Left Gold","damage_taken":0,"max_hp_gain":0,"max_hp_loss":0,"event_name":"World of Goop","floor":14,"gold_loss":40}],"is_beta":false,"boss_relics":[],"items_purged_floors":[],"is_endless":false,"potions_floor_spawned":[4,7,8],"killed_by":"Hexaghost","ascension_level":18}