{"gold_per_floor":[109,109,109,127,75,106,106,141,141,174,186,186,186,204,204,277,277,288,305,19,37,37,37,98,109,136,164,164],"floor_reached":28,"playtime":760,"items_purged":[],"score":527,"play_id":"bf6c812a-1388-4b71-a5df-6dfdb806f07a","local_time":"20190318210047","is_ascension_mode":true,"campfire_choices":[{"data":"Bash","floor":7,"key":"SMITH"},{"data":"Armaments","floor":13,"key":"SMITH"},{"data":"Anger","floor":15,"key":"SMITH"},{"floor":23,"key":"REST"}],"neow_cost":"NONE","seed_source_timestamp":467208015090811,"circlet_count":0,"master_deck":["AscendersBane","Strike_R","Strike_R","Strike_R","Strike_R","Defend_R","Defend_R","Defend_R","Defend_R","Bash+1","Twin Strike","Cleave","Anger+1","Armaments+1","Limit Break","Fiend Fire","Shrug It Off","Disarm","Pommel Strike+1","Battle Trance"],"relics":["Burning Blood","NeowsBlessing","Singing Bowl","Happy Flower","Self Forming Clay","PreservedInsect","Velvet Choker","Torii","Ice Cream","Tiny Chest","Art of War","FossilizedHelix"],"potions_floor_usage":[8,10,16,18,18,28],"damage_taken":[{"damage":0,"enemies":"Jaw Worm","floor":1,"turns":1},{"damage":0,"enemies":"Cultist","floor":4,"turns":1},{"damage":0,"enemies":"Lagavulin","floor":6,"turns":1},{"damage":35,"enemies":"3 Sentries","floor":8,"turns":7},{"damage":27,"enemies":"Lagavulin","floor":10,"turns":6},{"damage":8,"enemies":"2 Louse","floor":11,"turns":2},{"damage":11,"enemies":"Gremlin Gang","floor":14,"turns":4},{"damage":22,"enemies":"Hexaghost","floor":16,"turns":8},{"damage":29,"enemies":"2 Thieves","floor":18,"turns":4},{"damage":2,"enemies":"Chosen","floor":19,"turns":4},{"damage":32,"enemies":"Shelled Parasite and Fungi","floor":21,"turns":7},{"damage":17,"enemies":"Slavers","floor":24,"turns":6},{"damage":10,"enemies":"Snecko","floor":25,"turns":4},{"damage":39,"enemies":"Gremlin Leader","floor":27,"turns":8},{"damage":16,"enemies":"Snake Plant","floor":28,"turns":1}],"seed_played":"-7368697241977847395","potions_obtained":[{"floor":4,"key":"Regen Potion"},{"floor":8,"key":"Explosive Potion"},{"floor":10,"key":"Ancient Potion"},{"floor":12,"key":"PowerPotion"},{"floor":12,"key":"EntropicBrew"},{"floor":19,"key":"FairyPotion"},{"floor":25,"key":"Energy Potion"},{"floor":27,"key":"FearPotion"}],"is_trial":false,"path_per_floor":["M","$","?","M","$","E","R","E","T","E","M","?","R","M","R","B",null,"M","M","$","M","?","R","E","M","T","E","M"],"character_chosen":"IRONCLAD","items_purchased":["Strength Potion","Torii"],"campfire_rested":1,"item_purchase_floors":[5,20],"current_hp_per_floor":[74,74,74,75,75,77,77,48,48,42,40,40,40,35,35,19,63,42,46,46,20,20,43,32,30,30,14,0],"gold":164,"neow_bonus":"THREE_ENEMY_KILL","is_prod":false,"is_daily":false,"chose_seed":false,"campfire_upgraded":3,"win_rate":0,"timestamp":1552957247,"path_taken":["M","$","?","?","?","E","R","E","T","E","?","?","R","?","R","BOSS","M","M","$","M","?","R","E","M","T","E","M"],"build_version":"2019-03-15","purchased_purges":0,"victory":false,"max_hp_per_floor":[75,75,75,75,75,77,77,77,77,77,77,77,77,77,77,77,77,79,79,79,79,79,79,79,81,81,81,81],"card_choices":[{"not_picked":["Clash","Flex","Iron Wave"],"picked":"SKIP","floor":1},{"not_picked":["Power Through","Perfected Strike"],"picked":"Twin Strike","floor":4},{"not_picked":["Cleave","Wild Strike","Sentinel"],"picked":"Singing Bowl","floor":6},{"not_picked":["Iron Wave","Fire Breathing"],"picked":"Cleave","floor":8},{"not_picked":["Thunderclap","Pommel Strike"],"picked":"Anger","floor":10},{"not_picked":["Heavy Blade","Havoc"],"picked":"Armaments","floor":11},{"not_picked":["Entrench","Anger"],"picked":"Limit Break","floor":14},{"not_picked":["Demon Form","Barricade"],"picked":"Fiend Fire","floor":16},{"not_picked":["Anger","Sentinel","True Grit"],"picked":"Singing Bowl","floor":18},{"not_picked":["Headbutt","True Grit"],"picked":"Shrug It Off","floor":19},{"not_picked":["Evolve","Anger"],"picked":"Disarm","floor":21},{"not_picked":["Armaments","Entrench"],"picked":"Pommel Strike+1","floor":24},{"not_picked":["Combust","Pommel Strike","Exhume"],"picked":"Singing Bowl","floor":25},{"not_picked":["Perfected Strike","Twin Strike"],"picked":"Battle Trance","floor":27}],"player_experience":2225886,"relics_obtained":[{"floor":6,"key":"Singing Bowl"},{"floor":8,"key":"Happy Flower"},{"floor":9,"key":"Self Forming Clay"},{"floor":10,"key":"PreservedInsect"},{"floor":24,"key":"Tiny Chest"},{"floor":26,"key":"Art of War"},{"floor":27,"key":"FossilizedHelix"}],"event_choices":[{"cards_removed":["Strike_R"],"damage_healed":0,"gold_gain":0,"player_choice":"Purged","damage_taken":0,"max_hp_gain":0,"max_hp_loss":0,"event_name":"Purifier","floor":3,"gold_loss":0},{"damage_healed":0,"gold_gain":0,"player_choice":"Got Potions","damage_taken":0,"max_hp_gain":0,"max_hp_loss":0,"event_name":"Lab","floor":12,"gold_loss":0},{"damage_healed":0,"gold_gain":0,"player_choice":"Gave Potion","damage_taken":0,"relics_obtained":["Ice Cream"],"max_hp_gain":0,"max_hp_loss":0,"event_name":"WeMeetAgain","floor":22,"gold_loss":0}],"is_beta":true,"boss_relics":[{"not_picked":["Runic Cube","Coffee Dripper"],"picked":"Velvet Choker"}],"items_purged_floors":[],"is_endless":false,"potions_floor_spawned":[4,8,10,19,25,27],"killed_by":"Snake Plant","ascension_level":15}