{"gold_per_floor":[111,130,130,130,148,148,183,201,201,201,218,59,94,105,105,182,182,196,115,126,143,58,83,83,113,113,113],"floor_reached":27,"playtime":798,"items_purged":["Strike_R"],"score":526,"play_id":"3a896061-e01d-4d4a-bc3b-652fe1679a7f","local_time":"20190419222454","is_ascension_mode":true,"campfire_choices":[{"data":"Bash","floor":6,"key":"SMITH"},{"data":"Armaments","floor":10,"key":"SMITH"},{"floor":15,"key":"REST"},{"floor":24,"key":"REST"}],"neow_cost":"NONE","seed_source_timestamp":387424357898335,"circlet_count":0,"master_deck":["AscendersBane","Strike_R","Strike_R","Defend_R","Defend_R","Defend_R","Defend_R","Bash+1","Whirlwind","Disarm","Twin Strike","Clothesline","Armaments+1","Pommel Strike","Inflame","Anger","Impervious+1","Havoc+1","True Grit+1","Havoc+1","True Grit+1","Iron Wave+1","Brutality"],"relics":["Burning Blood","Boot","Sundial","Toxic Egg 2","Mummified Hand","Sozu","Ornamental Fan","Shuriken","Blood Vial","The Courier"],"potions_floor_usage":[7,13,23,25],"damage_taken":[{"damage":3,"enemies":"2 Louse","floor":1,"turns":4},{"damage":1,"enemies":"Cultist","floor":2,"turns":3},{"damage":5,"enemies":"Jaw Worm","floor":5,"turns":7},{"damage":31,"enemies":"Lagavulin","floor":7,"turns":6},{"damage":8,"enemies":"Looter","floor":8,"turns":4},{"damage":19,"enemies":"Exordium Wildlife","floor":11,"turns":5},{"damage":15,"enemies":"3 Sentries","floor":13,"turns":5},{"damage":4,"enemies":"2 Fungi Beasts","floor":14,"turns":4},{"damage":13,"enemies":"Slime Boss","floor":16,"turns":6},{"damage":17,"enemies":"Spheric Guardian","floor":18,"turns":4},{"damage":8,"enemies":"Chosen","floor":20,"turns":5},{"damage":35,"enemies":"Sentry and Sphere","floor":21,"turns":8},{"damage":15,"enemies":"Slavers","floor":23,"turns":7},{"damage":12,"enemies":"Book of Stabbing","floor":25,"turns":5},{"damage":40,"enemies":"Chosen and Byrds","floor":27,"turns":5}],"seed_played":"-6989583950813144694","potions_obtained":[{"floor":1,"key":"LiquidBronze"},{"floor":2,"key":"Fire Potion"},{"floor":7,"key":"Explosive Potion"},{"floor":16,"key":"EssenceOfSteel"}],"is_trial":false,"path_per_floor":["M","M","?","?","M","R","E","M","T","R","M","$","E","M","R","B",null,"M","$","M","M","?","E","R","E","T","M"],"character_chosen":"IRONCLAD","items_purchased":["Inflame","True Grit+1","Havoc+1"],"campfire_rested":2,"item_purchase_floors":[12,19,19],"current_hp_per_floor":[71,75,68,68,69,69,44,42,42,42,29,29,20,22,44,37,66,55,55,53,24,24,15,37,31,31,0],"gold":113,"neow_bonus":"RANDOM_COMMON_RELIC","is_prod":false,"is_daily":false,"chose_seed":false,"campfire_upgraded":2,"win_rate":0,"timestamp":1555737894,"path_taken":["M","M","?","?","M","R","E","M","T","R","M","$","E","M","R","BOSS","M","$","?","M","?","E","R","E","T","M"],"build_version":"2019-04-04","purchased_purges":1,"victory":false,"max_hp_per_floor":[75,75,75,75,75,75,75,75,75,75,75,75,75,75,75,75,75,75,75,75,75,75,75,75,75,75,75],"card_choices":[{"not_picked":["Combust","Headbutt"],"picked":"Whirlwind","floor":1},{"not_picked":["Headbutt","Cleave"],"picked":"Disarm","floor":2},{"not_picked":["Body Slam","Combust"],"picked":"Twin Strike","floor":5},{"not_picked":["Armaments","Whirlwind"],"picked":"Clothesline","floor":7},{"not_picked":["Headbutt","Second Wind"],"picked":"Armaments","floor":8},{"not_picked":["Sword Boomerang","Body Slam"],"picked":"Pommel Strike","floor":11},{"not_picked":["Bludgeon","Clash"],"picked":"Anger","floor":13},{"not_picked":["Heavy Blade","Clash","Cleave"],"picked":"SKIP","floor":14},{"not_picked":["Double Tap+1","Reaper"],"picked":"Impervious+1","floor":16},{"not_picked":["Perfected Strike","Cleave"],"picked":"Havoc+1","floor":18},{"not_picked":["Power Through+1","Hemokinesis"],"picked":"True Grit+1","floor":20},{"not_picked":["Twin Strike+1","Clash"],"picked":"Iron Wave+1","floor":21},{"not_picked":["Carnage","Cleave","Thunderclap"],"picked":"SKIP","floor":23},{"not_picked":["Iron Wave","Pommel Strike+1"],"picked":"Brutality","floor":25}],"player_experience":1187037,"relics_obtained":[{"floor":7,"key":"Sundial"},{"floor":9,"key":"Toxic Egg 2"},{"floor":13,"key":"Mummified Hand"},{"floor":23,"key":"Shuriken"},{"floor":25,"key":"Blood Vial"},{"floor":26,"key":"The Courier"}],"event_choices":[{"cards_removed":["Strike_R"],"damage_healed":0,"gold_gain":0,"player_choice":"Card Removal","damage_taken":7,"max_hp_gain":0,"max_hp_loss":0,"event_name":"Golden Wing","floor":3,"gold_loss":0},{"cards_removed":["Strike_R"],"damage_healed":0,"gold_gain":0,"player_choice":"Purged","damage_taken":0,"max_hp_gain":0,"max_hp_loss":0,"event_name":"Purifier","floor":4,"gold_loss":0},{"damage_healed":0,"gold_gain":0,"player_choice":"Obtained Relic","damage_taken":0,"relics_obtained":["Ornamental Fan"],"max_hp_gain":0,"max_hp_loss":0,"event_name":"Addict","floor":22,"gold_loss":85}],"is_beta":true,"boss_relics":[{"not_picked":["Philosopher\u0027s Stone","Astrolabe"],"picked":"Sozu"}],"items_purged_floors":[12],"is_endless":false,"potions_floor_spawned":[1,2,7,16,20,23],"killed_by":"Chosen and Byrds","ascension_level":20}