{"gold_per_floor":[110,122,139,139,149,182,102,102,102,114,114,127,127],"floor_reached":13,"playtime":635,"items_purged":[],"score":161,"play_id":"abcce2d4-00b0-441f-83fa-48e1672feb1e","local_time":"20190311104527","is_ascension_mode":true,"campfire_choices":[{"data":"Armaments","floor":8,"key":"SMITH"},{"floor":11,"key":"REST"}],"neow_cost":"NONE","seed_source_timestamp":690088903260917,"circlet_count":0,"master_deck":["AscendersBane","Strike_R","Strike_R","Strike_R","Strike_R","Strike_R","Defend_R","Defend_R+1","Defend_R","Defend_R","Bash+1","Fire Breathing","Clothesline+1","Armaments+1","Spot Weakness","Reaper","Fire Breathing","Hemokinesis","Twin Strike"],"relics":["Burning Blood","Bag of Marbles","Regal Pillow"],"potions_floor_usage":[10],"damage_taken":[{"damage":6,"enemies":"Cultist","floor":1,"turns":3},{"damage":4,"enemies":"Small Slimes","floor":2,"turns":4},{"damage":8,"enemies":"Jaw Worm","floor":3,"turns":4},{"damage":9,"enemies":"Blue Slaver","floor":5,"turns":5},{"damage":41,"enemies":"Lagavulin","floor":6,"turns":8},{"damage":7,"enemies":"Large Slime","floor":10,"turns":5},{"damage":35,"enemies":"Exordium Wildlife","floor":12,"turns":6},{"damage":40,"enemies":"3 Sentries","floor":13,"turns":4}],"seed_played":"-5050698638275781944","potions_obtained":[{"floor":6,"key":"Fire Potion"},{"floor":12,"key":"SpeedPotion"}],"is_trial":false,"path_per_floor":["M","M","M","?","M","E","$","R","T","M","R","M","E"],"character_chosen":"IRONCLAD","items_purchased":["Fire Breathing"],"campfire_rested":1,"item_purchase_floors":[7],"current_hp_per_floor":[68,70,68,45,42,7,7,7,7,10,47,23,0],"gold":127,"neow_bonus":"UPGRADE_CARD","is_prod":false,"is_daily":false,"chose_seed":false,"campfire_upgraded":1,"win_rate":0,"timestamp":1552315527,"path_taken":["M","M","M","?","M","E","$","R","T","M","R","M","E"],"build_version":"2019-01-23","purchased_purges":0,"victory":false,"max_hp_per_floor":[75,75,75,75,75,75,75,75,75,75,75,75,75],"card_choices":[{"not_picked":["Body Slam","Heavy Blade"],"picked":"Fire Breathing","floor":1},{"not_picked":["Thunderclap","Body Slam"],"picked":"Clothesline","floor":2},{"not_picked":["Warcry","Flex"],"picked":"Armaments","floor":3},{"not_picked":["Wild Strike","Intimidate"],"picked":"Spot Weakness","floor":5},{"not_picked":["Ghostly Armor","Feel No Pain"],"picked":"Reaper","floor":6},{"not_picked":["Infernal Blade","Clash"],"picked":"Hemokinesis","floor":10},{"not_picked":["True Grit","Flex"],"picked":"Twin Strike","floor":12}],"player_experience":1025096,"relics_obtained":[{"floor":6,"key":"Bag of Marbles"},{"floor":9,"key":"Regal Pillow"}],"event_choices":[{"damage_healed":0,"gold_gain":0,"player_choice":"Entered Light","damage_taken":23,"max_hp_gain":0,"max_hp_loss":0,"event_name":"Shining Light","floor":4,"gold_loss":0,"cards_upgraded":["Clothesline","Defend_R"]}],"is_beta":false,"boss_relics":[],"items_purged_floors":[],"is_endless":false,"potions_floor_spawned":[6,12],"killed_by":"3 Sentries","ascension_level":17}