{"gold_per_floor":[10,28,48,48,68,68,15,42,42,62,34,34,68,81,81,152,152,167,185,203,215,235,267,267,295,295,311,311,361,361,32,32,106,106,120,132,132,144,44,44],"floor_reached":40,"playtime":3993,"items_purged":["Strike_B","Strike_B"],"score":980,"play_id":"7ee7d566-92db-4af6-ab90-6d11e9a2cb0c","local_time":"20190426200955","is_ascension_mode":true,"campfire_choices":[{"data":"Zap","floor":6.0,"key":"SMITH"},{"data":"Coolheaded","floor":12.0,"key":"SMITH"},{"data":"Electrodynamics","floor":15.0,"key":"SMITH"},{"floor":24.0,"key":"REST"},{"floor":28,"key":"REST"},{"floor":30,"key":"RECALL"},{"floor":32,"key":"REST"}],"neow_cost":"NO_GOLD","seed_source_timestamp":1056688110898609,"circlet_count":0,"master_deck":["AscendersBane","Defend_B","Defend_B","Defend_B","Defend_B","Zap+1","Dualcast","All For One","Aggregate","Cold Snap","Ball Lightning","Melter","Cold Snap","Electrodynamics+1","Coolheaded+1","Steam","Compile Driver","Electrodynamics","Conserve Battery+1","Leap+1","Glacier","Flash of Steel","Fission","Capacitor"],"special_seed":0,"relics":["Cracked Core","Singing Bowl","Ornamental Fan","Kunai","DataDisk","Runic Pyramid","Regal Pillow","Mercury Hourglass","Nuclear Battery"],"potions_floor_usage":[25,33],"damage_taken":[{"damage":1.0,"enemies":"Cultist","floor":1.0,"turns":3.0},{"damage":5.0,"enemies":"Jaw Worm","floor":2.0,"turns":5.0},{"damage":0.0,"enemies":"2 Louse","floor":3.0,"turns":2.0},{"damage":5.0,"enemies":"Gremlin Gang","floor":5.0,"turns":2.0},{"damage":9.0,"enemies":"Gremlin Nob","floor":8.0,"turns":3.0},{"damage":0.0,"enemies":"2 Fungi Beasts","floor":10.0,"turns":2.0},{"damage":20.0,"enemies":"Lagavulin","floor":13.0,"turns":6.0},{"damage":2.0,"enemies":"Blue Slaver","floor":14.0,"turns":2.0},{"damage":0.0,"enemies":"Slime Boss","floor":16.0,"turns":4.0},{"damage":0.0,"enemies":"Chosen","floor":18.0,"turns":3.0},{"damage":0.0,"enemies":"3 Byrds","floor":19.0,"turns":2.0},{"damage":5.0,"enemies":"Snake Plant","floor":20.0,"turns":4.0},{"damage":6.0,"enemies":"Snecko","floor":21.0,"turns":4.0},{"damage":21.0,"enemies":"Centurion and Healer","floor":22.0,"turns":3.0},{"damage":21.0,"enemies":"Gremlin Leader","floor":23.0,"turns":5.0},{"damage":54,"enemies":"Book of Stabbing","floor":25,"turns":6},{"damage":0,"enemies":"Cultist and Chosen","floor":27,"turns":4},{"damage":58,"enemies":"Collector","floor":33,"turns":13},{"damage":6,"enemies":"3 Darklings","floor":35,"turns":3},{"damage":7,"enemies":"3 Shapes","floor":36,"turns":3},{"damage":21,"enemies":"Spire Growth","floor":38,"turns":7},{"damage":40,"enemies":"Nemesis","floor":40,"turns":6}],"seed_played":"-5339012831944309586","potions_obtained":[{"floor":2.0,"key":"Poison Potion"},{"floor":3.0,"key":"Explosive Potion"},{"floor":10.0,"key":"Fire Potion"},{"floor":14.0,"key":"Swift Potion"},{"floor":20.0,"key":"FearPotion"},{"floor":33,"key":"SpeedPotion"}],"is_trial":false,"path_per_floor":["M","M","M","?","M","R","$","E","T","M","$","R","E","M","R","B",null,"M","M","M","M","M","E","R","E","T","M","R","?","R","$","R","B",null,"M","M","?","M","$","E"],"character_chosen":"DEFECT","items_purchased":["Strength Potion","Steam","Glacier","Flash of Steel","SpeedPotion","Block Potion"],"campfire_rested":3,"item_purchase_floors":[7,11,31,31,31,31],"current_hp_per_floor":[63,58,58,58,53,53,53,44,44,44,44,44,24,24,24,24,61,61,63,60,56,35,16,55,3,3,5,45,37,37,37,77,19,69,63,58,58,39,39,0],"gold":44,"neow_bonus":"TRANSFORM_TWO_CARDS","is_prod":false,"is_daily":false,"chose_seed":false,"campfire_upgraded":3,"win_rate":0,"timestamp":1556334595,"path_taken":["M","?","M","?","M","R","$","E","T","M","?","R","E","M","R","BOSS","M","M","?","M","M","E","R","E","T","?","R","?","R","$","R","BOSS","M","?","?","M","$","E"],"build_version":"2019-04-23","purchased_purges":2,"victory":false,"max_hp_per_floor":[71,71,71,71,71,71,71,71,71,71,71,71,71,73,73,73,73,73,75,77,79,79,81,81,83,83,85,85,85,85,85,85,85,85,85,87,83,85,85,85],"card_choices":[{"not_picked":["Coolheaded","Conserve Battery"],"picked":"Cold Snap","floor":1.0},{"not_picked":["Skim","Cold Snap"],"picked":"Ball Lightning","floor":2.0},{"not_picked":["Chill","Steam"],"picked":"Melter","floor":3.0},{"not_picked":["Turbo","Recycle"],"picked":"Cold Snap","floor":5.0},{"not_picked":["Rebound","Thunder Strike"],"picked":"Electrodynamics","floor":8.0},{"not_picked":["Streamline","Chaos"],"picked":"Coolheaded","floor":10.0},{"not_picked":["Redo","Steam"],"picked":"Compile Driver","floor":13.0},{"not_picked":["Ball Lightning","Leap","Stack"],"picked":"Singing Bowl","floor":14.0},{"not_picked":["Amplify","All For One"],"picked":"Electrodynamics","floor":16.0},{"not_picked":["Compile Driver+1","Aggregate"],"picked":"Conserve Battery+1","floor":18.0},{"not_picked":["Chaos+1","Melter","Double Energy"],"picked":"Singing Bowl","floor":19.0},{"not_picked":["Rip and Tear","Compile Driver","Darkness"],"picked":"Singing Bowl","floor":20.0},{"not_picked":["Consume","Leap","Barrage"],"picked":"Singing Bowl","floor":21.0},{"not_picked":["Recycle","Redo"],"picked":"Leap+1","floor":22.0},{"not_picked":["Sunder","Storm","Darkness"],"picked":"Singing Bowl","floor":23.0},{"not_picked":["Doom and Gloom","Streamline+1","Hyperbeam"],"picked":"Singing Bowl","floor":25},{"not_picked":["Streamline","Undo","Gash"],"picked":"Singing Bowl","floor":27},{"not_picked":["Creative AI","Core Surge"],"picked":"Fission","floor":33},{"not_picked":["Redo","Go for the Eyes"],"picked":"Capacitor","floor":35},{"not_picked":["Streamline","Barrage","Darkness"],"picked":"Singing Bowl","floor":36},{"not_picked":["Ball Lightning","Storm","Gash+1"],"picked":"Singing Bowl","floor":38}],"player_experience":1477134,"relics_obtained":[{"floor":8.0,"key":"Ornamental Fan"},{"floor":9.0,"key":"Kunai"},{"floor":13.0,"key":"DataDisk"},{"floor":23.0,"key":"Regal Pillow"},{"floor":25,"key":"Mercury Hourglass"}],"event_choices":[{"damage_healed":0.0,"max_hp_gain":0.0,"max_hp_loss":0.0,"gold_gain":0.0,"event_name":"WeMeetAgain","player_choice":"Gave Potion","floor":4.0,"gold_loss":0.0,"damage_taken":0.0,"relics_obtained":["Singing Bowl"]},{"damage_healed":0,"gold_gain":50,"player_choice":"Touch","damage_taken":8,"max_hp_gain":0,"max_hp_loss":0,"event_name":"FaceTrader","floor":29,"gold_loss":0},{"damage_healed":0,"gold_gain":0,"player_choice":"Max HP","damage_taken":0,"max_hp_gain":0,"max_hp_loss":4,"event_name":"Winding Halls","floor":37,"gold_loss":0}],"is_beta":true,"boss_relics":[{"not_picked":["Inserter","Philosopher\u0027s Stone"],"picked":"Runic Pyramid"},{"not_picked":["Cursed Key","Orrery"],"picked":"Nuclear Battery"}],"items_purged_floors":[31,39],"is_endless":false,"potions_floor_spawned":[2,3,10,14,20,21,33],"killed_by":"Nemesis","ascension_level":20}