{"path_per_floor":["M","M","M","M","?","E","R","E","T","E","R","?","R","E","R"],"character_chosen":"IRONCLAD","items_purchased":[],"gold_per_floor":[109,127,139,149,149,182,182,217,244,275,275,275,275,318,318,318],"floor_reached":16,"campfire_rested":2,"playtime":561,"current_hp_per_floor":[64,58,54,47,47,30,50,37,37,13,35,40,40,27,27,0],"items_purged":[],"gold":318,"score":224,"play_id":"62d8dd23-6241-4156-8d17-1f134c1cacb9","local_time":"20180415131044","is_prod":false,"is_daily":false,"chose_seed":false,"is_ascension_mode":true,"campfire_upgraded":2,"timestamp":1523812244,"path_taken":["M","?","M","M","?","E","R","E","T","E","R","?","R","E","R","BOSS"],"build_version":"2018-04-12","seed_source_timestamp":228862905468743,"purchased_purges":0,"victory":false,"master_deck":["Strike_R","Strike_R","Strike_R","Strike_R","Strike_R","Defend_R","Defend_R","Defend_R","Defend_R","Bash","AscendersBane","Spot Weakness","Offering","Headbutt","Headbutt","Fire Breathing","Feel No Pain","Perfected Strike+1","Reckless Charge","Reckless Charge","Demon Form+1","Inflame","Wild Strike","Thunderclap"],"max_hp_per_floor":[75,75,75,75,68,68,68,75,75,75,75,80,80,80,80,80],"relics":["Orrery","Golden Idol","Lantern","Strawberry","Bronze Scales","Charon\u0027s Ashes","Dream Catcher"],"card_choices":[{"not_picked":["Seeing Red","Rampage"],"picked":"Spot Weakness","floor":0},{"not_picked":["Flex","Pommel Strike"],"picked":"Offering","floor":0},{"not_picked":["Heavy Blade","Twin Strike"],"picked":"Headbutt","floor":0},{"not_picked":["Pommel Strike","Warcry"],"picked":"Headbutt","floor":0},{"not_picked":["Burning Pact","Entrench"],"picked":"Fire Breathing","floor":0},{"not_picked":["Twin Strike","Hemokinesis"],"picked":"Feel No Pain","floor":1},{"not_picked":["Flex","Reckless Charge"],"picked":"Perfected Strike","floor":2},{"not_picked":["Hemokinesis","Power Through"],"picked":"Reckless Charge","floor":3},{"not_picked":["Sword Boomerang","Flex"],"picked":"Reckless Charge","floor":4},{"not_picked":["Flex","Warcry"],"picked":"Demon Form","floor":6},{"not_picked":["Clothesline","Flex"],"picked":"Inflame","floor":8},{"not_picked":["Flex","Cleave"],"picked":"Wild Strike","floor":10},{"not_picked":["Body Slam","Havoc"],"picked":"Thunderclap","floor":14}],"player_experience":878626,"potions_floor_usage":[6,6,14],"damage_taken":[{"damage":4,"enemies":"Cultist","floor":1,"turns":2},{"damage":6,"enemies":"Jaw Worm","floor":2,"turns":3},{"damage":4,"enemies":"Small Slimes","floor":3,"turns":2},{"damage":7,"enemies":"Blue Slaver","floor":4,"turns":3},{"damage":17,"enemies":"3 Sentries","floor":6,"turns":4},{"damage":20,"enemies":"Gremlin Nob","floor":8,"turns":3},{"damage":24,"enemies":"Lagavulin","floor":10,"turns":3},{"damage":13,"enemies":"Gremlin Nob","floor":14,"turns":4},{"damage":27,"enemies":"Hexaghost","floor":16,"turns":4}],"event_choices":[{"event_name":"Golden Idol","player_choice":"Lose Max HP","floor":5,"damage_taken":0},{"event_name":"Big Fish","player_choice":"Donut","floor":12,"damage_taken":0}],"boss_relics":[],"potions_floor_spawned":[2,3,6,10],"seed_played":"-2410862677154770215","killed_by":"Hexaghost","ascension_level":15,"is_trial":false}