{"gold_per_floor":[118,128,139,139,158,158,193,0,0,26,26,51,68,93,93,197,197,214,225,225,235,83,115,134,134,182,182,195,38,38,38,38,142,142,162,162,162,162,216,216,0,14,14,28,28,28,28,53,53,53],"floor_reached":51,"playtime":3018,"items_purged":[],"score":788,"play_id":"6f77a513-0129-4a19-8070-6454ef580a67","local_time":"20180811190516","is_ascension_mode":true,"campfire_choices":[{"data":"Defragment","floor":6,"key":"SMITH"},{"data":"Darkness","floor":15,"key":"SMITH"},{"data":"Redo","floor":25,"key":"SMITH"},{"data":"Redo","floor":27,"key":"SMITH"},{"data":"Defragment","floor":30,"key":"SMITH"},{"floor":32,"key":"REST"},{"data":"Mind Blast","floor":40,"key":"SMITH"},{"floor":45,"key":"REST"},{"data":"Conserve Battery","floor":49,"key":"SMITH"}],"neow_cost":"NONE","seed_source_timestamp":2493821477773,"circlet_count":0,"master_deck":["Strike_B+1","Strike_B+1","Strike_B+1","Defend_B+1","Defend_B+1","Defend_B+1","Defend_B+1","Zap+1","Melter+1","Defragment+1","Darkness+1","Redo+1","Genetic Algorithm+1","Heatsinks+1","Redo+1","Echo Form+1","Loop+1","Coolheaded+1","Lockon+1","Defragment+1","Loop+1","Static Discharge+1","Defragment+1","Fission+1","Creative AI+1","Thunder Strike+1","All For One+1","Force Field+1","Writhe","Mind Blast+1","Compile Driver+1","Storm+1","Glacier+1","Blizzard+1","Conserve Battery+1"],"relics":["Cracked Core","Bag of Preparation","Membership Card","Strawberry","Letter Opener","Vajra","War Paint","Runic Dome","DollysMirror","Dream Catcher","Pen Nib","Juzu Bracelet","Astrolabe","Question Card","Nunchaku","Red Mask","Darkstone Periapt","Mark of the Bloom","Omamori"],"potions_floor_usage":[3,3,5,10,10,10,12,14,19,33,33,44,50],"damage_taken":[{"damage":2,"enemies":"Jaw Worm","floor":1,"turns":2},{"damage":0,"enemies":"2 Louse","floor":2,"turns":1},{"damage":0,"enemies":"Cultist","floor":3,"turns":2},{"damage":3,"enemies":"Looter","floor":5,"turns":2},{"damage":6,"enemies":"Gremlin Nob","floor":7,"turns":3},{"damage":4,"enemies":"3 Sentries","floor":10,"turns":3},{"damage":20,"enemies":"Lagavulin","floor":12,"turns":5},{"damage":2,"enemies":"Exordium Wildlife","floor":13,"turns":3},{"damage":10,"enemies":"3 Sentries","floor":14,"turns":5},{"damage":16,"enemies":"Hexaghost","floor":16,"turns":9},{"damage":7,"enemies":"Chosen","floor":18,"turns":4},{"damage":17,"enemies":"2 Thieves","floor":19,"turns":4},{"damage":5,"enemies":"Chosen and Byrds","floor":21,"turns":4},{"damage":11,"enemies":"Book of Stabbing","floor":23,"turns":5},{"damage":19,"enemies":"Centurion and Healer","floor":24,"turns":5},{"damage":7,"enemies":"Sentry and Sphere","floor":28,"turns":3},{"damage":25,"enemies":"Automaton","floor":33,"turns":7},{"damage":35,"enemies":"Orb Walker","floor":35,"turns":4},{"damage":15,"floor":39,"turns":5},{"damage":17,"enemies":"3 Darklings","floor":42,"turns":6},{"damage":24,"enemies":"Maw","floor":44,"turns":5},{"damage":5,"enemies":"Giant Head","floor":48,"turns":7},{"damage":33,"enemies":"Donu and Deca","floor":50,"turns":8}],"seed_played":"-773826559784959797","potions_obtained":[{"floor":1,"key":"EntropicBrew"},{"floor":2,"key":"PowerPotion"},{"floor":7,"key":"Explosive Potion"},{"floor":10,"key":"SkillPotion"},{"floor":13,"key":"SkillPotion"},{"floor":14,"key":"Swift Potion"},{"floor":18,"key":"PowerPotion"},{"floor":21,"key":"Ancient Potion"},{"floor":24,"key":"Ancient Potion"},{"floor":28,"key":"Energy Potion"},{"floor":35,"key":"SteroidPotion"}],"is_trial":false,"path_per_floor":["M","M","M","?","M","R","E","$","T","E","?","E","M","E","R","B",null,"M","M","?","M","$","E","M","R","T","R","M","$","R","$","R","B",null,"M","?","T","?","?","R","?","M","T","M","R","$","?","E","R","B"],"character_chosen":"DEFECT","items_purchased":["Membership Card","DollysMirror","Defragment","Juzu Bracelet"],"campfire_rested":2,"item_purchase_floors":[8,22,29,29],"current_hp_per_floor":[73,73,73,66,63,63,57,57,64,60,65,45,43,33,33,17,87,80,63,63,58,58,47,28,28,28,28,21,21,21,21,47,22,87,52,74,74,74,59,59,59,42,42,18,44,44,44,39,39,6],"gold":53,"neow_bonus":"UPGRADE_CARD","is_prod":false,"is_daily":false,"chose_seed":false,"campfire_upgraded":7,"win_rate":0,"timestamp":1534028716,"path_taken":["M","M","M","?","M","R","E","$","T","E","?","E","?","E","R","BOSS","M","M","?","?","?","E","?","R","T","R","?","$","R","$","R","BOSS","M","?","?","?","?","R","?","M","T","M","R","$","?","E","R","BOSS"],"build_version":"2018-08-09","purchased_purges":0,"victory":true,"max_hp_per_floor":[75,75,75,75,75,75,75,75,82,82,87,87,87,87,87,87,87,87,87,87,87,87,87,87,87,87,87,87,87,87,87,87,87,87,87,87,87,87,87,87,87,87,87,87,87,87,87,87,87,87],"card_choices":[{"not_picked":["Beam Cell","Coolheaded"],"picked":"Melter","floor":1},{"not_picked":["Reinforced Body","Barrage"],"picked":"Defragment","floor":2},{"not_picked":["Consume","Conserve Battery"],"picked":"Ball Lightning","floor":3},{"not_picked":["Beam Cell","Ball Lightning"],"picked":"Darkness","floor":5},{"not_picked":["Darkness","Go for the Eyes"],"picked":"Redo","floor":7},{"not_picked":["Gash","Scrape"],"picked":"Genetic Algorithm","floor":10},{"not_picked":["Double Energy","Go for the Eyes"],"picked":"Heatsinks","floor":12},{"not_picked":["Static Discharge","Glacier"],"picked":"Capacitor","floor":13},{"not_picked":["All For One","Rebound"],"picked":"Redo","floor":14},{"not_picked":["Reboot","All For One"],"picked":"Echo Form","floor":16},{"not_picked":["Sunder","Ball Lightning+1"],"picked":"Loop","floor":18},{"not_picked":["Fusion","FTL"],"picked":"Coolheaded+1","floor":19},{"not_picked":["Stack","Cold Snap"],"picked":"Lockon+1","floor":21},{"not_picked":["Barrage","Cold Snap"],"picked":"Loop","floor":23},{"not_picked":["Stack","Meteor Strike"],"picked":"Static Discharge","floor":24},{"not_picked":["Conserve Battery+1","Chaos","Rip and Tear"],"picked":"SKIP","floor":28},{"not_picked":["Biased Cognition","Core Surge"],"picked":"Fission","floor":33},{"not_picked":["Ball Lightning+1","Tempest"],"picked":"Force Field+1","floor":35},{"not_picked":["Jack Of All Trades","Magnetism","Master of Strategy"],"picked":"Mind Blast","floor":38},{"not_picked":["FTL","Leap","Melter"],"picked":"Compile Driver+1","floor":39},{"not_picked":["Cold Snap+1","Undo+1","Compile Driver+1"],"picked":"Storm","floor":42},{"not_picked":["Static Discharge","Sweeping Beam","Genetic Algorithm"],"picked":"Glacier+1","floor":44},{"not_picked":["Go for the Eyes+1","Hologram","Amplify"],"picked":"Blizzard+1","floor":45},{"not_picked":["Stack","Hello World","Steam Power+1"],"picked":"Conserve Battery","floor":48}],"player_experience":958303,"relics_obtained":[{"floor":7,"key":"Bag of Preparation"},{"floor":9,"key":"Strawberry"},{"floor":10,"key":"Letter Opener"},{"floor":12,"key":"Vajra"},{"floor":14,"key":"War Paint"},{"floor":23,"key":"Dream Catcher"},{"floor":26,"key":"Pen Nib"},{"floor":37,"key":"Question Card"},{"floor":39,"key":"Nunchaku"},{"floor":43,"key":"Darkstone Periapt"},{"floor":48,"key":"Omamori"}],"event_choices":[{"event_name":"Golden Wing","player_choice":"Card Removal","floor":4,"damage_taken":0},{"event_name":"Big Fish","player_choice":"Donut","floor":11,"damage_taken":0},{"event_name":"Back to Basics","player_choice":"Simplicity","floor":20,"damage_taken":0},{"event_name":"Winding Halls","player_choice":"Writhe","floor":36,"damage_taken":0},{"event_name":"SensoryStone","player_choice":"Memory 1","floor":38,"damage_taken":0},{"event_name":"Mysterious Sphere","player_choice":"Fight","floor":39,"damage_taken":0},{"event_name":"Tomb of Lord Red Mask","player_choice":"Paid","floor":41,"damage_taken":0},{"event_name":"MindBloom","player_choice":"Upgrade","floor":47,"damage_taken":0}],"is_beta":false,"boss_relics":[{"not_picked":["FrozenCore","Pandora\u0027s Box"],"picked":"Runic Dome"},{"not_picked":["Calling Bell","Tiny House"],"picked":"Astrolabe"}],"items_purged_floors":[],"is_endless":false,"potions_floor_spawned":[1,2,7,10,13,14,18,21,24,28,35],"ascension_level":2}