{"gold_per_floor":[114,114,128,138,213,239,239,264,314,314,344,344,373,15,15,92,92,109,126,126,144,162,162,162,162,162,172,172,172,182,212,212,212],"floor_reached":33,"playtime":1329,"items_purged":["Strike_R"],"score":566,"play_id":"8b9c0aba-f150-4b1d-84fd-13378c74a462","local_time":"20190424023017","is_ascension_mode":true,"campfire_choices":[{"data":"Bash","floor":7,"key":"SMITH"},{"floor":10,"key":"REST"},{"floor":12,"key":"REST"},{"data":"Carnage","floor":15,"key":"SMITH"},{"floor":23,"key":"REST"},{"data":"Disarm","floor":25,"key":"SMITH"},{"floor":28,"key":"REST"},{"floor":32,"key":"REST"}],"neow_cost":"NONE","seed_source_timestamp":116242255641602,"circlet_count":0,"master_deck":["AscendersBane","Strike_R","Strike_R","Strike_R","Defend_R","Defend_R","Defend_R","Defend_R","Bash+1","Carnage+1","Disarm+1","Wild Strike+1","Spot Weakness","Metallicize","Offering","True Grit+1","Clothesline","Corruption","Shrug It Off+1","Seeing Red"],"relics":["Burning Blood","Paper Frog","Smiling Mask","Bag of Marbles","PreservedInsect","ClockworkSouvenir","Sozu","MutagenicStrength","Ornamental Fan","Pantograph"],"potions_floor_usage":[6,8,16],"damage_taken":[{"damage":7,"enemies":"2 Louse","floor":1,"turns":4},{"damage":1,"enemies":"Cultist","floor":3,"turns":3},{"damage":5,"enemies":"Jaw Worm","floor":4,"turns":4},{"damage":56,"enemies":"Gremlin Nob","floor":6,"turns":5},{"damage":30,"enemies":"3 Sentries","floor":8,"turns":9},{"damage":31,"enemies":"Lagavulin","floor":13,"turns":4},{"damage":27,"enemies":"Hexaghost","floor":16,"turns":7},{"damage":21,"enemies":"3 Byrds","floor":18,"turns":6},{"damage":13,"enemies":"2 Thieves","floor":19,"turns":4},{"damage":36,"enemies":"3 Cultists","floor":21,"turns":5},{"damage":6,"enemies":"Snake Plant","floor":22,"turns":1},{"damage":24,"enemies":"Cultist and Chosen","floor":27,"turns":6},{"damage":25,"enemies":"Centurion and Healer","floor":30,"turns":7},{"damage":15,"enemies":"Slavers","floor":31,"turns":5},{"damage":67,"enemies":"Automaton","floor":33,"turns":8}],"seed_played":"6700183705124328736","potions_obtained":[{"floor":3,"key":"FairyPotion"},{"floor":4,"key":"LiquidBronze"},{"floor":6,"key":"Weak Potion"}],"is_trial":false,"path_per_floor":["M","?","M","M","?","E","R","E","T","R","?","R","E","$","R","B",null,"M","M","?","M","M","R","?","R","T","M","R","?","M","E","R","B"],"character_chosen":"IRONCLAD","items_purchased":["ClockworkSouvenir","Metallicize","FearPotion"],"campfire_rested":5,"item_purchase_floors":[14,14,14],"current_hp_per_floor":[74,74,79,80,69,19,19,9,9,33,33,57,32,32,32,11,64,49,42,42,12,12,36,36,36,36,18,42,42,23,14,38,0],"gold":212,"neow_bonus":"TEN_PERCENT_HP_BONUS","is_prod":false,"is_daily":false,"chose_seed":false,"campfire_upgraded":3,"win_rate":0,"timestamp":1556087417,"path_taken":["M","?","?","M","?","E","R","E","T","R","?","R","E","$","R","BOSS","M","M","?","M","?","R","?","R","T","M","R","?","?","E","R","BOSS"],"build_version":"2019-01-23","purchased_purges":1,"victory":false,"max_hp_per_floor":[82,82,82,82,82,82,82,82,82,82,82,82,82,82,82,82,82,82,82,82,82,82,82,82,82,82,82,82,82,82,82,82,82],"card_choices":[{"not_picked":["Thunderclap","Iron Wave"],"picked":"Carnage","floor":1},{"not_picked":["Shrug It Off","Havoc"],"picked":"Disarm","floor":3},{"not_picked":["Clash","Twin Strike"],"picked":"Wild Strike","floor":4},{"not_picked":["Infernal Blade","Heavy Blade","Rampage"],"picked":"SKIP","floor":6},{"not_picked":["Disarm","Carnage"],"picked":"Spot Weakness","floor":8},{"not_picked":["Clash","Searing Blow","Spot Weakness"],"picked":"SKIP","floor":13},{"not_picked":["Impervious","Immolate"],"picked":"Offering","floor":16},{"not_picked":["Flex","Dual Wield","Wild Strike"],"picked":"SKIP","floor":18},{"not_picked":["Armaments","Body Slam"],"picked":"True Grit+1","floor":19},{"not_picked":["Iron Wave","Searing Blow"],"picked":"Clothesline","floor":21},{"not_picked":["Warcry","True Grit"],"picked":"Corruption","floor":22},{"not_picked":["Limit Break","Reckless Charge"],"picked":"Shrug It Off+1","floor":27},{"not_picked":["True Grit","Twin Strike"],"picked":"Seeing Red","floor":30},{"not_picked":["Blood for Blood","Rupture","Havoc+1"],"picked":"SKIP","floor":31}],"player_experience":1902384,"relics_obtained":[{"floor":6,"key":"Paper Frog"},{"floor":8,"key":"Smiling Mask"},{"floor":9,"key":"Bag of Marbles"},{"floor":13,"key":"PreservedInsect"},{"floor":26,"key":"Ornamental Fan"},{"floor":31,"key":"Pantograph"}],"event_choices":[{"cards_removed":["Strike_R"],"damage_healed":0,"gold_gain":0,"player_choice":"Purged","damage_taken":0,"max_hp_gain":0,"max_hp_loss":0,"event_name":"Purifier","floor":2,"gold_loss":0},{"damage_healed":0,"gold_gain":75,"player_choice":"Gather Gold","damage_taken":11,"max_hp_gain":0,"max_hp_loss":0,"event_name":"World of Goop","floor":5,"gold_loss":0},{"damage_healed":0,"gold_gain":30,"player_choice":"Searched \u00271\u0027 times","damage_taken":0,"max_hp_gain":0,"max_hp_loss":0,"event_name":"Dead Adventurer","floor":11,"gold_loss":0},{"damage_healed":0,"gold_gain":0,"player_choice":"Forge","damage_taken":0,"max_hp_gain":0,"max_hp_loss":0,"event_name":"Accursed Blacksmith","floor":20,"gold_loss":0,"cards_upgraded":["Wild Strike"]},{"damage_healed":0,"gold_gain":0,"player_choice":"Inject Mutagens","damage_taken":0,"relics_obtained":["MutagenicStrength"],"max_hp_gain":0,"max_hp_loss":0,"event_name":"Drug Dealer","floor":24,"gold_loss":0},{"damage_healed":0,"gold_gain":0,"player_choice":"Ignored","damage_taken":0,"max_hp_gain":0,"max_hp_loss":0,"event_name":"Cursed Tome","floor":29,"gold_loss":0}],"is_beta":false,"boss_relics":[{"not_picked":["Mark of Pain","Black Blood"],"picked":"Sozu"}],"items_purged_floors":[14],"is_endless":false,"potions_floor_spawned":[3,4,6,19,21,31],"killed_by":"Automaton","ascension_level":20}