{"path_per_floor":["M","?","?","?","?","R","E","R","T","M","$","M","?","M","R"],"character_chosen":"THE_SILENT","items_purchased":["Apotheosis"],"gold_per_floor":[117,87,262,262,512,512,553,553,553,567,292,311,261,284,284,284],"floor_reached":16,"campfire_rested":0,"playtime":482,"current_hp_per_floor":[63,63,63,63,63,63,45,45,45,40,40,37,37,46,46,0],"items_purged":["Doubt"],"gold":284,"score":162,"play_id":"022170bf-1013-43d4-8a3d-804cf2a64b90","local_time":"20180404211455","is_prod":false,"is_daily":false,"is_ascension_mode":true,"campfire_upgraded":3,"timestamp":1522890895,"path_taken":["M","?","?","?","?","R","E","R","T","M","$","M","?","M","R","BOSS"],"build_version":"2018-03-29v2","purchased_purges":1,"victory":false,"master_deck":["Defend_G","Defend_G","Defend_G","Defend_G","Defend_G","Strike_G","Strike_G","Strike_G","Strike_G","Survivor","Neutralize+1","AscendersBane","Quick Slash","Injury","Regret","Doppelganger+1","Dagger Spray","Apotheosis+1","Infinite Blades","Expertise"],"max_hp_per_floor":[70,70,70,70,70,70,70,70,70,70,70,70,70,70,70,70],"relics":["Ring of the Snake","Golden Idol","Meat on the Bone","Bronze Scales"],"card_choices":[{"not_picked":["All Out Attack","Backflip"],"picked":"Quick Slash","floor":1},{"not_picked":["Blade Dance","Outmaneuver"],"picked":"Doppelganger","floor":7},{"not_picked":["PiercingWail","Quick Slash"],"picked":"Dagger Spray","floor":10},{"not_picked":["Dagger Throw","Outmaneuver"],"picked":"Infinite Blades","floor":12},{"not_picked":["Sucker Punch","Infinite Blades"],"picked":"Expertise","floor":14}],"player_experience":670884,"potions_floor_usage":[7,7,7,16,16],"damage_taken":[{"damage":0,"enemies":"2 Louse","floor":1,"turns":3},{"damage":18,"enemies":"Gremlin Nob","floor":7,"turns":4},{"damage":5,"enemies":"Cultist","floor":10,"turns":5},{"damage":3,"enemies":"Small Slimes","floor":12,"turns":2},{"damage":3,"enemies":"Looter","floor":14,"turns":4},{"damage":48,"enemies":"Hexaghost","floor":16,"turns":11}],"event_choices":[{"event_name":"The Woman in Blue","player_choice":"Bought 2 Potions","floor":2,"damage_taken":0},{"event_name":"Liars Game","player_choice":"agreed","floor":3,"damage_taken":0},{"event_name":"Golden Idol","player_choice":"Take Wound","floor":4,"damage_taken":0},{"event_name":"Golden Shrine","player_choice":"Desecrate","floor":5,"damage_taken":0},{"event_name":"The Cleric","player_choice":"Card Removal","floor":13,"damage_taken":0}],"boss_relics":[],"potions_floor_spawned":[1,12,14],"seed_played":"5517835988782031450","killed_by":"Hexaghost","ascension_level":13,"is_trial":false}