{"path_per_floor":["M","?","T","M","M","R","?","M","T","M","R","M","M","?","R","B"],"character_chosen":"THE_SILENT","items_purchased":[],"gold_per_floor":[119,219,219,229,248,248,198,217,241,257,257,268,279,279,279,375,375],"floor_reached":17,"campfire_rested":0,"playtime":469,"current_hp_per_floor":[68,68,68,62,58,58,58,44,44,44,44,44,44,44,44,20,20],"items_purged":[],"gold":375,"score":149,"play_id":"02a36bfc-4fab-4464-9f89-de57b4c0eef6","local_time":"20180407235810","is_prod":false,"is_daily":false,"is_ascension_mode":false,"campfire_upgraded":3,"timestamp":1523159890,"path_taken":["M","?","?","M","M","R","?","M","T","M","R","M","M","?","R","BOSS"],"build_version":"2018-04-05v2","purchased_purges":0,"victory":false,"master_deck":["Defend_G","Defend_G","Defend_G","Defend_G","Defend_G","Strike_G","Strike_G","Strike_G","Strike_G","Survivor","Neutralize","Flying Knee","Skewer+1","Riddle With Holes","Dagger Spray","Bouncing Flask+1","Bouncing Flask+1","Venomology"],"max_hp_per_floor":[70,70,70,70,70,70,70,70,70,70,70,70,70,70,70,70,70],"relics":["Philosopher\u0027s Stone","Eternal Feather"],"card_choices":[{"not_picked":["Calculated Gamble","Bane"],"picked":"Flying Knee","floor":1},{"not_picked":["Bane","Malaise"],"picked":"Skewer","floor":4},{"not_picked":["Sucker Punch","Poisoned Stab"],"picked":"Riddle With Holes","floor":5},{"not_picked":["PiercingWail","Caltrops"],"picked":"Dagger Spray","floor":8},{"not_picked":["Outmaneuver","Expertise"],"picked":"Bouncing Flask","floor":10},{"not_picked":["Storm of Steel","Quick Slash"],"picked":"Bouncing Flask","floor":12},{"not_picked":["Tools of the Trade","Night Terror"],"picked":"Venomology","floor":16}],"player_experience":740311,"potions_floor_usage":[10,13,16],"damage_taken":[{"damage":2,"enemies":"2 Louse","floor":1,"turns":3},{"damage":6,"enemies":"Cultist","floor":4,"turns":4},{"damage":4,"enemies":"Jaw Worm","floor":5,"turns":2},{"damage":14,"enemies":"Exordium Thugs","floor":8,"turns":7},{"damage":0,"enemies":"2 Fungi Beasts","floor":10,"turns":1},{"damage":0,"enemies":"Large Slime","floor":12,"turns":4},{"damage":0,"enemies":"3 Louse","floor":13,"turns":2},{"damage":24,"enemies":"Hexaghost","floor":16,"turns":6}],"event_choices":[{"event_name":"Golden Shrine","player_choice":"Pray","floor":2,"damage_taken":0},{"event_name":"The Cleric","player_choice":"Card Removal","floor":7,"damage_taken":0},{"event_name":"Liars Game","player_choice":"disagreed","floor":14,"damage_taken":0}],"boss_relics":[{"not_picked":["Runic Pyramid","Black Star"],"picked":"Eternal Feather"}],"potions_floor_spawned":[5,10,12,13],"seed_played":"2134013255327804965","ascension_level":0,"is_trial":false}