{"gold_per_floor":[109,58,74,149,149,149,180,192,245,245,264,264,297,312,312,312],"floor_reached":16,"playtime":574,"items_purged":[],"score":270,"play_id":"70322000-4d52-4200-a47c-ae706afb9505","local_time":"20190508081536","is_ascension_mode":true,"campfire_choices":[{"data":"Deadly Poison","floor":6.0,"key":"SMITH"},{"data":"Noxious Fumes","floor":10.0,"key":"SMITH"},{"data":"Neutralize","floor":12.0,"key":"SMITH"},{"floor":15.0,"key":"REST"}],"neow_cost":"NONE","seed_source_timestamp":1347256043890966,"circlet_count":0,"master_deck":["AscendersBane","Defend_G","Defend_G+1","Defend_G","Defend_G","Defend_G","Strike_G","Strike_G","Strike_G+1","Strike_G","Strike_G+1","Survivor+1","Neutralize+1","Escape Plan","Deadly Poison+1","Noxious Fumes+1","Dodge and Roll"],"special_seed":0,"relics":["Ring of the Snake","NeowsBlessing","Art of War","Whetstone","Strawberry","War Paint"],"potions_floor_usage":[16,16],"damage_taken":[{"damage":0.0,"enemies":"Cultist","floor":1.0,"turns":1.0},{"damage":0.0,"enemies":"Jaw Worm","floor":3.0,"turns":1.0},{"damage":0.0,"enemies":"Gremlin Nob","floor":7.0,"turns":1.0},{"damage":2.0,"enemies":"2 Louse","floor":8.0,"turns":3.0},{"damage":20.0,"enemies":"Large Slime","floor":11.0,"turns":7.0},{"damage":31.0,"enemies":"3 Sentries","floor":13.0,"turns":7.0},{"damage":0.0,"enemies":"3 Louse","floor":14.0,"turns":5.0},{"damage":26,"enemies":"Slime Boss","floor":16,"turns":8}],"seed_played":"-5990798928135888775","potions_obtained":[{"floor":1.0,"key":"PowerPotion"},{"floor":11.0,"key":"SteroidPotion"},{"floor":13.0,"key":"Weak Potion"},{"floor":14.0,"key":"GamblersBrew"}],"is_trial":false,"path_per_floor":["M","$","M","?","?","R","E","M","T","R","M","R","E","M","R","B"],"character_chosen":"THE_SILENT","items_purchased":["Deadly Poison"],"campfire_rested":1,"item_purchase_floors":[2],"current_hp_per_floor":[59,59,59,48,48,48,48,46,53,53,33,33,2,2,23,0],"gold":312,"neow_bonus":"THREE_ENEMY_KILL","is_prod":false,"is_daily":false,"chose_seed":false,"campfire_upgraded":3,"win_rate":0,"timestamp":1557317736,"path_taken":["M","$","?","?","?","R","E","?","T","R","M","R","E","M","R","BOSS"],"build_version":"2019-01-23","purchased_purges":0,"victory":false,"max_hp_per_floor":[66,66,66,66,66,66,66,66,73,73,73,73,73,73,73,73],"card_choices":[{"not_picked":["Bane","Poisoned Stab"],"picked":"Escape Plan","floor":1.0},{"not_picked":["Outmaneuver","Leg Sweep"],"picked":"Deadly Poison","floor":3.0},{"not_picked":["Cloak And Dagger","Deadly Poison"],"picked":"Noxious Fumes","floor":7.0},{"not_picked":["Flying Knee","Blur","Riddle With Holes"],"picked":"SKIP","floor":8.0},{"not_picked":["Accuracy","Outmaneuver"],"picked":"Dodge and Roll","floor":11.0},{"not_picked":["Dagger Throw","Distraction","Backstab"],"picked":"SKIP","floor":13.0},{"not_picked":["Masterful Stab","Distraction","Flying Knee"],"picked":"SKIP","floor":14.0}],"player_experience":2462520,"relics_obtained":[{"floor":7.0,"key":"Whetstone"},{"floor":9.0,"key":"Strawberry"},{"floor":13.0,"key":"War Paint"}],"event_choices":[{"damage_healed":0.0,"max_hp_gain":0.0,"max_hp_loss":0.0,"gold_gain":75.0,"event_name":"World of Goop","player_choice":"Gather Gold","floor":4.0,"gold_loss":0.0,"damage_taken":11.0},{"cards_removed":["Deadly Poison"],"damage_healed":0.0,"max_hp_gain":0.0,"max_hp_loss":0.0,"gold_gain":0.0,"event_name":"WeMeetAgain","player_choice":"Gave Card","floor":5.0,"gold_loss":0.0,"damage_taken":0.0,"relics_obtained":["Art of War"]}],"is_beta":false,"boss_relics":[],"items_purged_floors":[],"is_endless":false,"potions_floor_spawned":[1,11,13,14],"killed_by":"Slime Boss","ascension_level":20}