{"gold_per_floor":[110,260,50,70,35,66,66,66,66,66,80,105,116,191,191,264,264,264,264,264,47,47,47,47,47,47,47,47,47,47,47,47,47,47,47,47,47,47,47,47,47,47,47,47,47,47,47,47,47,47,47,47,47,21,21],"floor_reached":55,"playtime":2080,"items_purged":[],"score":2096,"play_id":"ab025f74-f175-4b31-b0f8-f4d83d1d4673","local_time":"20190430051612","is_ascension_mode":true,"campfire_choices":[{"data":"Pummel","floor":7.0,"key":"SMITH"},{"data":"Bash","floor":10.0,"key":"SMITH"},{"data":"Heavy Blade","floor":15.0,"key":"SMITH"},{"data":"Wild Strike","floor":23.0,"key":"SMITH"},{"data":"Sword Boomerang","floor":25.0,"key":"SMITH"},{"data":"Clothesline","floor":29,"key":"SMITH"},{"data":"Heavy Blade","floor":32,"key":"SMITH"},{"floor":40,"key":"RECALL"},{"data":"Ghostly","floor":44,"key":"SMITH"},{"data":"Ghostly","floor":49,"key":"SMITH"},{"data":"Ghostly","floor":53,"key":"SMITH"}],"neow_cost":"NONE","seed_source_timestamp":643831019881422,"circlet_count":0,"master_deck":["AscendersBane","Strike_R","Strike_R","Strike_R","Strike_R","Defend_R","Defend_R","Defend_R","Defend_R","Bash+1","Wild Strike+1","Pummel+1","Clothesline+1","Heavy Blade+1","Reaper","Sword Boomerang+1","Shrug It Off","Ghostly+1","Ghostly+1","Ghostly+1","Heavy Blade+1","Reaper","Battle Trance+1","Secret Weapon","Second Wind+1","Shrug It Off","Feel No Pain","Flame Barrier","Warcry"],"special_seed":0,"relics":["Burning Blood","NeowsBlessing","Brimstone","Pen Nib","Boot","Ectoplasm","Lee\u0027s Waffle","Omamori","Champion Belt","Red Skull","Tiny Chest","Mango","Philosopher\u0027s Stone","Anchor","Smiling Mask","Magic Flower","Question Card"],"potions_floor_usage":[27,27,33,39,42,50,50],"damage_taken":[{"damage":0.0,"enemies":"Small Slimes","floor":1.0,"turns":1.0},{"damage":0.0,"enemies":"Jaw Worm","floor":4.0,"turns":1.0},{"damage":0.0,"enemies":"Gremlin Nob","floor":6.0,"turns":1.0},{"damage":0.0,"enemies":"Cultist","floor":11.0,"turns":2.0},{"damage":23.0,"enemies":"3 Sentries","floor":12.0,"turns":4.0},{"damage":7.0,"enemies":"Looter","floor":13.0,"turns":2.0},{"damage":0.0,"enemies":"Slime Boss","floor":16.0,"turns":3.0},{"damage":0.0,"enemies":"Chosen","floor":18.0,"turns":2.0},{"damage":42.0,"enemies":"3 Byrds","floor":20.0,"turns":3.0},{"damage":17.0,"enemies":"Gremlin Leader","floor":24.0,"turns":4.0},{"damage":14,"enemies":"Slavers","floor":27,"turns":2},{"damage":2,"enemies":"Cultist and Chosen","floor":31,"turns":4},{"damage":19,"enemies":"Collector","floor":33,"turns":6},{"damage":27,"enemies":"3 Darklings","floor":35,"turns":4},{"damage":5,"enemies":"Orb Walker","floor":36,"turns":2},{"damage":5,"enemies":"3 Darklings","floor":38,"turns":4},{"damage":33,"enemies":"Spire Growth","floor":39,"turns":3},{"damage":16,"enemies":"Nemesis","floor":41,"turns":5},{"damage":2,"enemies":"Jaw Worm Horde","floor":42,"turns":3},{"damage":3,"enemies":"Sphere and 2 Shapes","floor":45,"turns":4},{"damage":0,"enemies":"Mind Bloom Boss Battle","floor":46,"turns":2},{"damage":0,"enemies":"Reptomancer","floor":47,"turns":5},{"damage":0,"enemies":"3 Darklings","floor":48,"turns":5},{"damage":60,"enemies":"Time Eater","floor":50,"turns":7},{"damage":50,"enemies":"Awakened One","floor":51,"turns":9},{"damage":51,"enemies":"Shield and Spear","floor":55,"turns":3}],"seed_played":"-8641077136157669450","potions_obtained":[{"floor":4.0,"key":"SneckoOil"},{"floor":11.0,"key":"Poison Potion"},{"floor":13.0,"key":"Explosive Potion"},{"floor":16.0,"key":"Dexterity Potion"},{"floor":18.0,"key":"SteroidPotion"},{"floor":24.0,"key":"Swift Potion"},{"floor":31,"key":"SkillPotion"},{"floor":35,"key":"Strength Potion"},{"floor":38,"key":"Weak Potion"},{"floor":41,"key":"Swift Potion"},{"floor":47,"key":"FearPotion"}],"is_trial":false,"path_per_floor":["M","?","$","M","?","E","R","?","T","R","M","E","M","?","R","B",null,"M","?","M","$","T","R","E","R","T","E","?","R","?","M","R","B",null,"M","M","?","M","M","R","E","M","T","R","M","?","E","M","R","B","B",null,"R","$","E"],"character_chosen":"IRONCLAD","items_purchased":["Brimstone","Lee\u0027s Waffle","Warcry"],"campfire_rested":0,"item_purchase_floors":[3,21,54],"current_hp_per_floor":[74,74,74,75,75,75,75,75,75,75,75,58,57,46,46,52,69,75,75,44,82,82,82,71,71,71,63,77,77,48,48,48,37,45,48,48,48,48,48,48,48,48,48,48,48,48,48,48,48,27,13,39,39,39,0],"gold":21,"neow_bonus":"THREE_ENEMY_KILL","is_prod":false,"is_daily":false,"chose_seed":false,"campfire_upgraded":10,"win_rate":0,"timestamp":1556615772,"path_taken":["M","?","$","M","?","E","R","?","T","R","M","E","?","?","R","BOSS","M","?","M","$","?","R","E","R","T","E","?","R","?","M","R","BOSS","M","M","?","M","M","R","E","M","T","R","M","?","E","M","R","BOSS","BOSS","R","$","E"],"build_version":"2019-01-23","purchased_purges":0,"victory":false,"max_hp_per_floor":[75,75,75,75,75,75,75,75,75,75,75,75,75,75,75,75,75,75,75,75,82,82,82,82,82,82,82,96,96,48,48,48,48,48,48,48,48,48,48,48,48,48,48,48,48,48,48,48,48,48,48,48,48,48,48],"card_choices":[{"not_picked":["Thunderclap","Flex"],"picked":"Wild Strike","floor":1.0},{"not_picked":["Dropkick","Body Slam","Thunderclap"],"picked":"SKIP","floor":4.0},{"not_picked":["Corruption","Blood for Blood"],"picked":"Pummel","floor":6.0},{"not_picked":["Rage","Pommel Strike"],"picked":"Clothesline","floor":11.0},{"not_picked":["Intimidate","Sentinel","Armaments"],"picked":"SKIP","floor":12.0},{"not_picked":["Anger","Metallicize"],"picked":"Heavy Blade","floor":13.0},{"not_picked":["Barricade","Demon Form"],"picked":"Reaper","floor":16.0},{"not_picked":["Fire Breathing","Cleave","Thunderclap"],"picked":"SKIP","floor":18.0},{"not_picked":["Warcry","Wild Strike","Hemokinesis"],"picked":"SKIP","floor":20.0},{"not_picked":["Battle Trance","Seeing Red"],"picked":"Sword Boomerang","floor":24.0},{"not_picked":["Rage","Thunderclap+1"],"picked":"Shrug It Off","floor":27},{"not_picked":["Sever Soul","Perfected Strike+1"],"picked":"Heavy Blade","floor":31},{"not_picked":["Berserk","Demon Form"],"picked":"Reaper","floor":33},{"not_picked":["Evolve","Sword Boomerang"],"picked":"Battle Trance+1","floor":35},{"not_picked":["Spot Weakness+1","Havoc","Burning Pact"],"picked":"SKIP","floor":36},{"not_picked":["Dark Shackles","Panache"],"picked":"Secret Weapon","floor":37},{"not_picked":["Infernal Blade","Heavy Blade"],"picked":"Second Wind+1","floor":38},{"not_picked":["Armaments+1","Dropkick","Body Slam"],"picked":"SKIP","floor":39},{"not_picked":["Iron Wave","Thunderclap"],"picked":"Shrug It Off","floor":41},{"not_picked":["Sword Boomerang","Entrench"],"picked":"Feel No Pain","floor":42},{"not_picked":["Rupture","Headbutt","Fire Breathing"],"picked":"SKIP","floor":45},{"not_picked":["Ghostly Armor","Clash+1","Evolve"],"picked":"SKIP","floor":47},{"not_picked":["Twin Strike","Evolve","Hemokinesis"],"picked":"Flame Barrier","floor":48}],"player_experience":2139199,"relics_obtained":[{"floor":6.0,"key":"Pen Nib"},{"floor":12.0,"key":"Boot"},{"floor":22.0,"key":"Omamori"},{"floor":24.0,"key":"Champion Belt"},{"floor":26.0,"key":"Red Skull"},{"floor":27,"key":"Tiny Chest"},{"floor":41,"key":"Anchor"},{"floor":43,"key":"Smiling Mask"},{"floor":46,"key":"Magic Flower"},{"floor":47,"key":"Question Card"}],"event_choices":[{"damage_healed":0.0,"max_hp_gain":0.0,"max_hp_loss":0.0,"gold_gain":150.0,"event_name":"Liars Game","player_choice":"AGREE","floor":2.0,"gold_loss":0.0,"damage_taken":0.0,"cards_obtained":["Doubt"]},{"damage_healed":18.0,"max_hp_gain":0.0,"max_hp_loss":0.0,"gold_gain":0.0,"event_name":"The Cleric","player_choice":"Healed","floor":5.0,"gold_loss":35.0,"damage_taken":0.0},{"cards_removed":["Doubt"],"damage_healed":0.0,"max_hp_gain":0.0,"max_hp_loss":0.0,"gold_gain":0.0,"event_name":"Purifier","player_choice":"Purged","floor":8.0,"gold_loss":0.0,"damage_taken":0.0},{"damage_healed":0.0,"max_hp_gain":0.0,"max_hp_loss":0.0,"gold_gain":75.0,"event_name":"World of Goop","player_choice":"Gather Gold","floor":14.0,"gold_loss":0.0,"damage_taken":11.0},{"cards_removed":["Strike_R"],"damage_healed":0.0,"max_hp_gain":0.0,"max_hp_loss":0.0,"gold_gain":0.0,"event_name":"Bonfire Elementals","player_choice":"Offered Basic","floor":19.0,"gold_loss":0.0,"damage_taken":0.0},{"damage_healed":0,"gold_gain":0,"player_choice":"Opened","damage_taken":0,"relics_obtained":["Mango"],"max_hp_gain":0,"max_hp_loss":0,"event_name":"The Mausoleum","floor":28,"gold_loss":0,"cards_obtained":["Writhe"]},{"damage_healed":0,"gold_gain":0,"player_choice":"Became a Ghost","damage_taken":0,"max_hp_gain":0,"max_hp_loss":48,"event_name":"Ghosts","floor":30,"gold_loss":0,"cards_obtained":["Ghostly","Ghostly","Ghostly"]},{"damage_healed":0,"gold_gain":0,"player_choice":"Memory 1","damage_taken":0,"max_hp_gain":0,"max_hp_loss":0,"event_name":"SensoryStone","floor":37,"gold_loss":0},{"damage_healed":0,"gold_gain":0,"player_choice":"Fight","damage_taken":0,"max_hp_gain":0,"max_hp_loss":0,"event_name":"MindBloom","floor":46,"gold_loss":0}],"is_beta":false,"boss_relics":[{"not_picked":["White Beast Statue","Orrery"],"picked":"Ectoplasm"},{"not_picked":["Black Star","Pandora\u0027s Box"],"picked":"Philosopher\u0027s Stone"}],"items_purged_floors":[],"is_endless":false,"potions_floor_spawned":[4,11,13,16,18,24,31,35,38,41,47],"killed_by":"Shield and Spear","ascension_level":20}