{"gold_per_floor":[118,268,268,268,91,91,122,135,135,150,183,207,278,303,303,303],"floor_reached":16,"playtime":515,"items_purged":[],"score":220,"play_id":"63689564-b374-403c-9b17-6af6684ac01c","local_time":"20190403181603","is_ascension_mode":true,"campfire_choices":[{"data":"Defragment","floor":6,"key":"SMITH"},{"data":"Creative AI","floor":15,"key":"SMITH"}],"neow_cost":"TEN_PERCENT_HP_LOSS","seed_source_timestamp":201731550585752,"circlet_count":0,"master_deck":["AscendersBane","Strike_B","Strike_B","Strike_B","Strike_B","Defend_B","Defend_B+1","Defend_B","Defend_B","Zap+1","Dualcast","Ball Lightning","Defragment+1","Melter","Creative AI+1","Go for the Eyes","Ball Lightning","Coolheaded"],"relics":["Cracked Core","Ginger","Golden Idol","Dodecahedron","Question Card","War Paint","Mummified Hand"],"potions_floor_usage":[10,14,14,16],"damage_taken":[{"damage":10,"enemies":"Small Slimes","floor":1,"turns":4},{"damage":11,"enemies":"Gremlin Nob","floor":7,"turns":3},{"damage":7,"enemies":"Jaw Worm","floor":8,"turns":2},{"damage":0,"enemies":"Cultist","floor":10,"turns":3},{"damage":20,"enemies":"Lagavulin","floor":11,"turns":6},{"damage":1,"enemies":"3 Louse","floor":12,"turns":3},{"damage":6,"enemies":"Exordium Thugs","floor":14,"turns":4},{"damage":14,"enemies":"Slime Boss","floor":16,"turns":4}],"seed_played":"-1339087600068871550","potions_obtained":[{"floor":10,"key":"Dexterity Potion"},{"floor":12,"key":"Poison Potion"},{"floor":14,"key":"AttackPotion"}],"is_trial":false,"path_per_floor":["M","?","?","?","$","R","E","M","T","M","E","M","T","M","R","B"],"character_chosen":"DEFECT","items_purchased":["Defragment","Melter","Fire Potion"],"campfire_rested":0,"item_purchase_floors":[5,5,5],"current_hp_per_floor":[54,54,47,47,47,47,36,29,29,29,9,8,8,2,2,0],"gold":303,"neow_bonus":"ONE_RARE_RELIC","is_prod":false,"is_daily":false,"chose_seed":false,"campfire_upgraded":2,"win_rate":0,"timestamp":1554329763,"path_taken":["M","?","?","?","$","R","E","M","T","M","E","?","?","M","R","BOSS"],"build_version":"2019-01-23","purchased_purges":0,"victory":false,"max_hp_per_floor":[64,64,64,58,58,58,58,58,58,58,58,58,58,58,58,58],"card_choices":[{"not_picked":["Hologram","Go for the Eyes"],"picked":"Ball Lightning","floor":1},{"not_picked":["Turbo","Skim"],"picked":"Creative AI","floor":7},{"not_picked":["Skim","Barrage","Reprogram"],"picked":"SKIP","floor":8},{"not_picked":["Barrage","Stack","Leap"],"picked":"Go for the Eyes","floor":10},{"not_picked":["Gash","Steam","Sweeping Beam","Barrage"],"picked":"SKIP","floor":11},{"not_picked":["Gash","Sweeping Beam","Darkness"],"picked":"Ball Lightning","floor":12},{"not_picked":["Redo","Turbo","Leap"],"picked":"Coolheaded","floor":14}],"player_experience":1572441,"relics_obtained":[{"floor":7,"key":"Dodecahedron"},{"floor":9,"key":"Question Card"},{"floor":11,"key":"War Paint"},{"floor":13,"key":"Mummified Hand"}],"event_choices":[{"damage_healed":0,"gold_gain":150,"player_choice":"AGREE","damage_taken":0,"max_hp_gain":0,"max_hp_loss":0,"event_name":"Liars Game","floor":2,"gold_loss":0,"cards_obtained":["Doubt"]},{"cards_removed":["Doubt"],"damage_healed":0,"gold_gain":0,"player_choice":"Card Removal","damage_taken":7,"max_hp_gain":0,"max_hp_loss":0,"event_name":"Golden Wing","floor":3,"gold_loss":0},{"damage_healed":0,"gold_gain":0,"player_choice":"Lose Max HP","damage_taken":0,"relics_obtained":["Golden Idol"],"max_hp_gain":0,"max_hp_loss":6,"event_name":"Golden Idol","floor":4,"gold_loss":0}],"is_beta":false,"boss_relics":[],"items_purged_floors":[],"is_endless":false,"potions_floor_spawned":[10,12,14],"killed_by":"Slime Boss","ascension_level":20}