{"path_per_floor":["M","$","?","?","?","R","E","R","T","M","?","?","M","E","R","B",null,"M","M","?","M","$","R","E","R","T","M","M","?","M","E","R"],"character_chosen":"IRONCLAD","items_purchased":["Iron Wave","Thread and Needle"],"gold_per_floor":[111,59,59,59,59,59,91,91,144,154,229,229,248,273,273,372,372,387,404,329,343,38,38,69,69,69,87,101,101,116,145,145],"floor_reached":33,"campfire_rested":1,"playtime":2148,"current_hp_per_floor":[73,73,73,70,63,63,54,54,54,54,43,43,43,28,28,3,80,78,69,69,69,69,69,46,46,46,47,49,34,28,11,36],"items_purged":[],"gold":145,"score":337,"play_id":"bc79e02f-c79e-4c84-9903-971aa50e8d37","is_prod":false,"is_daily":false,"is_ascension_mode":true,"campfire_upgraded":5,"path_taken":["M","$","?","?","?","R","E","R","T","M","?","?","M","E","R","BOSS","M","M","?","M","?","R","E","R","T","M","?","?","M","E","R","BOSS"],"build_version":"2018-02-08-PROD1","purchased_purges":1,"victory":false,"master_deck":["Strike_R","Strike_R","Strike_R","Strike_R+1","Strike_R","Defend_R","Bash+1","Body Slam+1","Body Slam+1","Intimidate+1","Perfected Strike+1","Iron Wave+1","Wild Strike+1","Dropkick+1","Seeing Red+1","Power Through+1","Impervious","Fire Breathing+1","Warcry+1","Second Wind+1","Pommel Strike+1","Flame Barrier+1","Juggernaut+1","Entrench","Feed"],"max_hp_per_floor":[80,80,80,80,80,80,80,80,80,80,80,80,80,80,80,80,80,80,80,80,80,80,80,80,80,80,80,80,85,85,85,85],"relics":["Astrolabe","Frozen Egg 2","Anchor","Happy Flower","Whetstone","Bag of Preparation","Question Card","Thread and Needle","Blood Vial","Self Forming Clay","Prayer Wheel"],"card_choices":[{"not_picked":["Headbutt","Armaments"],"picked":"Perfected Strike"},{"not_picked":["Disarm","Flex"],"picked":"Wild Strike"},{"not_picked":["Warcry","Flex"],"picked":"Dropkick"},{"not_picked":["Flex","Warcry"],"picked":"Seeing Red"},{"not_picked":["Shrug It Off","Double Tap"],"picked":"Power Through"},{"not_picked":["Fiend Fire","Offering"],"picked":"Impervious"},{"not_picked":["Armaments","Clothesline","Infernal Blade"],"picked":"Fire Breathing"},{"not_picked":["Burning Pact","Headbutt","Clash"],"picked":"Warcry"},{"not_picked":["Headbutt","Cleave","Blood for Blood"],"picked":"Second Wind"},{"not_picked":["Heavy Blade","Battle Trance","Disarm"],"picked":"Pommel Strike"},{"not_picked":["Anger","Thunderclap","Shrug It Off"],"picked":"Flame Barrier"},{"not_picked":["Iron Wave","Clothesline","Wild Strike"],"picked":"Juggernaut"},{"not_picked":["Clash","Heavy Blade","Cleave"],"picked":"Entrench"},{"not_picked":["Corruption","Pommel Strike","Headbutt"],"picked":"Feed"}],"player_experience":163376,"potions_floor_usage":[14,16,19,30,33,33,33],"damage_taken":[{"damage":7,"enemies":"2 Louse","floor":1,"turns":3},{"damage":9,"enemies":"Gremlin Nob","floor":7,"turns":3},{"damage":0,"enemies":"Small Slimes","floor":10,"turns":2},{"damage":0,"enemies":"Jaw Worm","floor":13,"turns":1},{"damage":15,"enemies":"Lagavulin","floor":14,"turns":3},{"damage":25,"enemies":"Hexaghost","floor":16,"turns":7},{"damage":2,"enemies":"Shell Parasite","floor":18,"turns":3},{"damage":9,"enemies":"2 Thieves","floor":19,"turns":3},{"damage":0,"enemies":"Centurion and Healer","floor":21,"turns":2},{"damage":23,"enemies":"Gremlin Leader","floor":24,"turns":5},{"damage":1,"enemies":"Chosen and Byrds","floor":27,"turns":3},{"damage":0,"enemies":"Snake Plant","floor":28,"turns":2},{"damage":8,"enemies":"Centurion and Healer","floor":30,"turns":4},{"damage":19,"enemies":"Slavers","floor":31,"turns":4},{"damage":62,"enemies":"Champ","floor":33,"turns":9}],"event_choices":[{"event_name":"Big Fish","player_choice":"Box","floor":3,"damage_taken":0},{"event_name":"Scrap Ooze","player_choice":"success","floor":4,"damage_taken":3},{"event_name":"Golden Wing","player_choice":"Card Removal","floor":5,"damage_taken":0},{"event_name":"World of Goop","player_choice":"Gather Gold","floor":11,"damage_taken":0},{"event_name":"Accursed Blacksmith","player_choice":"Forge","floor":12,"damage_taken":0},{"event_name":"Beggar","player_choice":"Gave Gold","floor":20,"damage_taken":0},{"event_name":"Forgotten Altar","player_choice":"Shed Blood","floor":29,"damage_taken":0}],"boss_relics":[{"not_picked":["Tiny House","Orrery"],"picked":"Question Card"}],"potions_floor_spawned":[7,10,14,21,27,28,31],"seed_played":"-4513072879717505535","killed_by":"Champ","ascension_level":3,"is_trial":false}