{"path_per_floor":["M","M","$","?","M","R","?","R","T","M","M","R","?","M","R","B",null,"M","$","M","M","M","R"],"character_chosen":"IRONCLAD","items_purchased":["Shrug It Off","Master of Strategy"],"gold_per_floor":[111,129,0,0,16,16,66,66,137,148,164,164,164,178,178,250,280,292,90,73,89,106,106,106],"floor_reached":24,"campfire_rested":0,"playtime":973,"current_hp_per_floor":[60,66,66,66,68,68,68,68,68,66,52,52,57,63,63,8,62,43,43,42,50,40,40,0],"items_purged":["Strike_R"],"gold":106,"score":358,"play_id":"e1165fd6-de31-4247-8e7d-734d87e35ba5","local_time":"20180413155949","is_prod":false,"is_daily":false,"chose_seed":false,"is_ascension_mode":true,"campfire_upgraded":5,"timestamp":1523660389,"path_taken":["M","M","$","?","?","R","?","R","T","M","M","R","?","M","R","BOSS","M","$","M","M","M","R","E"],"build_version":"2018-04-12","seed_source_timestamp":153900410262076,"purchased_purges":1,"victory":false,"master_deck":["Strike_R","Strike_R","Strike_R","Strike_R","Defend_R+1","Defend_R","Defend_R","Bash+1","AscendersBane","Impervious","Shrug It Off","True Grit+1","Shrug It Off","Rampage+1","Warcry+1","Warcry+1","Twin Strike+1","Impervious+1","Shrug It Off+1","Second Wind+1","Master of Strategy+1","Havoc+1","Shrug It Off+1","Clothesline+1"],"max_hp_per_floor":[68,68,68,68,68,68,68,68,68,68,68,68,73,73,73,73,78,78,78,78,78,78,78,78],"relics":["Burning Blood","Toxic Egg 2","Tiny House"],"card_choices":[{"not_picked":["Feed","Berserk"],"picked":"Impervious","floor":0},{"not_picked":["Havoc","Perfected Strike"],"picked":"Shrug It Off","floor":1},{"not_picked":["Armaments","Headbutt"],"picked":"True Grit","floor":2},{"not_picked":["Sword Boomerang","Headbutt"],"picked":"Rampage","floor":5},{"not_picked":["Heavy Blade","Exhume"],"picked":"Warcry","floor":10},{"not_picked":["Body Slam","Armaments"],"picked":"Warcry","floor":11},{"not_picked":["Wild Strike","Anger"],"picked":"Twin Strike","floor":14},{"not_picked":["Exhume","Berserk"],"picked":"Impervious","floor":16},{"not_picked":["Reckless Charge","Inflame"],"picked":"Shrug It Off","floor":17},{"not_picked":["Disarm","Whirlwind"],"picked":"Second Wind","floor":18},{"not_picked":["Iron Wave","Thunderclap"],"picked":"Havoc","floor":20},{"not_picked":["Combust","Anger"],"picked":"Shrug It Off","floor":21},{"not_picked":["Pummel","Twin Strike"],"picked":"Clothesline","floor":22}],"player_experience":450680,"potions_floor_usage":[10,16,20,21,24],"damage_taken":[{"damage":14,"enemies":"2 Louse","floor":1,"turns":4},{"damage":0,"enemies":"Small Slimes","floor":2,"turns":4},{"damage":2,"enemies":"Cultist","floor":5,"turns":4},{"damage":8,"enemies":"Exordium Thugs","floor":10,"turns":8},{"damage":20,"enemies":"Large Slime","floor":11,"turns":5},{"damage":0,"enemies":"2 Fungi Beasts","floor":14,"turns":5},{"damage":61,"enemies":"Slime Boss","floor":16,"turns":16},{"damage":25,"enemies":"Chosen","floor":18,"turns":9},{"damage":19,"enemies":"2 Thieves","floor":20,"turns":4},{"damage":10,"enemies":"Centurion and Healer","floor":21,"turns":8},{"damage":16,"enemies":"Sentry and Sphere","floor":22,"turns":10},{"damage":47,"enemies":"Book of Stabbing","floor":24,"turns":8}],"event_choices":[{"event_name":"Living Wall","player_choice":"Forget","floor":4,"damage_taken":0},{"event_name":"Golden Shrine","player_choice":"Pray","floor":7,"damage_taken":0},{"event_name":"Big Fish","player_choice":"Donut","floor":13,"damage_taken":0}],"boss_relics":[{"not_picked":["Snecko Eye","Runic Cube"],"picked":"Tiny House"}],"potions_floor_spawned":[2,14,18,20],"seed_played":"7100283900146237682","killed_by":"Book of Stabbing","ascension_level":15,"is_trial":false}