{"gold_per_floor":[112,123,72,47,197,197,208,239,239,239,256,256,274,305,305,379,379,389,389,10,21,21,21,31,31,31,44,44,69,69,82,82,82],"floor_reached":33,"playtime":1522,"items_purged":["Doubt"],"score":550,"play_id":"cb558cc5-b9f0-4673-935e-21dc4f87be42","local_time":"20190503094935","is_ascension_mode":true,"campfire_choices":[{"data":"Barrage","floor":6,"key":"SMITH"},{"floor":10,"key":"REST"},{"floor":12,"key":"DIG"},{"data":"Static Discharge","floor":15,"key":"SMITH"},{"floor":23,"key":"REST"},{"floor":25,"key":"REST"},{"floor":30,"key":"REST"},{"floor":32,"key":"REST"}],"neow_cost":"NONE","seed_source_timestamp":920072784956149,"circlet_count":0,"master_deck":["AscendersBane","Strike_B","Strike_B","Strike_B","Defend_B","Defend_B","Defend_B","Defend_B","Zap+1","Dualcast","Coolheaded","Self Repair","Ball Lightning","Barrage+1","Conserve Battery","Rainbow","Ball Lightning","Chill","Static Discharge+1","Hyperbeam","Sweeping Beam+1","BootSequence"],"relics":["Cracked Core","Shovel","Singing Bowl","Cables","Runic Pyramid","Orichalcum","Mummified Hand","The Courier"],"potions_floor_usage":[8,11,16,18,21,27,29,33],"damage_taken":[{"damage":0,"enemies":"Cultist","floor":1,"turns":3},{"damage":2,"enemies":"Jaw Worm","floor":2,"turns":4},{"damage":0,"enemies":"2 Louse","floor":7,"turns":2},{"damage":67,"enemies":"Gremlin Nob","floor":8,"turns":5},{"damage":13,"enemies":"Large Slime","floor":11,"turns":6},{"damage":13,"enemies":"Red Slaver","floor":13,"turns":3},{"damage":17,"enemies":"Lagavulin","floor":14,"turns":6},{"damage":21,"enemies":"The Guardian","floor":16,"turns":8},{"damage":27,"enemies":"Shell Parasite","floor":18,"turns":5},{"damage":12,"enemies":"3 Byrds","floor":21,"turns":3},{"damage":12,"enemies":"Snake Plant","floor":24,"turns":3},{"damage":18,"enemies":"Centurion and Healer","floor":27,"turns":6},{"damage":40,"enemies":"Gremlin Leader","floor":29,"turns":7},{"damage":10,"enemies":"Cultist and Chosen","floor":31,"turns":5},{"damage":56,"enemies":"Collector","floor":33,"turns":8}],"seed_played":"-2361911264659925817","potions_obtained":[{"floor":2,"key":"PowerPotion"},{"floor":7,"key":"Regen Potion"},{"floor":11,"key":"Explosive Potion"},{"floor":14,"key":"GamblersBrew"},{"floor":21,"key":"SteroidPotion"},{"floor":29,"key":"SpeedPotion"},{"floor":31,"key":"Swift Potion"}],"is_trial":false,"path_per_floor":["M","M","$","$","?","R","M","E","T","R","M","R","M","E","R","B",null,"M","?","$","M","?","R","M","R","T","M","?","E","R","M","R","B"],"character_chosen":"DEFECT","items_purchased":["Ball Lightning","Barrage","Orichalcum","FocusPotion","Energy Potion"],"campfire_rested":5,"item_purchase_floors":[3,4,20,20,20],"current_hp_per_floor":[64,62,62,62,62,62,69,9,9,30,39,39,33,23,23,9,56,36,16,16,6,6,29,26,50,50,41,41,8,32,31,56,0],"gold":82,"neow_bonus":"UPGRADE_CARD","is_prod":false,"is_daily":false,"chose_seed":false,"campfire_upgraded":2,"win_rate":0,"timestamp":1556891375,"path_taken":["M","M","?","$","?","R","M","E","T","R","M","R","M","E","R","BOSS","M","?","$","M","?","R","?","R","T","M","?","E","R","M","R","BOSS"],"build_version":"2019-01-23","purchased_purges":1,"victory":false,"max_hp_per_floor":[71,71,71,71,71,71,71,71,71,71,71,71,71,71,71,71,71,71,76,76,78,78,78,80,80,80,82,82,82,82,84,84,84],"card_choices":[{"not_picked":["Barrage","Steam"],"picked":"Coolheaded","floor":1},{"not_picked":["Sweeping Beam","Blizzard"],"picked":"Self Repair","floor":2},{"not_picked":["Turbo","Stack"],"picked":"Conserve Battery","floor":7},{"not_picked":["Leap","Lockon"],"picked":"Rainbow","floor":8},{"not_picked":["Stack","Recycle"],"picked":"Ball Lightning","floor":11},{"not_picked":["Gash","Turbo"],"picked":"Chill","floor":13},{"not_picked":["Ball Lightning","Chill"],"picked":"Static Discharge","floor":14},{"not_picked":["All For One","Meteor Strike"],"picked":"Hyperbeam","floor":16},{"not_picked":["Leap","Go for the Eyes"],"picked":"Sweeping Beam+1","floor":18},{"not_picked":["Streamline","Genetic Algorithm","Beam Cell"],"picked":"Singing Bowl","floor":21},{"not_picked":["FTL","Stack","Ball Lightning"],"picked":"Singing Bowl","floor":24},{"not_picked":["Self Repair","Go for the Eyes","Reinforced Body"],"picked":"Singing Bowl","floor":27},{"not_picked":["Rip and Tear","Creative AI"],"picked":"BootSequence","floor":29},{"not_picked":["Auto Shields","Turbo","Sweeping Beam"],"picked":"Singing Bowl","floor":31}],"player_experience":2294596,"relics_obtained":[{"floor":8,"key":"Shovel"},{"floor":9,"key":"Singing Bowl"},{"floor":14,"key":"Cables"},{"floor":26,"key":"Mummified Hand"},{"floor":29,"key":"The Courier"}],"event_choices":[{"damage_healed":0,"gold_gain":150,"player_choice":"AGREE","damage_taken":0,"max_hp_gain":0,"max_hp_loss":0,"event_name":"Liars Game","floor":5,"gold_loss":0,"cards_obtained":["Doubt"]},{"damage_healed":0,"gold_gain":0,"player_choice":"Shed Blood","damage_taken":25,"max_hp_gain":5,"max_hp_loss":0,"event_name":"Forgotten Altar","floor":19,"gold_loss":0},{"cards_removed":["Strike_B"],"damage_healed":0,"gold_gain":0,"player_choice":"Purged","damage_taken":0,"max_hp_gain":0,"max_hp_loss":0,"event_name":"Purifier","floor":22,"gold_loss":0},{"damage_healed":0,"gold_gain":0,"player_choice":"0 cards matched","damage_taken":0,"max_hp_gain":0,"max_hp_loss":0,"event_name":"Match and Keep!","floor":28,"gold_loss":0,"cards_obtained":[]}],"is_beta":false,"boss_relics":[{"not_picked":["Tiny House","White Beast Statue"],"picked":"Runic Pyramid"}],"items_purged_floors":[20],"is_endless":false,"potions_floor_spawned":[2,7,11,14,21,29,31],"killed_by":"Collector","ascension_level":20}