{"gold_per_floor":[112,122,142,142,67,67,67,67,67,83,83,98,98,98,98,187,187,200,200],"floor_reached":19,"playtime":378,"items_purged":[],"score":314,"play_id":"04813d3d-6289-4791-acce-f2a7fa841dcf","local_time":"20190305155004","is_ascension_mode":true,"campfire_choices":[{"data":"Neutralize","floor":6,"key":"SMITH"},{"data":"Dagger Spray","floor":8,"key":"SMITH"},{"data":"Noxious Fumes","floor":13,"key":"SMITH"},{"data":"Dodge and Roll","floor":15,"key":"SMITH"}],"neow_cost":"NONE","seed_source_timestamp":361985207387459,"circlet_count":0,"master_deck":["AscendersBane","Defend_G","Defend_G","Defend_G","Defend_G","Defend_G","Strike_G","Strike_G","Strike_G","Survivor","Neutralize+1","Flying Knee","Cloak And Dagger","Dagger Spray+1","Noxious Fumes+1","Dodge and Roll+1","Glass Knife","Calculated Gamble"],"relics":["Ring of the Snake","NeowsBlessing","Strawberry","Golden Idol","Snecko Eye"],"potions_floor_usage":[16,16],"damage_taken":[{"damage":0,"enemies":"Cultist","floor":1,"turns":1},{"damage":0,"enemies":"2 Louse","floor":2,"turns":1},{"damage":0,"enemies":"Small Slimes","floor":3,"turns":1},{"damage":0,"enemies":"Looter","floor":10,"turns":3},{"damage":1,"enemies":"Large Slime","floor":12,"turns":5},{"damage":16,"enemies":"Slime Boss","floor":16,"turns":9},{"damage":29,"enemies":"3 Byrds","floor":18,"turns":5},{"damage":31,"enemies":"Colosseum Slavers","floor":19,"turns":4}],"seed_played":"-2732138565106428308","potions_obtained":[{"floor":2,"key":"Explosive Potion"},{"floor":10,"key":"Fire Potion"}],"is_trial":false,"path_per_floor":["M","M","M","?","?","R","$","R","T","M","?","M","R","?","R","B",null,"M","?"],"character_chosen":"THE_SILENT","items_purchased":[],"campfire_rested":0,"item_purchase_floors":[],"current_hp_per_floor":[59,59,59,52,52,52,52,52,59,59,59,58,58,58,58,42,60,31,0],"gold":200,"neow_bonus":"THREE_ENEMY_KILL","is_prod":false,"is_daily":false,"chose_seed":false,"campfire_upgraded":4,"win_rate":0,"timestamp":1551826204,"path_taken":["M","?","M","?","?","R","$","R","T","M","?","M","R","?","R","BOSS","M","?"],"build_version":"2019-02-06","purchased_purges":0,"victory":false,"max_hp_per_floor":[66,66,66,66,66,66,66,66,73,73,73,73,73,66,66,66,66,66,66],"card_choices":[{"not_picked":["Bane","Quick Slash"],"picked":"Flying Knee","floor":1},{"not_picked":["Finisher","Dodge and Roll"],"picked":"Cloak And Dagger","floor":2},{"not_picked":["Outmaneuver","Blade Dance"],"picked":"Dagger Spray","floor":3},{"not_picked":["Flechettes","Deadly Poison"],"picked":"Noxious Fumes","floor":10},{"not_picked":["Setup","Catalyst"],"picked":"Dodge and Roll","floor":12},{"not_picked":["Unload","Tools of the Trade"],"picked":"Glass Knife","floor":16},{"not_picked":["Outmaneuver","Dodge and Roll"],"picked":"Calculated Gamble","floor":18}],"player_experience":1157836,"relics_obtained":[{"floor":9,"key":"Strawberry"}],"event_choices":[{"cards_removed":["Strike_G"],"damage_healed":0,"gold_gain":0,"player_choice":"Card Removal","damage_taken":7,"max_hp_gain":0,"max_hp_loss":0,"event_name":"Golden Wing","floor":4,"gold_loss":0},{"cards_removed":["Strike_G"],"damage_healed":0,"gold_gain":0,"player_choice":"Card Removal","damage_taken":0,"max_hp_gain":0,"max_hp_loss":0,"event_name":"The Cleric","floor":5,"gold_loss":75},{"damage_healed":0,"gold_gain":0,"player_choice":"Ignored","damage_taken":0,"max_hp_gain":0,"max_hp_loss":0,"event_name":"Liars Game","floor":11,"gold_loss":0},{"damage_healed":0,"gold_gain":0,"player_choice":"Lose Max HP","damage_taken":0,"relics_obtained":["Golden Idol"],"max_hp_gain":0,"max_hp_loss":7,"event_name":"Golden Idol","floor":14,"gold_loss":0},{"damage_healed":0,"gold_gain":0,"player_choice":"Fight","damage_taken":0,"max_hp_gain":0,"max_hp_loss":0,"event_name":"Colosseum","floor":19,"gold_loss":0}],"is_beta":true,"boss_relics":[{"not_picked":["Philosopher\u0027s Stone","HoveringKite"],"picked":"Snecko Eye"}],"items_purged_floors":[],"is_endless":false,"potions_floor_spawned":[2,10,12],"killed_by":"Colosseum Slavers","ascension_level":20}