{"path_per_floor":["M","M","$","M","M","R","M","?","T","R","?","M","M","?","R","B",null,"M","?","?","M","?","R","M","M","T","R","E","$","?","M","R","B",null,"M","?","M","?","$","R","E","T","T","E","M","R","M","?","R","B"],"character_chosen":"THE_SILENT","items_purchased":["Toolbox","Bandage Up","Tiny Chest","Bag of Preparation"],"gold_per_floor":[359,375,25,45,55,55,67,47,100,100,53,73,85,85,85,159,159,145,145,145,163,163,163,177,195,195,195,228,34,34,47,47,124,124,139,139,157,157,3,3,30,82,82,115,132,132,144,144,144,144],"floor_reached":51,"campfire_rested":0,"playtime":3220,"current_hp_per_floor":[23,22,22,26,27,27,31,31,31,31,31,31,31,24,24,21,55,48,48,33,33,33,33,33,33,33,33,33,33,33,32,32,33,33,33,33,33,27,27,27,29,29,29,24,24,24,1,35,35,33],"items_purged":["Strike_G"],"gold":144,"score":1355,"play_id":"f78e68c2-fd2e-4282-b349-cd1143cc8a72","local_time":"20180413110759","is_prod":false,"is_daily":false,"chose_seed":false,"is_ascension_mode":true,"campfire_upgraded":9,"timestamp":1523632079,"path_taken":["M","M","$","M","M","R","M","?","T","R","?","M","?","?","R","BOSS","M","?","?","?","?","R","M","M","T","R","E","?","?","M","R","BOSS","M","?","?","?","?","R","E","?","T","E","M","R","?","?","R","BOSS"],"build_version":"2018-04-12","seed_source_timestamp":45993697302121,"purchased_purges":2,"victory":true,"master_deck":["Defend_G","Defend_G","Defend_G","Defend_G","Defend_G","Survivor","Neutralize+1","AscendersBane","Backflip","Accuracy+1","Cloak And Dagger+1","Sucker Punch+1","Dagger Throw","Prepared+1","Blade Dance+1","After Image+1","After Image+1","Infinite Blades+1","Dash+1","PiercingWail","Ghostly","Ghostly","Ghostly","Ghostly","Ghostly+1","Cloak And Dagger+1","Flying Knee+1","Dagger Throw+1","Well Laid Plans","Underhanded Strike+1","Wraith Form v2+1","Choke+1","Noxious Fumes+1","Madness","Madness","Footwork","Reflex+1","Outmaneuver+1","Blade Dance"],"max_hp_per_floor":[66,66,66,66,66,66,66,66,66,66,66,66,66,66,66,66,66,66,66,33,33,33,33,33,33,33,33,33,33,33,33,33,33,33,33,33,33,33,33,33,43,43,43,43,43,43,43,35,35,35],"relics":["Ring of the Snake","Toolbox","Vajra","Astrolabe","Kunai","Whetstone","Tiny Chest","Runic Dome","Bag of Preparation","Pear","Snake Skull","Matryoshka","Mummified Hand"],"card_choices":[{"not_picked":["Outmaneuver","Sucker Punch"],"picked":"Backflip","floor":1},{"not_picked":["Dagger Throw","Caltrops"],"picked":"Accuracy","floor":2},{"not_picked":["Dagger Spray","Finisher"],"picked":"Cloak And Dagger","floor":4},{"not_picked":["Slice","Setup"],"picked":"Sucker Punch","floor":5},{"not_picked":["Caltrops","Slice"],"picked":"Dagger Throw","floor":7},{"not_picked":["Bullet Time","Flying Knee"],"picked":"Prepared","floor":12},{"not_picked":["Concentrate","Outmaneuver"],"picked":"Blade Dance","floor":13},{"not_picked":["Phantasmal Killer","Glass Knife"],"picked":"After Image","floor":16},{"not_picked":["Outmaneuver","Sucker Punch"],"picked":"PiercingWail","floor":18},{"not_picked":["Bane","Flying Knee"],"picked":"Cloak And Dagger","floor":24},{"not_picked":["Grand Finale","Slice"],"picked":"Flying Knee","floor":25},{"not_picked":["Wraith Form v2","Prepared"],"picked":"Dagger Throw","floor":28},{"not_picked":["Cloak And Dagger","Deflect"],"picked":"Underhanded Strike","floor":31},{"not_picked":["Burst","Die Die Die"],"picked":"Wraith Form v2","floor":33},{"not_picked":["Deadly Poison","PiercingWail"],"picked":"Choke","floor":35},{"not_picked":["Dagger Spray","Dash"],"picked":"Noxious Fumes","floor":37},{"not_picked":["Underhanded Strike","Dodge and Roll"],"picked":"Footwork","floor":41},{"not_picked":["Burst","Poisoned Stab"],"picked":"Reflex","floor":44},{"not_picked":["Acrobatics","Underhanded Strike"],"picked":"Outmaneuver","floor":45},{"not_picked":["Leg Sweep","All Out Attack"],"picked":"Blade Dance","floor":47}],"player_experience":850387,"potions_floor_usage":[12,12,16,16,47,50,50],"damage_taken":[{"damage":7,"enemies":"Small Slimes","floor":1,"turns":5},{"damage":1,"enemies":"Cultist","floor":2,"turns":5},{"damage":0,"enemies":"Jaw Worm","floor":4,"turns":5},{"damage":3,"enemies":"Blue Slaver","floor":5,"turns":6},{"damage":0,"enemies":"3 Louse","floor":7,"turns":5},{"damage":4,"enemies":"Exordium Thugs","floor":12,"turns":6},{"damage":4,"enemies":"2 Fungi Beasts","floor":13,"turns":3},{"damage":7,"enemies":"Hexaghost","floor":16,"turns":13},{"damage":11,"enemies":"2 Thieves","floor":18,"turns":4},{"damage":0,"enemies":"Shell Parasite","floor":21,"turns":6},{"damage":0,"enemies":"Centurion and Healer","floor":24,"turns":9},{"damage":0,"enemies":"Cultist and Chosen","floor":25,"turns":9},{"damage":4,"enemies":"Gremlin Leader","floor":28,"turns":8},{"damage":1,"enemies":"Snake Plant","floor":31,"turns":6},{"damage":0,"enemies":"Champ","floor":33,"turns":11},{"damage":0,"enemies":"3 Darklings","floor":35,"turns":6},{"damage":0,"enemies":"Orb Walker","floor":37,"turns":3},{"damage":8,"enemies":"2 Orb Walkers","floor":41,"turns":6},{"damage":5,"enemies":"Nemesis","floor":44,"turns":9},{"damage":0,"enemies":"3 Darklings","floor":45,"turns":5},{"damage":23,"enemies":"4 Shapes","floor":47,"turns":6},{"damage":2,"enemies":"Donu and Deca","floor":50,"turns":11}],"event_choices":[{"event_name":"The Woman in Blue","player_choice":"Bought 1 Potion","floor":8,"damage_taken":0},{"event_name":"World of Goop","player_choice":"Left","floor":11,"damage_taken":0},{"event_name":"Golden Wing","player_choice":"Card Removal","floor":14,"damage_taken":0},{"event_name":"Upgrade Shrine","player_choice":"Upgraded","floor":19,"damage_taken":0},{"event_name":"Ghosts","player_choice":"Became a Ghost","floor":20,"damage_taken":0},{"event_name":"The Mausoleum","player_choice":"No","floor":22,"damage_taken":0},{"event_name":"The Library","player_choice":"Read","floor":30,"damage_taken":0},{"event_name":"Winding Halls","player_choice":"Embrace Madness","floor":38,"damage_taken":0},{"event_name":"The Moai Head","player_choice":"Heal","floor":48,"damage_taken":0}],"boss_relics":[{"not_picked":["Eternal Feather","Pandora\u0027s Box"],"picked":"Astrolabe"},{"not_picked":["Black Star","Philosopher\u0027s Stone"],"picked":"Runic Dome"}],"potions_floor_spawned":[2,7,12,13,25,31,33,35,37,44],"seed_played":"589635490796648655","ascension_level":15,"is_trial":false}