{"gold_per_floor":[110,35,48,62,81,112,112,123,123,123,137,171,186,211,211,307,307,319,184,184,109,122,122,147,166,166,166,184,184,7,7,7,105,105,118,130,130,175,30,30,64,14,14,27,0,0,0,15,15,15],"floor_reached":51,"playtime":2595,"items_purged":["Strike_B","Strike_B","Strike_B+1"],"score":748,"play_id":"815a531c-0f28-4de6-803d-eb188bab14f3","local_time":"20190502193339","is_ascension_mode":true,"campfire_choices":[{"data":"Dualcast","floor":7,"key":"SMITH"},{"floor":10,"key":"REST"},{"floor":15,"key":"REST"},{"data":"Static Discharge","floor":23,"key":"SMITH"},{"floor":27,"key":"REST"},{"data":"Machine Learning","floor":32,"key":"SMITH"},{"floor":40,"key":"DIG"},{"floor":47,"key":"DIG"},{"floor":49,"key":"REST"}],"neow_cost":"TEN_PERCENT_HP_LOSS","seed_source_timestamp":33763357613781,"circlet_count":0,"master_deck":["Defend_B+1","Defend_B+1","Defend_B+1","Defend_B+1","Zap","Dualcast+1","Rebound","Ball Lightning","Gash","Ball Lightning","Genetic Algorithm","Conserve Battery","Auto Shields","Leap","Hologram+1","Hyperbeam","Capacitor","Static Discharge+1","Machine Learning+1","Coolheaded","Hologram+1","Compile Driver+1","Fission","Reinforced Body","Panache+1","Cold Snap+1","Gash+1","Clumsy","Gash+1","Stack+1"],"relics":["Cracked Core","Emotion Chip","Pen Nib","Bag of Preparation","PreservedInsect","Matryoshka","Sozu","Lantern","Molten Egg 2","Smiling Mask","Frozen Egg 2","DataDisk","Cursed Key","Shovel","Boot","Sundial","Oddly Smooth Stone","Ancient Tea Set","Girya","Red Mask","Kunai"],"potions_floor_usage":[33,33,33],"damage_taken":[{"damage":1,"enemies":"Cultist","floor":1,"turns":3},{"damage":3,"enemies":"Jaw Worm","floor":3,"turns":3},{"damage":5,"enemies":"Small Slimes","floor":4,"turns":2},{"damage":1,"enemies":"2 Fungi Beasts","floor":5,"turns":3},{"damage":26,"enemies":"3 Sentries","floor":6,"turns":5},{"damage":9,"enemies":"Blue Slaver","floor":8,"turns":3},{"damage":10,"enemies":"Red Slaver","floor":11,"turns":3},{"damage":19,"enemies":"Lagavulin","floor":12,"turns":6},{"damage":0,"enemies":"Exordium Wildlife","floor":13,"turns":3},{"damage":5,"enemies":"Gremlin Nob","floor":14,"turns":3},{"damage":25,"enemies":"Slime Boss","floor":16,"turns":7},{"damage":7,"enemies":"Shell Parasite","floor":18,"turns":5},{"damage":0,"enemies":"Spheric Guardian","floor":22,"turns":3},{"damage":41,"enemies":"Slavers","floor":24,"turns":4},{"damage":0,"enemies":"Snake Plant","floor":25,"turns":4},{"damage":0,"enemies":"Centurion and Healer","floor":28,"turns":3},{"damage":39,"enemies":"Champ","floor":33,"turns":14},{"damage":0,"enemies":"3 Darklings","floor":35,"turns":3},{"damage":0,"enemies":"Orb Walker","floor":36,"turns":3},{"damage":5,"enemies":"2 Orb Walkers","floor":38,"turns":3},{"damage":18,"enemies":"Reptomancer","floor":41,"turns":4},{"damage":0,"enemies":"4 Shapes","floor":44,"turns":3},{"damage":2,"enemies":"Spire Growth","floor":48,"turns":4},{"damage":30,"enemies":"Donu and Deca","floor":50,"turns":9}],"seed_played":"-2231627265246325038","potions_obtained":[{"floor":5,"key":"SpeedPotion"},{"floor":6,"key":"Weak Potion"},{"floor":8,"key":"EssenceOfSteel"}],"is_trial":false,"path_per_floor":["M","$","M","M","M","E","R","M","T","R","M","E","M","E","R","B",null,"M","$","?","?","M","R","E","M","T","R","M","?","$","$","R","B",null,"M","M","?","?","$","R","E","$","T","M","?","?","R","M","R","B",null],"character_chosen":"DEFECT","items_purchased":["Capacitor","DataDisk","Compile Driver+1","Boot"],"campfire_rested":4,"item_purchase_floors":[19,30,30,39],"current_hp_per_floor":[67,67,64,59,58,32,32,23,23,43,33,14,14,9,29,4,68,61,61,61,61,61,61,20,20,20,40,40,40,40,40,40,1,68,68,68,68,63,63,63,45,45,45,45,45,45,45,43,63,33],"gold":15,"neow_bonus":"ONE_RARE_RELIC","is_prod":false,"is_daily":false,"chose_seed":false,"campfire_upgraded":3,"win_rate":0,"timestamp":1556818419,"path_taken":["M","$","M","M","M","E","R","M","T","R","M","E","?","E","R","BOSS","M","$","?","?","M","R","E","M","T","R","M","?","?","$","R","BOSS","M","M","?","?","$","R","E","?","T","M","?","?","R","M","R","BOSS"],"build_version":"2019-01-23","purchased_purges":3,"victory":true,"max_hp_per_floor":[68,68,68,68,68,68,68,68,68,68,68,68,68,68,68,68,68,68,68,68,68,68,68,68,68,68,68,68,68,68,68,68,68,68,68,68,68,68,68,68,68,68,68,68,68,68,68,68,68,68],"card_choices":[{"not_picked":["Coolheaded","Steam"],"picked":"Rebound","floor":1},{"not_picked":["Rebound","Self Repair"],"picked":"Ball Lightning","floor":3},{"not_picked":["Chaos","Rip and Tear"],"picked":"Gash","floor":4},{"not_picked":["Lockon","Defragment"],"picked":"Ball Lightning","floor":5},{"not_picked":["Force Field","Stack"],"picked":"Genetic Algorithm","floor":6},{"not_picked":["Meteor Strike","Ball Lightning","Turbo"],"picked":"SKIP","floor":8},{"not_picked":["Stack","Tempest"],"picked":"Conserve Battery","floor":11},{"not_picked":["Reinforced Body","Streamline"],"picked":"Auto Shields","floor":12},{"not_picked":["Amplify","Coolheaded"],"picked":"Leap","floor":13},{"not_picked":["Capacitor","Barrage"],"picked":"Hologram","floor":14},{"not_picked":["Multi-Cast","Electrodynamics"],"picked":"Hyperbeam","floor":16},{"not_picked":["Fusion","Turbo+1","Barrage"],"picked":"SKIP","floor":18},{"not_picked":["Beam Cell","Turbo"],"picked":"Static Discharge","floor":22},{"not_picked":["Hologram","Compile Driver"],"picked":"Machine Learning","floor":24},{"not_picked":["Heatsinks","Streamline+1"],"picked":"Coolheaded","floor":25},{"not_picked":["Static Discharge+1","Steam Power"],"picked":"Hologram+1","floor":28},{"not_picked":["Reboot","Seek"],"picked":"Fission","floor":33},{"not_picked":["Static Discharge+1","Rebound+1"],"picked":"Reinforced Body","floor":35},{"not_picked":["Leap","Ball Lightning+1","Sweeping Beam+1"],"picked":"SKIP","floor":36},{"not_picked":["Dark Shackles","Forethought"],"picked":"Panache+1","floor":37},{"not_picked":["Barrage+1","Auto Shields"],"picked":"Cold Snap+1","floor":38},{"not_picked":["All For One+1","Steam Power"],"picked":"Gash+1","floor":41},{"not_picked":["Sweeping Beam+1","Go for the Eyes+1"],"picked":"Gash+1","floor":44},{"not_picked":["Auto Shields","Capacitor+1"],"picked":"Stack+1","floor":48}],"player_experience":317034,"relics_obtained":[{"floor":6,"key":"Pen Nib"},{"floor":9,"key":"Bag of Preparation"},{"floor":12,"key":"PreservedInsect"},{"floor":14,"key":"Matryoshka"},{"floor":24,"key":"Molten Egg 2"},{"floor":26,"key":"Smiling Mask"},{"floor":26,"key":"Frozen Egg 2"},{"floor":38,"key":"Shovel"},{"floor":40,"key":"Sundial"},{"floor":41,"key":"Oddly Smooth Stone"},{"floor":43,"key":"Ancient Tea Set"},{"floor":43,"key":"Girya"},{"floor":47,"key":"Kunai"}],"event_choices":[{"damage_healed":0,"gold_gain":0,"player_choice":"Opened","damage_taken":0,"relics_obtained":["Lantern"],"max_hp_gain":0,"max_hp_loss":0,"event_name":"The Mausoleum","floor":20,"gold_loss":0},{"cards_removed":["Strike_B"],"damage_healed":0,"gold_gain":0,"player_choice":"Gave Gold","damage_taken":0,"max_hp_gain":0,"max_hp_loss":0,"event_name":"Beggar","floor":21,"gold_loss":75},{"damage_healed":0,"gold_gain":0,"player_choice":"Simplicity","damage_taken":0,"max_hp_gain":0,"max_hp_loss":0,"event_name":"Back to Basics","floor":29,"gold_loss":0,"cards_upgraded":["Strike_B","Defend_B","Defend_B","Defend_B","Defend_B"]},{"damage_healed":0,"gold_gain":0,"player_choice":"Memory 1","damage_taken":0,"max_hp_gain":0,"max_hp_loss":0,"event_name":"SensoryStone","floor":37,"gold_loss":0},{"damage_healed":0,"gold_gain":0,"player_choice":"Fight","damage_taken":0,"max_hp_gain":0,"max_hp_loss":0,"event_name":"Mysterious Sphere","floor":38,"gold_loss":0},{"damage_healed":0,"gold_gain":0,"player_choice":"Paid","damage_taken":0,"relics_obtained":["Red Mask"],"max_hp_gain":0,"max_hp_loss":0,"event_name":"Tomb of Lord Red Mask","floor":45,"gold_loss":27},{"damage_healed":0,"gold_gain":0,"player_choice":"Upgraded","damage_taken":0,"max_hp_gain":0,"max_hp_loss":0,"event_name":"Upgrade Shrine","floor":46,"gold_loss":0,"cards_upgraded":["Hologram"]}],"is_beta":false,"boss_relics":[{"not_picked":["Astrolabe","Orrery"],"picked":"Sozu"},{"not_picked":["Pandora\u0027s Box","Coffee Dripper"],"picked":"Cursed Key"}],"items_purged_floors":[2,19,42],"is_endless":false,"potions_floor_spawned":[5,6,8,11,14,18,22,28,38,41,48],"ascension_level":1}