{"gold_per_floor":[110,73,90,90,90,90,118,118,118,118,129,404,11,26,26,105,105,121,121,139,33,33,61,61,61],"floor_reached":25,"playtime":896,"items_purged":[],"score":434,"play_id":"ff52d8d8-5c95-476c-9eb3-3c3a801d6b1c","local_time":"20190420020329","is_ascension_mode":true,"campfire_choices":[{"data":"Perfected Strike","floor":6,"key":"SMITH"},{"data":"Inflame","floor":8,"key":"SMITH"},{"data":"Regret","floor":15,"key":"PURGE"},{"floor":24,"key":"REST"}],"neow_cost":"NONE","seed_source_timestamp":718400497665538,"circlet_count":0,"master_deck":["AscendersBane","Strike_R","Strike_R","Strike_R","Strike_R","Strike_R","Defend_R+1","Defend_R","Defend_R+1","Bash+1","Twin Strike","Inflame+1","Perfected Strike+1","Battle Trance","Spot Weakness","Feel No Pain","Clothesline","Feed","Clothesline+1","Shrug It Off","Ghostly Armor"],"relics":["Burning Blood","Juzu Bracelet","War Paint","Peace Pipe","Busted Crown","Bag of Preparation","Unceasing Top"],"potions_floor_usage":[18,20,23,25],"damage_taken":[{"damage":1,"enemies":"Small Slimes","floor":1,"turns":4},{"damage":6,"enemies":"Cultist","floor":3,"turns":3},{"damage":20,"enemies":"Lagavulin","floor":7,"turns":5},{"damage":0,"enemies":"Jaw Worm","floor":11,"turns":3},{"damage":12,"enemies":"2 Fungi Beasts","floor":14,"turns":2},{"damage":34,"enemies":"Slime Boss","floor":16,"turns":9},{"damage":25,"enemies":"Chosen","floor":18,"turns":6},{"damage":15,"enemies":"Spheric Guardian","floor":20,"turns":4},{"damage":67,"enemies":"Slavers","floor":23,"turns":7},{"damage":43,"enemies":"Gremlin Leader","floor":25,"turns":4}],"seed_played":"-2515941969275662544","potions_obtained":[{"floor":14,"key":"Weak Potion"},{"floor":16,"key":"Dexterity Potion"},{"floor":18,"key":"Strength Potion"}],"is_trial":false,"path_per_floor":["M","$","M","?","?","R","E","R","T","?","M","?","$","M","R","B",null,"M","T","M","$","?","E","R","E"],"character_chosen":"IRONCLAD","items_purchased":["Inflame","Feel No Pain","Peace Pipe","Shrug It Off","PowerPotion"],"campfire_rested":1,"item_purchase_floors":[2,13,13,21,21],"current_hp_per_floor":[80,80,80,73,73,73,59,59,59,64,70,70,70,64,64,36,74,58,58,49,49,67,9,36,0],"gold":61,"neow_bonus":"TEN_PERCENT_HP_BONUS","is_prod":false,"is_daily":false,"chose_seed":false,"campfire_upgraded":2,"win_rate":0,"timestamp":1555740209,"path_taken":["M","$","M","?","?","R","E","R","T","?","M","?","$","M","R","BOSS","M","?","M","$","?","E","R","E"],"build_version":"2019-01-23","purchased_purges":0,"victory":false,"max_hp_per_floor":[82,82,82,82,82,82,82,82,82,87,87,87,87,87,87,87,87,90,90,90,90,90,93,93,93],"card_choices":[{"not_picked":["Anger","Warcry"],"picked":"Twin Strike","floor":1},{"not_picked":["Armaments","Clash"],"picked":"Perfected Strike","floor":3},{"not_picked":["Sentinel","Anger"],"picked":"Battle Trance","floor":7},{"not_picked":["Berserk","Evolve"],"picked":"Spot Weakness","floor":11},{"not_picked":["Body Slam","Cleave"],"picked":"Clothesline","floor":14},{"not_picked":["Dark Embrace","Bludgeon"],"picked":"Feed","floor":16},{"not_picked":["Iron Wave"],"picked":"SKIP","floor":18},{"not_picked":[],"picked":"Clothesline+1","floor":20},{"not_picked":[],"picked":"Ghostly Armor","floor":23}],"player_experience":1860433,"relics_obtained":[{"floor":7,"key":"Juzu Bracelet"},{"floor":9,"key":"War Paint"},{"floor":19,"key":"Bag of Preparation"},{"floor":23,"key":"Unceasing Top"}],"event_choices":[{"cards_removed":["Defend_R"],"damage_healed":0,"gold_gain":0,"player_choice":"Card Removal","damage_taken":7,"max_hp_gain":0,"max_hp_loss":0,"event_name":"Golden Wing","floor":4,"gold_loss":0},{"damage_healed":0,"gold_gain":0,"player_choice":"Forge","damage_taken":0,"max_hp_gain":0,"max_hp_loss":0,"event_name":"Accursed Blacksmith","floor":5,"gold_loss":0,"cards_upgraded":["Bash"]},{"damage_healed":0,"gold_gain":0,"player_choice":"Donut","damage_taken":0,"max_hp_gain":5,"max_hp_loss":0,"event_name":"Big Fish","floor":10,"gold_loss":0},{"damage_healed":0,"gold_gain":275,"player_choice":"Desecrate","damage_taken":0,"max_hp_gain":0,"max_hp_loss":0,"event_name":"Golden Shrine","floor":12,"gold_loss":0,"cards_obtained":["Regret"]},{"damage_healed":18,"gold_gain":0,"player_choice":"Heal","damage_taken":0,"max_hp_gain":0,"max_hp_loss":0,"event_name":"The Library","floor":22,"gold_loss":0}],"is_beta":false,"boss_relics":[{"not_picked":["Black Blood","Runic Pyramid"],"picked":"Busted Crown"}],"items_purged_floors":[],"is_endless":false,"potions_floor_spawned":[14,16,18],"killed_by":"Gremlin Leader","ascension_level":20}