{"gold_per_floor":[19,30,48,58,74,74,108,108,134,152,77,95,95,95,95,95],"floor_reached":16,"playtime":657,"items_purged":["Strike_R"],"score":104,"play_id":"c5568452-7edc-4856-b27d-99a0d68924bb","local_time":"20190120155407","is_ascension_mode":false,"campfire_choices":[{"floor":6,"key":"REST"},{"data":"Bash","floor":8,"key":"SMITH"},{"floor":15,"key":"REST"}],"neow_cost":"NO_GOLD","seed_source_timestamp":603212912344152,"circlet_count":0,"master_deck":["Strike_R","Strike_R","Strike_R","Strike_R","Defend_R","Defend_R","Bash+1"],"relics":["Burning Blood","Singing Bowl","Happy Flower"],"potions_floor_usage":[7,16],"damage_taken":[{"damage":5,"enemies":"Cultist","floor":1,"turns":4},{"damage":13,"enemies":"Jaw Worm","floor":2,"turns":3},{"damage":5,"enemies":"2 Louse","floor":3,"turns":2},{"damage":26,"enemies":"Large Slime","floor":4,"turns":7},{"damage":17,"enemies":"3 Louse","floor":5,"turns":3},{"damage":28,"enemies":"Gremlin Nob","floor":7,"turns":4},{"damage":21,"enemies":"Red Slaver","floor":10,"turns":3},{"damage":21,"enemies":"2 Fungi Beasts","floor":12,"turns":3},{"damage":61,"enemies":"Slime Boss","floor":16,"turns":8}],"seed_played":"7065367385392120608","potions_obtained":[{"floor":3,"key":"SteroidPotion"},{"floor":5,"key":"Strength Potion"},{"floor":10,"key":"FearPotion"},{"floor":12,"key":"Poison Potion"}],"is_trial":false,"path_per_floor":["M","M","M","M","M","R","E","R","T","M","$","M","?","$","R","B"],"character_chosen":"IRONCLAD","items_purchased":[],"campfire_rested":2,"item_purchase_floors":[],"current_hp_per_floor":[80,73,74,54,43,67,47,47,47,34,34,21,21,21,46,0],"gold":95,"neow_bonus":"REMOVE_TWO","is_prod":false,"is_daily":false,"chose_seed":false,"campfire_upgraded":1,"win_rate":0,"timestamp":1548017647,"path_taken":["M","M","M","M","M","R","E","R","T","?","$","M","?","$","R","BOSS"],"build_version":"2019-01-17v2","purchased_purges":1,"victory":false,"max_hp_per_floor":[80,80,80,80,80,80,82,82,82,84,84,86,86,86,86,86],"card_choices":[{"not_picked":["Heavy Blade","Sentinel","Sword Boomerang"],"picked":"SKIP","floor":1},{"not_picked":["Body Slam","Anger","Wild Strike"],"picked":"SKIP","floor":2},{"not_picked":["Cleave","Hemokinesis","Headbutt"],"picked":"SKIP","floor":3},{"not_picked":["Berserk","Heavy Blade","Battle Trance"],"picked":"SKIP","floor":4},{"not_picked":["Reckless Charge","Heavy Blade","Headbutt"],"picked":"SKIP","floor":5},{"not_picked":["Feel No Pain","Perfected Strike","Wild Strike"],"picked":"Singing Bowl","floor":7},{"not_picked":["Wild Strike","Flex","Shockwave"],"picked":"Singing Bowl","floor":10},{"not_picked":["Armaments","Rage","Hemokinesis"],"picked":"Singing Bowl","floor":12}],"player_experience":528044,"relics_obtained":[{"floor":7,"key":"Singing Bowl"}],"event_choices":[{"damage_healed":0,"gold_gain":0,"player_choice":"Gave Potion","damage_taken":0,"relics_obtained":["Happy Flower"],"max_hp_gain":0,"max_hp_loss":0,"event_name":"WeMeetAgain","floor":13,"gold_loss":0}],"is_beta":false,"boss_relics":[],"items_purged_floors":[11],"is_endless":false,"potions_floor_spawned":[3,5,10,12],"killed_by":"Slime Boss","ascension_level":0}