{"gold_per_floor":[211,211,227,9,28,28,72,72,72,72,72,115,115,134,134,134],"floor_reached":16,"playtime":782,"items_purged":[],"score":216,"play_id":"1f37f014-9392-4aff-ba9c-e95e267f37e2","local_time":"20190505212744","is_ascension_mode":true,"campfire_choices":[{"data":"Anger","floor":6,"key":"SMITH"},{"data":"Bash","floor":10,"key":"SMITH"},{"floor":13,"key":"REST"},{"data":"Shockwave","floor":15,"key":"SMITH"}],"neow_cost":"NONE","seed_source_timestamp":474966156811481,"circlet_count":0,"master_deck":["AscendersBane","Strike_R","Strike_R","Strike_R","Strike_R","Strike_R","Defend_R","Defend_R","Defend_R","Defend_R","Bash+1","Anger+1","Shockwave+1","Shrug It Off","Dark Embrace","Iron Wave","Thunderclap"],"relics":["Burning Blood","Golden Idol","Oddly Smooth Stone","Toxic Egg 2","Calipers","Kunai","Bag of Preparation"],"potions_floor_usage":[7,12,16],"damage_taken":[{"damage":18,"enemies":"Small Slimes","floor":1,"turns":5},{"damage":4,"enemies":"Jaw Worm","floor":3,"turns":4},{"damage":0,"enemies":"Cultist","floor":5,"turns":3},{"damage":9,"enemies":"Lagavulin","floor":7,"turns":7},{"damage":54,"enemies":"Gremlin Nob","floor":12,"turns":5},{"damage":0,"enemies":"Exordium Wildlife","floor":14,"turns":4},{"damage":39,"enemies":"Hexaghost","floor":16,"turns":10}],"seed_played":"4914788017597629048","potions_obtained":[{"floor":1,"key":"Swift Potion"},{"floor":14,"key":"Block Potion"}],"is_trial":false,"path_per_floor":["M","?","M","$","M","R","E","?","T","R","?","E","R","M","R","B"],"character_chosen":"IRONCLAD","items_purchased":["Oddly Smooth Stone","FearPotion"],"campfire_rested":1,"item_purchase_floors":[4,4],"current_hp_per_floor":[56,56,58,58,64,64,61,61,61,61,61,13,33,39,39,0],"gold":134,"neow_bonus":"HUNDRED_GOLD","is_prod":false,"is_daily":false,"chose_seed":false,"campfire_upgraded":3,"win_rate":0,"timestamp":1557116864,"path_taken":["M","?","M","$","M","R","E","?","T","R","?","E","R","M","R","BOSS"],"build_version":"2019-04-23","purchased_purges":0,"victory":false,"max_hp_per_floor":[75,68,68,68,68,68,68,68,68,68,68,68,68,68,68,68],"card_choices":[{"not_picked":["Sword Boomerang","Twin Strike"],"picked":"Anger","floor":1},{"not_picked":["Sever Soul","Whirlwind"],"picked":"Shockwave","floor":3},{"not_picked":["Flex","Twin Strike"],"picked":"Shrug It Off","floor":5},{"not_picked":["Clash","Wild Strike"],"picked":"Dark Embrace","floor":7},{"not_picked":["Flex+1","Anger"],"picked":"Iron Wave","floor":12},{"not_picked":["Hemokinesis","Blood for Blood"],"picked":"Thunderclap","floor":14}],"player_experience":6193613,"relics_obtained":[{"floor":7,"key":"Toxic Egg 2"},{"floor":9,"key":"Calipers"},{"floor":12,"key":"Bag of Preparation"}],"event_choices":[{"damage_healed":0,"gold_gain":0,"player_choice":"Lose Max HP","damage_taken":0,"relics_obtained":["Golden Idol"],"max_hp_gain":0,"max_hp_loss":7,"event_name":"Golden Idol","floor":2,"gold_loss":0},{"damage_healed":0,"gold_gain":0,"player_choice":"Leave","damage_taken":0,"max_hp_gain":0,"max_hp_loss":0,"event_name":"The Cleric","floor":8,"gold_loss":0},{"damage_healed":0,"gold_gain":0,"player_choice":"Searched \u00271\u0027 times","damage_taken":0,"relics_obtained":["Kunai"],"max_hp_gain":0,"max_hp_loss":0,"event_name":"Dead Adventurer","floor":11,"gold_loss":0}],"is_beta":true,"boss_relics":[],"items_purged_floors":[],"is_endless":false,"potions_floor_spawned":[1,5,14],"killed_by":"Hexaghost","ascension_level":20}