{"gold_per_floor":[16,34,209,209,229,229,229,229,229,248,273,41,71,82,82,179,179,179,179,94,16,0,0,0,0,0,0,0,0,0,0],"floor_reached":31,"playtime":1454,"items_purged":["Doubt"],"score":420,"play_id":"59a77319-9ceb-4045-86f9-5188994c5cca","local_time":"20190316165257","is_ascension_mode":true,"campfire_choices":[{"data":"Zap","floor":6,"key":"SMITH"},{"data":"Hologram","floor":8,"key":"SMITH"},{"data":"Coolheaded","floor":15,"key":"SMITH"},{"floor":23,"key":"REST"},{"floor":29,"key":"REST"}],"neow_cost":"NO_GOLD","seed_source_timestamp":278869163932832,"circlet_count":0,"master_deck":["AscendersBane","Strike_B","Strike_B","Strike_B","Strike_B","Defend_B","Defend_B","Defend_B","Defend_B","Zap+1","Dualcast","Ball Lightning","Hologram+1","Skim","Coolheaded+1","Compile Driver","Hologram","Leap","Rainbow","Auto Shields","Ball Lightning+1","Hyperbeam"],"relics":["Cracked Core","Unceasing Top","Juzu Bracelet","Bronze Scales","Dodecahedron","Mango","Bag of Preparation","Mummified Hand","Ectoplasm","Red Mask","Boot","Darkstone Periapt","Oddly Smooth Stone","Turnip"],"potions_floor_usage":[5,13,16,19,24,31],"damage_taken":[{"damage":0,"enemies":"Cultist","floor":1,"turns":4},{"damage":2,"enemies":"Jaw Worm","floor":2,"turns":3},{"damage":4,"enemies":"2 Louse","floor":5,"turns":2},{"damage":6,"enemies":"Blue Slaver","floor":10,"turns":3},{"damage":35,"enemies":"3 Sentries","floor":11,"turns":8},{"damage":19,"enemies":"Gremlin Nob","floor":13,"turns":3},{"damage":4,"enemies":"Exordium Wildlife","floor":14,"turns":3},{"damage":14,"enemies":"Slime Boss","floor":16,"turns":8},{"damage":8,"enemies":"3 Byrds","floor":18,"turns":2},{"damage":22,"enemies":"Masked Bandits","floor":19,"turns":4},{"damage":23,"enemies":"2 Thieves","floor":22,"turns":4},{"damage":17,"enemies":"Book of Stabbing","floor":24,"turns":5},{"damage":2,"enemies":"Snecko","floor":28,"turns":4},{"damage":18,"enemies":"3 Cultists","floor":30,"turns":5},{"damage":24,"enemies":"Slavers","floor":31,"turns":3}],"seed_played":"5693109811668728198","potions_obtained":[{"floor":1,"key":"Block Potion"},{"floor":5,"key":"Fruit Juice"},{"floor":13,"key":"Dexterity Potion"},{"floor":14,"key":"FocusPotion"},{"floor":19,"key":"Weak Potion"},{"floor":30,"key":"Weak Potion"}],"is_trial":false,"path_per_floor":["M","M","?","T","M","R","?","R","T","M","E","$","E","M","R","B",null,"M","?","?","$","M","R","E","?","T","?","M","R","M","E"],"character_chosen":"DEFECT","items_purchased":["Bag of Preparation","FocusPotion"],"campfire_rested":2,"item_purchase_floors":[12,21],"current_hp_per_floor":[68,66,66,66,67,67,67,67,67,61,40,40,21,17,17,3,71,63,41,41,41,18,46,29,29,29,10,8,37,19,0],"gold":0,"neow_bonus":"ONE_RARE_RELIC","is_prod":false,"is_daily":false,"chose_seed":false,"campfire_upgraded":3,"win_rate":0,"timestamp":1552769577,"path_taken":["M","M","?","?","M","R","?","R","T","M","E","?","E","M","R","BOSS","M","?","?","$","M","R","E","?","T","?","M","R","M","E"],"build_version":"2019-01-23","purchased_purges":1,"victory":false,"max_hp_per_floor":[75,75,75,75,80,80,80,80,80,80,94,94,94,94,94,94,94,94,94,94,94,94,94,94,94,94,99,99,99,99,99],"card_choices":[{"not_picked":["Scrape","Rebound"],"picked":"Ball Lightning","floor":1},{"not_picked":["Melter","Rebound"],"picked":"Hologram","floor":2},{"not_picked":["Hologram","Beam Cell"],"picked":"Skim","floor":5},{"not_picked":["Rebound","Reboot"],"picked":"Coolheaded","floor":10},{"not_picked":["Gash","Beam Cell"],"picked":"Compile Driver","floor":11},{"not_picked":["Blizzard","Gash"],"picked":"Hologram","floor":13},{"not_picked":["Sweeping Beam","Hologram"],"picked":"Leap","floor":14},{"not_picked":["Hyperbeam","Amplify"],"picked":"Rainbow","floor":16},{"not_picked":["Chill","Rebound"],"picked":"Auto Shields","floor":18},{"not_picked":["Loop","Cold Snap"],"picked":"Ball Lightning+1","floor":22},{"not_picked":["Steam Power","Sweeping Beam","Gash"],"picked":"SKIP","floor":24},{"not_picked":["Coolheaded","Go for the Eyes","Gash"],"picked":"SKIP","floor":28},{"not_picked":["Stack","Redo"],"picked":"Hyperbeam","floor":30}],"player_experience":1161411,"relics_obtained":[{"floor":4,"key":"Juzu Bracelet"},{"floor":9,"key":"Dodecahedron"},{"floor":11,"key":"Mango"},{"floor":13,"key":"Mummified Hand"},{"floor":19,"key":"Red Mask"},{"floor":24,"key":"Darkstone Periapt"},{"floor":26,"key":"Turnip"}],"event_choices":[{"damage_healed":0,"gold_gain":175,"player_choice":"AGREE","damage_taken":0,"max_hp_gain":0,"max_hp_loss":0,"event_name":"Liars Game","floor":3,"gold_loss":0,"cards_obtained":["Doubt"]},{"damage_healed":0,"gold_gain":0,"player_choice":"Searched \u00271\u0027 times","damage_taken":0,"relics_obtained":["Bronze Scales"],"max_hp_gain":0,"max_hp_loss":0,"event_name":"Dead Adventurer","floor":7,"gold_loss":0},{"damage_healed":0,"gold_gain":0,"player_choice":"Fought Bandits","damage_taken":0,"max_hp_gain":0,"max_hp_loss":0,"event_name":"Masked Bandits","floor":19,"gold_loss":0},{"damage_healed":0,"gold_gain":0,"player_choice":"Obtained Relic","damage_taken":0,"relics_obtained":["Boot"],"max_hp_gain":0,"max_hp_loss":0,"event_name":"Addict","floor":20,"gold_loss":85},{"damage_healed":0,"gold_gain":0,"player_choice":"Gave Potion","damage_taken":0,"relics_obtained":["Oddly Smooth Stone"],"max_hp_gain":0,"max_hp_loss":0,"event_name":"WeMeetAgain","floor":25,"gold_loss":0},{"damage_healed":0,"gold_gain":0,"player_choice":"Shed Blood","damage_taken":24,"max_hp_gain":5,"max_hp_loss":0,"event_name":"Forgotten Altar","floor":27,"gold_loss":0}],"is_beta":false,"boss_relics":[{"not_picked":["Philosopher\u0027s Stone","Runic Dome"],"picked":"Ectoplasm"}],"items_purged_floors":[12],"is_endless":false,"potions_floor_spawned":[1,5,13,14,19,30],"killed_by":"Slavers","ascension_level":10}