{"gold_per_floor":[364,84,98,112,68,100,100,132,132,132,166,166,166,199,199,274,274,285,305,305,205,205,240,240,240,311,344,373,391,441,472,472,544,544,557,145,1144,1144,1163,808,808,808,808,420,438,451,451,470,470,470,470,470,144,171,171],"floor_reached":56,"playtime":2937,"items_purged":["Strike_R","Strike_R"],"score":1972,"play_id":"1ba7d9d3-d14c-4715-905d-93b96a5a9df8","local_time":"20190408194648","is_ascension_mode":true,"campfire_choices":[{"data":"Immolate","floor":7.0,"key":"SMITH"},{"floor":13.0,"key":"REST"},{"data":"Uppercut","floor":15.0,"key":"SMITH"},{"data":"Flame Barrier","floor":25,"key":"SMITH"},{"data":"Hemokinesis","floor":32,"key":"SMITH"},{"floor":41,"key":"RECALL"},{"data":"Disarm","floor":49,"key":"SMITH"},{"data":"Feel No Pain","floor":52,"key":"SMITH"}],"neow_cost":"PERCENT_DAMAGE","seed_source_timestamp":2274949226542749,"circlet_count":0,"master_deck":["AscendersBane","Bash","Clothesline","Immolate+1","Anger","Headbutt","Uppercut+1","Shrug It Off","Juggernaut","Reaper","Feel No Pain+1","Feed","Warcry","Flame Barrier+1","Battle Trance","Disarm+1","Reaper","Hemokinesis+1","Reaper","Seeing Red","Dropkick","Pommel Strike","Corruption","Sword Boomerang","Shrug It Off","Shrug It Off+1","Apotheosis","Master of Strategy","PanicButton","Flame Barrier","True Grit","Body Slam+1","Shrug It Off","Dark Shackles"],"special_seed":0,"relics":["Burning Blood","Red Skull","Thread and Needle","Letter Opener","Potion Belt","Pear","Velvet Choker","Blood Vial","Singing Bowl","Art of War","Red Mask","Turnip","Pandora\u0027s Box","Pen Nib","Self Forming Clay","Vajra","ClockworkSouvenir","Dodecahedron","Shuriken","Ice Cream","Frozen Eye","Oddly Smooth Stone"],"potions_floor_usage":[19,27,31,55,55,55],"damage_taken":[{"damage":11.0,"enemies":"Cultist","floor":1.0,"turns":4.0},{"damage":12.0,"enemies":"Small Slimes","floor":3.0,"turns":2.0},{"damage":0.0,"enemies":"2 Louse","floor":4.0,"turns":2.0},{"damage":13.0,"enemies":"Lagavulin","floor":6.0,"turns":7.0},{"damage":10.0,"enemies":"3 Sentries","floor":8.0,"turns":3.0},{"damage":6.0,"enemies":"Lagavulin","floor":11.0,"turns":6.0},{"damage":8.0,"enemies":"3 Sentries","floor":14.0,"turns":4.0},{"damage":28.0,"enemies":"Slime Boss","floor":16.0,"turns":8.0},{"damage":6,"enemies":"Shell Parasite","floor":18,"turns":5},{"damage":15,"enemies":"3 Byrds","floor":19,"turns":4},{"damage":26,"enemies":"Gremlin Leader","floor":23,"turns":6},{"damage":15,"enemies":"Book of Stabbing","floor":27,"turns":4},{"damage":0,"enemies":"Masked Bandits","floor":28,"turns":2},{"damage":9,"enemies":"Snecko","floor":29,"turns":4},{"damage":0,"enemies":"Gremlin Leader","floor":31,"turns":7},{"damage":84,"enemies":"Champ","floor":33,"turns":14},{"damage":19,"enemies":"Orb Walker","floor":35,"turns":4},{"damage":0,"enemies":"3 Shapes","floor":39,"turns":1},{"damage":2,"enemies":"Transient","floor":45,"turns":5},{"damage":0,"enemies":"Writhing Mass","floor":46,"turns":6},{"damage":0,"enemies":"Sphere and 2 Shapes","floor":48,"turns":3},{"damage":22,"enemies":"Awakened One","floor":50,"turns":12},{"damage":22,"enemies":"Shield and Spear","floor":54,"turns":7},{"damage":69,"enemies":"The Heart","floor":55,"turns":8}],"seed_played":"6305905931349971952","potions_obtained":[{"floor":3.0,"key":"EssenceOfSteel"},{"floor":6.0,"key":"Dexterity Potion"},{"floor":8.0,"key":"Poison Potion"},{"floor":14.0,"key":"SneckoOil"},{"floor":23,"key":"Swift Potion"},{"floor":27,"key":"SpeedPotion"},{"floor":29,"key":"BloodPotion"},{"floor":35,"key":"SteroidPotion"},{"floor":46,"key":"GamblersBrew"}],"is_trial":false,"path_per_floor":["M","$","M","M","?","E","R","E","T","?","E","?","R","E","R","B",null,"M","M","?","$","?","E","?","R","T","E","?","M","?","E","R","B",null,"M","$","?","?","M","$","R","?","T","$","M","M","T","M","R","B",null,"R","$","E","B",null],"character_chosen":"IRONCLAD","items_purchased":["Immolate","Anger","Shrug It Off","Pen Nib","Self Forming Clay","Vajra","ClockworkSouvenir","Flame Barrier","Shuriken","Strength Potion","Shrug It Off","Frozen Eye","Dark Shackles"],"campfire_rested":1,"item_purchase_floors":[2,2,36,36,36,40,40,44,44,44,53,53,53],"current_hp_per_floor":[45,45,39,45,45,38,38,34,34,34,34,23,45,53,53,31,72,72,63,63,63,38,45,45,45,45,48,56,60,60,90,90,19,76,79,79,79,79,91,91,91,81,81,81,99,103,103,103,103,103,103,103,103,105,100],"gold":171,"neow_bonus":"TWO_FIFTY_GOLD","is_prod":false,"is_daily":false,"chose_seed":false,"campfire_upgraded":6,"win_rate":0,"timestamp":1554767208,"path_taken":["M","$","M","?","?","E","R","E","T","?","E","?","R","E","R","BOSS","M","M","?","$","?","E","?","R","T","E","?","M","?","E","R","BOSS","M","$","?","?","?","$","R","?","T","$","M","M","?","M","R","BOSS","R","$","E","BOSS"],"build_version":"2019-04-04","purchased_purges":2,"victory":true,"max_hp_per_floor":[75,75,75,75,75,75,75,75,75,75,75,75,75,85,85,85,85,85,85,85,85,90,93,93,93,93,95,95,95,95,95,95,95,95,97,97,97,97,97,97,97,97,97,97,99,103,103,103,103,103,103,103,103,105,109],"card_choices":[{"not_picked":["Sword Boomerang","Iron Wave"],"picked":"Clothesline","floor":1.0},{"not_picked":["Burning Pact","Clash"],"picked":"Headbutt","floor":3.0},{"not_picked":["Anger","Perfected Strike","Sword Boomerang"],"picked":"SKIP","floor":4.0},{"not_picked":["Pommel Strike","Infernal Blade"],"picked":"Uppercut","floor":6.0},{"not_picked":["Shockwave","Anger"],"picked":"Shrug It Off","floor":8.0},{"not_picked":["Power Through","Combust","Headbutt"],"picked":"SKIP","floor":11.0},{"not_picked":["Body Slam","Headbutt"],"picked":"Juggernaut","floor":14.0},{"not_picked":["Berserk","Impervious"],"picked":"Reaper","floor":16.0},{"not_picked":["Burning Pact","Flex+1","Seeing Red"],"picked":"SKIP","floor":18},{"not_picked":["Seeing Red","Armaments"],"picked":"Feel No Pain","floor":19},{"not_picked":["Sever Soul","Warcry"],"picked":"Flame Barrier","floor":23},{"not_picked":["Clothesline","Reckless Charge","Thunderclap"],"picked":"Singing Bowl","floor":27},{"not_picked":["Headbutt","Warcry"],"picked":"Disarm","floor":28},{"not_picked":["Feel No Pain+1","Heavy Blade"],"picked":"Reaper","floor":29},{"not_picked":["Body Slam","Wild Strike"],"picked":"Hemokinesis","floor":31},{"not_picked":["Berserk","Exhume"],"picked":"Reaper","floor":33},{"not_picked":["Anger+1","Pommel Strike","Rampage"],"picked":"Singing Bowl","floor":35},{"not_picked":["Carnage+1","Warcry+1"],"picked":"Shrug It Off+1","floor":39},{"not_picked":["Dark Shackles","Secret Weapon"],"picked":"Apotheosis","floor":42},{"not_picked":["Forethought","Madness"],"picked":"Master of Strategy","floor":42},{"not_picked":["Purity","Flash of Steel"],"picked":"PanicButton","floor":42},{"not_picked":["Armaments+1","Clothesline+1","Pommel Strike"],"picked":"Singing Bowl","floor":45},{"not_picked":["Armaments","Perfected Strike"],"picked":"True Grit","floor":46},{"not_picked":["Hemokinesis+1","Carnage"],"picked":"Body Slam+1","floor":48},{"not_picked":["Iron Wave","Sword Boomerang","Searing Blow"],"picked":"Singing Bowl","floor":54}],"player_experience":2377298,"relics_obtained":[{"floor":6.0,"key":"Red Skull"},{"floor":8.0,"key":"Thread and Needle"},{"floor":11.0,"key":"Letter Opener"},{"floor":14.0,"key":"Pear"},{"floor":23,"key":"Blood Vial"},{"floor":26,"key":"Singing Bowl"},{"floor":27,"key":"Art of War"},{"floor":28,"key":"Red Mask"},{"floor":31,"key":"Turnip"},{"floor":43,"key":"Dodecahedron"},{"floor":47,"key":"Ice Cream"},{"floor":54,"key":"Oddly Smooth Stone"}],"event_choices":[{"damage_healed":0.0,"max_hp_gain":0.0,"max_hp_loss":0.0,"gold_gain":0.0,"event_name":"World of Goop","player_choice":"Left Gold","floor":5.0,"gold_loss":44.0,"damage_taken":0.0},{"damage_healed":0.0,"max_hp_gain":0.0,"max_hp_loss":0.0,"gold_gain":0.0,"event_name":"Golden Idol","player_choice":"Ignored","floor":10.0,"gold_loss":0.0,"damage_taken":0.0},{"damage_healed":0.0,"max_hp_gain":0.0,"max_hp_loss":0.0,"gold_gain":0.0,"event_name":"Scrap Ooze","player_choice":"Success","floor":12.0,"gold_loss":0.0,"damage_taken":11.0,"relics_obtained":["Potion Belt"]},{"damage_healed":0,"gold_gain":0,"cards_transformed":["Strike_R","Strike_R"],"player_choice":"Became Test Subject","damage_taken":0,"max_hp_gain":0,"max_hp_loss":0,"event_name":"Drug Dealer","floor":20,"gold_loss":0,"cards_obtained":["Feed","Warcry"]},{"damage_healed":0,"gold_gain":0,"player_choice":"Shed Blood","damage_taken":30,"max_hp_gain":5,"max_hp_loss":0,"event_name":"Forgotten Altar","floor":22,"gold_loss":0},{"damage_healed":0,"gold_gain":0,"player_choice":"Read","damage_taken":0,"max_hp_gain":0,"max_hp_loss":0,"event_name":"The Library","floor":24,"gold_loss":0,"cards_obtained":["Battle Trance"]},{"damage_healed":0,"gold_gain":0,"player_choice":"Fought Bandits","damage_taken":0,"max_hp_gain":0,"max_hp_loss":0,"event_name":"Masked Bandits","floor":28,"gold_loss":0},{"damage_healed":0,"gold_gain":50,"player_choice":"Stole From Cult","damage_taken":0,"max_hp_gain":0,"max_hp_loss":0,"event_name":"Nest","floor":30,"gold_loss":0},{"damage_healed":0,"gold_gain":999,"player_choice":"Gold","damage_taken":0,"max_hp_gain":0,"max_hp_loss":0,"event_name":"MindBloom","floor":37,"gold_loss":0,"cards_obtained":["Normality","Normality"]},{"cards_removed":["Normality","Normality"],"damage_healed":0,"gold_gain":0,"player_choice":"Removed Curses","damage_taken":0,"max_hp_gain":0,"max_hp_loss":0,"event_name":"Fountain of Cleansing","floor":38,"gold_loss":0},{"damage_healed":0,"gold_gain":0,"player_choice":"Memory 3","damage_taken":10,"max_hp_gain":0,"max_hp_loss":0,"event_name":"SensoryStone","floor":42,"gold_loss":0}],"is_beta":true,"boss_relics":[{"not_picked":["Astrolabe","Ectoplasm"],"picked":"Velvet Choker"},{"not_picked":["Eternal Feather","Sozu"],"picked":"Pandora\u0027s Box"}],"items_purged_floors":[2,21],"is_endless":false,"potions_floor_spawned":[3,6,8,14,23,27,29,35,46,48,54],"ascension_level":15}