{"gold_per_floor":[116,116,135,135,153,153,153,153,180,180,209,209,240,258,258,356,356,344,20,20,33,47,81,81,145,194,194,194,194,1,11,11,11],"floor_reached":33,"playtime":2103,"items_purged":["Writhe"],"score":436,"play_id":"9460aa83-9663-4e0c-9e20-0aa7a4bcc164","local_time":"20190428141334","is_ascension_mode":true,"campfire_choices":[{"data":"Neutralize","floor":6,"key":"SMITH"},{"data":"All Out Attack","floor":8,"key":"SMITH"},{"data":"Quick Slash","floor":10,"key":"SMITH"},{"data":"Malaise","floor":12,"key":"SMITH"},{"floor":15,"key":"REST"},{"data":"Venomology","floor":24,"key":"SMITH"},{"data":"Leg Sweep","floor":28,"key":"SMITH"},{"data":"Backflip","floor":32,"key":"SMITH"}],"neow_cost":"NONE","seed_source_timestamp":1454751292437807,"circlet_count":0,"master_deck":["Defend_G","Defend_G","Defend_G","Defend_G","Defend_G","Strike_G","Strike_G","Strike_G","Strike_G","Survivor","Neutralize+1","PiercingWail","All Out Attack+1","Quick Slash+1","Malaise+1","Backflip+1","Dash","Venomology+1","Leg Sweep+1","Writhe","Burst","Blade Dance+1","Escape Plan+1","Acrobatics+1"],"relics":["Ring of the Snake","Art of War","Ninja Scroll","Boot","Omamori","PreservedInsect","Calling Bell","Happy Flower","Darkstone Periapt","Incense Burner","Shuriken","Centennial Puzzle","Toxic Egg 2","Tiny Chest","Strawberry","Smiling Mask","Vajra"],"potions_floor_usage":[11,11,16,18,23,25,25,25,25,31],"damage_taken":[{"damage":0,"enemies":"2 Louse","floor":1,"turns":4},{"damage":0,"enemies":"Cultist","floor":3,"turns":3},{"damage":0,"enemies":"Jaw Worm","floor":5,"turns":4},{"damage":22,"enemies":"Lagavulin","floor":11,"turns":6},{"damage":5,"enemies":"Gremlin Nob","floor":13,"turns":3},{"damage":0,"enemies":"Lots of Slimes","floor":14,"turns":3},{"damage":3,"enemies":"Hexaghost","floor":16,"turns":13},{"damage":2,"enemies":"2 Thieves","floor":18,"turns":4},{"damage":1,"enemies":"Spheric Guardian","floor":21,"turns":3},{"damage":2,"enemies":"Snake Plant","floor":22,"turns":6},{"damage":8,"enemies":"Book of Stabbing","floor":23,"turns":9},{"damage":0,"enemies":"Gremlin Leader","floor":25,"turns":6},{"damage":6,"enemies":"Snecko","floor":31,"turns":5},{"damage":40,"enemies":"Champ","floor":33,"turns":12}],"seed_played":"732689721956862281","potions_obtained":[{"floor":1,"key":"Weak Potion"},{"floor":3,"key":"Strength Potion"},{"floor":5,"key":"Poison Potion"},{"floor":13,"key":"Weak Potion"},{"floor":22,"key":"SteroidPotion"},{"floor":23,"key":"Block Potion"},{"floor":25,"key":"EssenceOfSteel"}],"is_trial":false,"path_per_floor":["M","?","M","?","M","R","?","R","T","R","E","R","E","M","R","B",null,"M","$","?","M","M","E","R","E","T","T","R","?","$","M","R","B"],"character_chosen":"THE_SILENT","items_purchased":["Shuriken","Leg Sweep","Vajra"],"campfire_rested":1,"item_purchase_floors":[19,19,30],"current_hp_per_floor":[63,45,45,45,45,45,45,45,45,45,23,23,18,18,39,36,62,60,60,66,65,63,55,55,55,62,62,62,46,46,40,40,0],"gold":11,"neow_bonus":"RANDOM_COMMON_RELIC","is_prod":false,"is_daily":false,"chose_seed":false,"campfire_upgraded":7,"win_rate":0,"timestamp":1556457214,"path_taken":["M","?","M","?","?","R","?","R","T","R","E","R","E","M","R","BOSS","M","?","?","M","M","E","R","E","T","?","R","?","$","M","R","BOSS"],"build_version":"2019-01-23","purchased_purges":1,"victory":false,"max_hp_per_floor":[70,70,70,70,70,70,70,70,70,70,70,70,70,70,70,70,70,70,70,76,76,76,76,76,76,83,83,83,88,88,88,88,88],"card_choices":[{"not_picked":["Endless Agony","Riddle With Holes"],"picked":"PiercingWail","floor":1},{"not_picked":["Prepared","Expertise"],"picked":"All Out Attack","floor":3},{"not_picked":["Flying Knee","Terror"],"picked":"Quick Slash","floor":5},{"not_picked":["Glass Knife","Blur"],"picked":"Malaise","floor":11},{"not_picked":["Deadly Poison","Choke"],"picked":"Backflip","floor":13},{"not_picked":["Backflip","Blade Dance"],"picked":"Dash","floor":14},{"not_picked":["Night Terror","Storm of Steel"],"picked":"Venomology","floor":16},{"not_picked":["Quick Slash","All Out Attack","Flying Knee+1"],"picked":"SKIP","floor":18},{"not_picked":["Reflex","Flechettes"],"picked":"Burst","floor":21},{"not_picked":["Deflect","Backstab"],"picked":"Blade Dance+1","floor":22},{"not_picked":["Concentrate","Dash","Outmaneuver"],"picked":"SKIP","floor":23},{"not_picked":["Poisoned Stab","Deflect+1"],"picked":"Escape Plan+1","floor":25},{"not_picked":["PiercingWail+1","Poisoned Stab"],"picked":"Acrobatics+1","floor":31}],"player_experience":232529,"relics_obtained":[{"floor":9,"key":"Boot"},{"floor":11,"key":"Omamori"},{"floor":13,"key":"PreservedInsect"},{"floor":17,"key":"Happy Flower"},{"floor":17,"key":"Darkstone Periapt"},{"floor":17,"key":"Incense Burner"},{"floor":23,"key":"Toxic Egg 2"},{"floor":25,"key":"Tiny Chest"},{"floor":26,"key":"Strawberry"},{"floor":27,"key":"Smiling Mask"}],"event_choices":[{"damage_healed":0,"gold_gain":0,"player_choice":"Success","damage_taken":18,"relics_obtained":["Ninja Scroll"],"max_hp_gain":0,"max_hp_loss":0,"event_name":"Scrap Ooze","floor":2,"gold_loss":0},{"cards_removed":["Strike_G"],"damage_healed":0,"gold_gain":0,"player_choice":"Purged","damage_taken":0,"max_hp_gain":0,"max_hp_loss":0,"event_name":"Purifier","floor":4,"gold_loss":0},{"damage_healed":0,"gold_gain":0,"player_choice":"Bought 0 Potions","damage_taken":0,"max_hp_gain":0,"max_hp_loss":0,"event_name":"The Woman in Blue","floor":7,"gold_loss":0},{"damage_healed":0,"gold_gain":0,"player_choice":"Opened","damage_taken":0,"relics_obtained":["Centennial Puzzle"],"max_hp_gain":0,"max_hp_loss":0,"event_name":"The Mausoleum","floor":20,"gold_loss":0,"cards_obtained":["Writhe"]},{"damage_healed":0,"gold_gain":0,"player_choice":"Shed Blood","damage_taken":21,"max_hp_gain":5,"max_hp_loss":0,"event_name":"Forgotten Altar","floor":29,"gold_loss":0}],"is_beta":false,"boss_relics":[{"not_picked":["Tiny House","Ring of the Serpent"],"picked":"Calling Bell"}],"items_purged_floors":[30],"is_endless":false,"potions_floor_spawned":[1,3,5,13,22,23,25],"killed_by":"Champ","ascension_level":6}