{"gold_per_floor":[112,132,132,144,156,184,184,48,74,109,129,129,17,33,33,33],"floor_reached":16,"playtime":870,"items_purged":["Strike_G"],"score":224,"play_id":"77bf8188-69cf-456c-8a87-0fd98cf4af45","local_time":"20190407061450","is_ascension_mode":true,"campfire_choices":[{"data":"Flechettes","floor":7,"key":"SMITH"},{"floor":12,"key":"REST"},{"data":"Deadly Poison","floor":15,"key":"SMITH"}],"neow_cost":"PERCENT_DAMAGE","seed_source_timestamp":503758489731990,"circlet_count":0,"master_deck":["AscendersBane","Defend_G","Defend_G","Defend_G","Defend_G","Defend_G","Strike_G","Strike_G","Strike_G","Strike_G","Survivor","Neutralize","All Out Attack","Flechettes+1","Dagger Spray","Crippling Poison","Deadly Poison+1","PiercingWail","Predator","Cloak And Dagger","Crippling Poison","Dash"],"relics":["Ring of the Snake","Anchor","Bag of Marbles","Dream Catcher"],"potions_floor_usage":[5,6,10,16],"damage_taken":[{"damage":0,"enemies":"Cultist","floor":1,"turns":5},{"damage":0,"enemies":"2 Louse","floor":2,"turns":3},{"damage":1,"enemies":"Jaw Worm","floor":4,"turns":4},{"damage":13,"enemies":"Exordium Thugs","floor":5,"turns":5},{"damage":14,"enemies":"3 Sentries","floor":6,"turns":7},{"damage":25,"enemies":"Gremlin Nob","floor":10,"turns":4},{"damage":0,"enemies":"Exordium Wildlife","floor":11,"turns":2},{"damage":0,"enemies":"Large Slime","floor":14,"turns":5},{"damage":27,"enemies":"Hexaghost","floor":16,"turns":11}],"seed_played":"6596955179537263664","potions_obtained":[{"floor":2,"key":"AttackPotion"},{"floor":4,"key":"Energy Potion"},{"floor":5,"key":"Fire Potion"}],"is_trial":false,"path_per_floor":["M","M","?","M","M","E","R","$","T","E","M","R","$","M","R","B"],"character_chosen":"THE_SILENT","items_purchased":["Deadly Poison","GhostInAJar","Crippling Poison"],"campfire_rested":1,"item_purchase_floors":[8,8,13],"current_hp_per_floor":[56,56,56,55,42,28,28,28,28,3,3,26,26,26,26,0],"gold":33,"neow_bonus":"TWENTY_PERCENT_HP_BONUS","is_prod":false,"is_daily":false,"chose_seed":false,"campfire_upgraded":2,"win_rate":0,"timestamp":1554632090,"path_taken":["M","?","?","M","M","E","R","?","T","E","?","R","$","M","R","BOSS"],"build_version":"2019-01-23","purchased_purges":1,"victory":false,"max_hp_per_floor":[78,78,78,78,78,78,78,78,78,78,78,78,78,78,78,78],"card_choices":[{"not_picked":["Sucker Punch","Bane"],"picked":"All Out Attack","floor":1},{"not_picked":["Outmaneuver","Underhanded Strike","Bane"],"picked":"SKIP","floor":2},{"not_picked":["Blade Dance","Heel Hook"],"picked":"Flechettes","floor":4},{"not_picked":["Prepared","Dagger Throw"],"picked":"Dagger Spray","floor":5},{"not_picked":["Underhanded Strike","Venomology"],"picked":"Crippling Poison","floor":6},{"not_picked":["Prepared","Backflip"],"picked":"PiercingWail","floor":10},{"not_picked":["Deflect","Blur"],"picked":"Predator","floor":11},{"not_picked":["PiercingWail","Terror"],"picked":"Cloak And Dagger","floor":12},{"not_picked":["Blade Dance","Night Terror"],"picked":"Dash","floor":14}],"player_experience":1693816,"relics_obtained":[{"floor":6,"key":"Anchor"},{"floor":9,"key":"Bag of Marbles"},{"floor":10,"key":"Dream Catcher"}],"event_choices":[{"damage_healed":0,"gold_gain":0,"player_choice":"Ignored","damage_taken":0,"max_hp_gain":0,"max_hp_loss":0,"event_name":"Liars Game","floor":3,"gold_loss":0}],"is_beta":false,"boss_relics":[],"items_purged_floors":[13],"is_endless":false,"potions_floor_spawned":[2,4,5],"killed_by":"Hexaghost","ascension_level":20}