{"gold_per_floor":[116,41,41,51,62,62,91,103,129,129,160,160,160,0,0,76,76,92,106,106,21,38,38,38,38,38,57,77,77,92,127,127,203,203,222,235,247,265,1,31,31,59,107,126,137,172,191,105,105,105],"floor_reached":50,"playtime":2276,"items_purged":["Strike_G"],"score":1153,"play_id":"e67690a6-fac2-444a-a6f2-81f1ff62b206","local_time":"20190502134824","is_ascension_mode":true,"campfire_choices":[{"data":"Deadly Poison","floor":6.0,"key":"SMITH"},{"floor":10.0,"key":"REST"},{"data":"Neutralize","floor":12.0,"key":"SMITH"},{"floor":15.0,"key":"REST"},{"data":"Bouncing Flask","floor":23.0,"key":"SMITH"},{"data":"Footwork","floor":25.0,"key":"SMITH"},{"floor":29.0,"key":"REST"},{"floor":32,"key":"REST"},{"data":"Mayhem","floor":41,"key":"SMITH"},{"floor":49,"key":"RECALL"}],"neow_cost":"NONE","seed_source_timestamp":103406045710480,"circlet_count":0,"master_deck":["AscendersBane","Defend_G","Defend_G","Defend_G","Defend_G","Defend_G","Strike_G","Strike_G","Survivor","Neutralize+1","Well Laid Plans","Underhanded Strike","Deadly Poison+1","Quick Slash","All Out Attack","PiercingWail","Bouncing Flask+1","Infinite Blades","Bullet Time","Backflip","Footwork+1","Cloak And Dagger","Backstab","Crippling Poison","Adrenaline","After Image","Backflip+1","Blur","Backflip+1","Noxious Fumes","Mayhem+1","PiercingWail","Calculated Gamble+1","Cloak And Dagger+1","Deflect+1","Cloak And Dagger"],"special_seed":0,"relics":["Ring of the Snake","NeowsBlessing","Bag of Marbles","Vajra","Potion Belt","Cursed Key","Meat on the Bone","Snake Skull","WristBlade","Bottled Lightning","Omamori","Shuriken"],"potions_floor_usage":[40,46,50,50,50],"damage_taken":[{"damage":0.0,"enemies":"2 Louse","floor":1.0,"turns":1.0},{"damage":0.0,"enemies":"Jaw Worm","floor":4.0,"turns":1.0},{"damage":0.0,"enemies":"Small Slimes","floor":5.0,"turns":1.0},{"damage":39.0,"enemies":"Gremlin Nob","floor":7.0,"turns":4.0},{"damage":1.0,"enemies":"2 Fungi Beasts","floor":8.0,"turns":3.0},{"damage":22.0,"enemies":"Lagavulin","floor":11.0,"turns":6.0},{"damage":22.0,"enemies":"Hexaghost","floor":16.0,"turns":9.0},{"damage":13.0,"enemies":"Spheric Guardian","floor":18.0,"turns":4.0},{"damage":6.0,"enemies":"2 Thieves","floor":19.0,"turns":4.0},{"damage":15.0,"enemies":"Snake Plant","floor":22.0,"turns":4.0},{"damage":38.0,"enemies":"Chosen and Byrds","floor":27.0,"turns":9.0},{"damage":16.0,"enemies":"3 Cultists","floor":28.0,"turns":5.0},{"damage":2.0,"enemies":"Snecko","floor":30.0,"turns":4.0},{"damage":7.0,"enemies":"Book of Stabbing","floor":31.0,"turns":5.0},{"damage":45,"enemies":"Champ","floor":33,"turns":14},{"damage":9,"enemies":"Orb Walker","floor":35,"turns":4},{"damage":9,"enemies":"3 Darklings","floor":36,"turns":5},{"damage":34,"enemies":"Transient","floor":37,"turns":6},{"damage":0,"enemies":"Sphere and 2 Shapes","floor":38,"turns":5},{"damage":8,"enemies":"Nemesis","floor":40,"turns":7},{"damage":2,"enemies":"Reptomancer","floor":42,"turns":6},{"damage":5,"enemies":"Writhing Mass","floor":44,"turns":4},{"damage":4,"enemies":"3 Darklings","floor":45,"turns":6},{"damage":42,"enemies":"Giant Head","floor":46,"turns":9},{"damage":0,"enemies":"Jaw Worm Horde","floor":47,"turns":4},{"damage":53,"enemies":"Awakened One","floor":50,"turns":17}],"seed_played":"7980267548723551595","potions_obtained":[{"floor":5.0,"key":"FearPotion"},{"floor":7.0,"key":"Explosive Potion"},{"floor":11.0,"key":"Block Potion"},{"floor":22.0,"key":"Regen Potion"},{"floor":28.0,"key":"Swift Potion"},{"floor":30.0,"key":"Explosive Potion"},{"floor":31.0,"key":"SneckoOil"},{"floor":37,"key":"Swift Potion"},{"floor":38,"key":"SkillPotion"},{"floor":45,"key":"Fire Potion"},{"floor":46,"key":"AttackPotion"}],"is_trial":false,"path_per_floor":["M","?","?","M","M","R","E","M","T","R","E","R","?","$","R","B",null,"M","M","$","?","M","R","?","R","T","M","M","R","M","E","R","B",null,"M","M","M","M","$","E","R","E","T","M","M","E","M","$","R","B"],"character_chosen":"THE_SILENT","items_purchased":["Infinite Blades","Noxious Fumes","Mayhem","Regen Potion"],"campfire_rested":4,"item_purchase_floors":[14,39,39,48],"current_hp_per_floor":[59,59,59,59,59,59,20,19,19,38,16,16,16,16,35,13,53,40,34,34,34,31,31,31,31,31,20,16,35,45,38,57,24,56,47,38,16,28,28,32,32,42,42,37,45,15,27,27,27,0],"gold":105,"neow_bonus":"THREE_ENEMY_KILL","is_prod":false,"is_daily":false,"chose_seed":false,"campfire_upgraded":5,"win_rate":0,"timestamp":1556830104,"path_taken":["M","?","?","M","?","R","E","M","T","R","E","R","?","$","R","BOSS","M","M","$","?","M","R","?","R","T","M","M","R","M","E","R","BOSS","M","M","M","M","$","E","R","E","T","M","M","E","M","$","R","BOSS"],"build_version":"2019-04-23","purchased_purges":1,"victory":false,"max_hp_per_floor":[66,66,66,66,66,66,66,66,66,66,66,66,66,66,66,66,66,66,66,66,66,66,66,66,66,66,66,66,66,66,66,66,66,66,66,66,66,66,66,66,66,66,66,66,66,66,66,66,66,66],"card_choices":[{"not_picked":["Dodge and Roll","Slice"],"picked":"Well Laid Plans","floor":1.0},{"not_picked":["Acrobatics","Dodge and Roll"],"picked":"Deadly Poison","floor":4.0},{"not_picked":["Tactician","Outmaneuver"],"picked":"Quick Slash","floor":5.0},{"not_picked":["Backstab","Outmaneuver"],"picked":"All Out Attack","floor":7.0},{"not_picked":["Concentrate","Bouncing Flask"],"picked":"PiercingWail","floor":8.0},{"not_picked":["Deflect","Dagger Spray"],"picked":"Bouncing Flask","floor":11.0},{"not_picked":["Envenom","Burst"],"picked":"Bullet Time","floor":16.0},{"not_picked":["Blade Dance","Expertise","Deflect"],"picked":"SKIP","floor":18.0},{"not_picked":["Deflect","Tools of the Trade"],"picked":"Backflip","floor":19.0},{"not_picked":["Skewer","Flying Knee+1","Outmaneuver"],"picked":"SKIP","floor":22.0},{"not_picked":["Setup","Slice+1"],"picked":"Cloak And Dagger","floor":27.0},{"not_picked":["Heel Hook","Masterful Stab+1"],"picked":"Backstab","floor":28.0},{"not_picked":["Outmaneuver","Distraction"],"picked":"Crippling Poison","floor":30.0},{"not_picked":["Blur","Bane"],"picked":"Adrenaline","floor":31.0},{"not_picked":["Envenom","Venomology"],"picked":"After Image","floor":33},{"not_picked":["Masterful Stab+1","Flying Knee","Sucker Punch"],"picked":"SKIP","floor":35},{"not_picked":["Dash","Dagger Spray+1"],"picked":"Backflip+1","floor":36},{"not_picked":["Dagger Spray","Flechettes"],"picked":"Blur","floor":37},{"not_picked":["Quick Slash","Poisoned Stab"],"picked":"Backflip+1","floor":38},{"not_picked":["Storm of Steel","Flying Knee"],"picked":"PiercingWail","floor":40},{"not_picked":["Dash","Finisher+1"],"picked":"Calculated Gamble+1","floor":42},{"not_picked":["Quick Slash","Slice"],"picked":"Cloak And Dagger+1","floor":44},{"not_picked":["Dagger Spray","Outmaneuver+1"],"picked":"Deflect+1","floor":45},{"not_picked":["Venomology","Terror"],"picked":"Cloak And Dagger","floor":46},{"not_picked":["Dagger Throw","Sucker Punch","Prepared"],"picked":"SKIP","floor":47}],"player_experience":1205975,"relics_obtained":[{"floor":7.0,"key":"Bag of Marbles"},{"floor":9.0,"key":"Vajra"},{"floor":11.0,"key":"Potion Belt"},{"floor":31.0,"key":"Snake Skull"},{"floor":40,"key":"Bottled Lightning"},{"floor":42,"key":"Omamori"},{"floor":46,"key":"Shuriken"}],"event_choices":[{"cards_removed":["Strike_G"],"damage_healed":0.0,"max_hp_gain":0.0,"max_hp_loss":0.0,"gold_gain":0.0,"event_name":"The Cleric","player_choice":"Card Removal","floor":2.0,"gold_loss":75.0,"damage_taken":0.0},{"damage_healed":0.0,"max_hp_gain":0.0,"max_hp_loss":0.0,"gold_gain":0.0,"cards_transformed":["Strike_G"],"event_name":"Living Wall","player_choice":"Change","floor":3.0,"gold_loss":0.0,"damage_taken":0.0,"cards_obtained":["Underhanded Strike"]},{"damage_healed":0.0,"max_hp_gain":0.0,"max_hp_loss":0.0,"gold_gain":0.0,"event_name":"Dead Adventurer","player_choice":"Searched \u00270\u0027 times","floor":13.0,"gold_loss":0.0,"damage_taken":0.0},{"damage_healed":0.0,"max_hp_gain":0.0,"max_hp_loss":0.0,"gold_gain":0.0,"event_name":"Addict","player_choice":"Obtained Relic","floor":21.0,"gold_loss":85.0,"damage_taken":0.0,"relics_obtained":["Meat on the Bone"]},{"damage_healed":0.0,"max_hp_gain":0.0,"max_hp_loss":0.0,"gold_gain":0.0,"event_name":"The Library","player_choice":"Read","floor":24.0,"gold_loss":0.0,"damage_taken":0.0,"cards_obtained":["Footwork"]}],"is_beta":true,"boss_relics":[{"not_picked":["Empty Cage","Tiny House"],"picked":"Cursed Key"},{"not_picked":["Pandora\u0027s Box","Orrery"],"picked":"WristBlade"}],"items_purged_floors":[14],"is_endless":false,"potions_floor_spawned":[5,7,11,22,28,30,31,37,38,45,46],"killed_by":"Awakened One","ascension_level":20}