{"gold_per_floor":[109,16,16,27,27,27,44,44,44,44,63,81,81,106,106,177,177,192,203,203,222,234,234,234,264,290,290,302,302,322,322,322,394,394,407,332,346,93,93,128,178,178,178,178,224,224,236,236],"floor_reached":48,"playtime":1752,"items_purged":[],"score":884,"play_id":"31ec7808-9780-41a5-b827-123a9700e4ad","local_time":"20190119004027","is_ascension_mode":true,"campfire_choices":[{"data":"True Grit","floor":6.0,"key":"SMITH"},{"data":"True Grit","floor":8.0,"key":"SMITH"},{"data":"Inflame","floor":10.0,"key":"SMITH"},{"floor":15.0,"key":"REST"},{"floor":23.0,"key":"REST"},{"data":"Barricade","floor":27.0,"key":"SMITH"},{"floor":29.0,"key":"REST"},{"floor":32.0,"key":"REST"},{"floor":44.0,"key":"RECALL"}],"neow_cost":"NONE","seed_source_timestamp":0,"circlet_count":0,"master_deck":["AscendersBane","Strike_R","Defend_R","Defend_R","Defend_R","Defend_R+1","Bash","Trip","Ghostly Armor","Inflame+1","True Grit+1","True Grit+1","Shrug It Off+1","Disarm","Sword Boomerang","Pummel+1","Battle Trance+1","Burning Pact+1","Inflame","Twin Strike","Barricade+1","True Grit","Inflame","Limit Break","Entrench","Shrug It Off","Feel No Pain","Clothesline"],"special_seed":0,"relics":["Burning Blood","Juzu Bracelet","Regal Pillow","Bird Faced Urn","Astrolabe","Dodecahedron","Centennial Puzzle","Incense Burner","Mark of Pain","War Paint","Lantern","Pen Nib"],"potions_floor_usage":[48],"damage_taken":[{"damage":1.0,"enemies":"Cultist","floor":1.0,"turns":3.0},{"damage":0.0,"enemies":"2 Louse","floor":4.0,"turns":3.0},{"damage":0.0,"enemies":"Jaw Worm","floor":7.0,"turns":6.0},{"damage":19.0,"enemies":"Exordium Thugs","floor":11.0,"turns":6.0},{"damage":38.0,"enemies":"Exordium Wildlife","floor":12.0,"turns":12.0},{"damage":15.0,"enemies":"Lagavulin","floor":14.0,"turns":9.0},{"damage":23.0,"enemies":"The Guardian","floor":16.0,"turns":17.0},{"damage":18.0,"enemies":"3 Byrds","floor":18.0,"turns":9.0},{"damage":6.0,"enemies":"2 Thieves","floor":19.0,"turns":5.0},{"damage":36.0,"enemies":"Snake Plant","floor":21.0,"turns":10.0},{"damage":13.0,"enemies":"Centurion and Healer","floor":22.0,"turns":7.0},{"damage":19.0,"enemies":"Book of Stabbing","floor":25.0,"turns":8.0},{"damage":52.0,"enemies":"Sentry and Sphere","floor":28.0,"turns":9.0},{"damage":30.0,"enemies":"3 Cultists","floor":30.0,"turns":5.0},{"damage":40.0,"enemies":"Automaton","floor":33.0,"turns":14.0},{"damage":6.0,"enemies":"3 Shapes","floor":35.0,"turns":9.0},{"damage":19.0,"enemies":"Orb Walker","floor":37.0,"turns":5.0},{"damage":10.0,"enemies":"Nemesis","floor":40.0,"turns":13.0},{"damage":30.0,"enemies":"Spire Growth","floor":47.0,"turns":7.0},{"damage":74,"enemies":"Reptomancer","floor":48,"turns":4}],"seed_played":"-1433732740698496270","potions_obtained":[{"floor":4.0,"key":"Block Potion"},{"floor":7.0,"key":"SpeedPotion"},{"floor":16.0,"key":"AttackPotion"},{"floor":21.0,"key":"SkillPotion"},{"floor":25.0,"key":"LiquidBronze"},{"floor":28.0,"key":"Poison Potion"},{"floor":35.0,"key":"BloodPotion"},{"floor":37.0,"key":"Dexterity Potion"},{"floor":47.0,"key":"Dexterity Potion"}],"is_trial":false,"path_per_floor":["M","$","?","M","?","R","M","R","T","R","M","M","?","E","R","B",null,"M","M","$","M","M","R","?","E","T","R","M","R","M","T","R","B",null,"M","$","M","$","?","E","?","?","T","R","T","$","M","E"],"character_chosen":"IRONCLAD","items_purchased":["Inflame","True Grit","Entrench","Feel No Pain","War Paint"],"campfire_rested":4,"item_purchase_floors":[2,2,36,38,38],"current_hp_per_floor":[73,73,73,75,75,75,75,75,75,75,62,30,30,21,58,43,67,57,61,61,35,34,71,71,62,62,62,22,59,41,41,75,43,67,75,75,64,64,64,70,70,70,70,70,70,70,53,0],"gold":236,"neow_bonus":"RANDOM_COLORLESS","is_prod":false,"is_daily":false,"chose_seed":false,"campfire_upgraded":4,"win_rate":0,"timestamp":1547883627,"path_taken":["M","$","?","M","?","R","?","R","T","R","M","M","?","E","R","BOSS","M","M","$","M","M","R","?","E","T","R","M","R","M","?","R","BOSS","M","$","M","$","?","E","?","?","T","R","?","$","M","E"],"build_version":"2019-01-17","purchased_purges":0,"victory":false,"max_hp_per_floor":[75,75,75,75,75,75,75,75,75,75,75,75,75,75,75,75,75,75,75,75,75,75,75,75,75,75,75,75,75,75,75,75,75,75,75,75,75,75,75,75,75,75,75,75,75,75,75,75],"card_choices":[{"not_picked":["Reckless Charge","Dual Wield"],"picked":"Ghostly Armor","floor":1.0},{"not_picked":["Wild Strike","Blood for Blood"],"picked":"True Grit","floor":4.0},{"not_picked":["Searing Blow","Seeing Red","Rampage"],"picked":"SKIP","floor":7.0},{"not_picked":["Havoc","Blood for Blood"],"picked":"Shrug It Off","floor":11.0},{"not_picked":["Warcry","Rupture"],"picked":"Disarm","floor":12.0},{"not_picked":["Berserk","Combust"],"picked":"Sword Boomerang","floor":14.0},{"not_picked":["Berserk","Bludgeon"],"picked":"Juggernaut","floor":16.0},{"not_picked":["Sentinel","Fire Breathing"],"picked":"Inflame","floor":18.0},{"not_picked":["Dual Wield","Armaments","Anger"],"picked":"SKIP","floor":19.0},{"not_picked":["Cleave","Headbutt"],"picked":"Twin Strike","floor":21.0},{"not_picked":["Thunderclap","Sword Boomerang","Sentinel"],"picked":"SKIP","floor":22.0},{"not_picked":["Reckless Charge","Clash"],"picked":"Barricade","floor":25.0},{"not_picked":["Anger","Seeing Red"],"picked":"True Grit","floor":28.0},{"not_picked":["Sword Boomerang","Flex"],"picked":"Inflame","floor":30.0},{"not_picked":["Immolate","Dark Embrace"],"picked":"Limit Break","floor":33.0},{"not_picked":["Clash","Perfected Strike","Wild Strike"],"picked":"SKIP","floor":35.0},{"not_picked":["Armaments","Perfected Strike"],"picked":"Shrug It Off","floor":37.0},{"not_picked":["Burning Pact+1","Twin Strike+1","Rampage"],"picked":"SKIP","floor":40.0},{"not_picked":["Evolve+1","Heavy Blade"],"picked":"Clothesline","floor":47.0}],"player_experience":1042290,"relics_obtained":[{"floor":9.0,"key":"Juzu Bracelet"},{"floor":14.0,"key":"Bird Faced Urn"},{"floor":25.0,"key":"Dodecahedron"},{"floor":26.0,"key":"Centennial Puzzle"},{"floor":31.0,"key":"Incense Burner"},{"floor":40.0,"key":"Lantern"},{"floor":45.0,"key":"Pen Nib"}],"event_choices":[{"damage_healed":0.0,"max_hp_gain":0.0,"max_hp_loss":0.0,"gold_gain":0.0,"event_name":"Liars Game","player_choice":"Ignored","floor":3.0,"gold_loss":0.0,"damage_taken":0.0},{"cards_removed":["Strike_R"],"damage_healed":0.0,"max_hp_gain":0.0,"max_hp_loss":0.0,"gold_gain":0.0,"event_name":"Purifier","player_choice":"Purged","floor":5.0,"gold_loss":0.0,"damage_taken":0.0},{"damage_healed":0.0,"max_hp_gain":0.0,"max_hp_loss":0.0,"gold_gain":0.0,"event_name":"WeMeetAgain","player_choice":"Gave Potion","floor":13.0,"gold_loss":0.0,"damage_taken":0.0,"relics_obtained":["Regal Pillow"]},{"damage_healed":0.0,"max_hp_gain":0.0,"max_hp_loss":0.0,"gold_gain":0.0,"event_name":"The Mausoleum","player_choice":"Ignored","floor":24.0,"gold_loss":0.0,"damage_taken":0.0},{"damage_healed":0.0,"max_hp_gain":0.0,"max_hp_loss":0.0,"gold_gain":0.0,"event_name":"Mysterious Sphere","player_choice":"Ignored","floor":39.0,"gold_loss":0.0,"damage_taken":0.0},{"damage_healed":0.0,"max_hp_gain":0.0,"max_hp_loss":0.0,"gold_gain":50.0,"event_name":"Golden Shrine","player_choice":"Pray","floor":41.0,"gold_loss":0.0,"damage_taken":0.0},{"cards_removed":["Juggernaut"],"damage_healed":0.0,"max_hp_gain":0.0,"max_hp_loss":0.0,"gold_gain":0.0,"event_name":"Falling","player_choice":"Removed Power","floor":42.0,"gold_loss":0.0,"damage_taken":0.0}],"is_beta":true,"boss_relics":[{"not_picked":["Snecko Eye","Orrery"],"picked":"Astrolabe"},{"not_picked":["Runic Dome","Sozu"],"picked":"Mark of Pain"}],"items_purged_floors":[],"is_endless":false,"potions_floor_spawned":[4,7,16,21,25,28,30,35,37,47],"killed_by":"Reptomancer","ascension_level":17}