{"gold_per_floor":[115,131,131,131,13,13,29,29,80,105,129,164,129,172,172,265,265,286,302,14,14,64,64,64],"floor_reached":24,"playtime":1232,"items_purged":["Injury"],"score":408,"play_id":"4fdd2626-eb8a-498a-814f-3aa9139235f2","local_time":"20190408235041","is_ascension_mode":true,"campfire_choices":[{"data":"Crippling Poison","floor":6,"key":"SMITH"},{"data":"Dagger Spray","floor":8,"key":"SMITH"},{"floor":15,"key":"REST"},{"data":"Noxious Fumes","floor":23,"key":"SMITH"}],"neow_cost":"NONE","seed_source_timestamp":653173620399718,"circlet_count":0,"master_deck":["AscendersBane","Defend_G","Defend_G","Defend_G","Defend_G+1","Defend_G","Strike_G","Strike_G","Strike_G","Strike_G+1","Strike_G","Survivor","Neutralize","Crippling Poison+1","Footwork","Infinite Blades","Dagger Spray+1","Escape Plan","Blur","Wraith Form v2","Wraith Form v2","Noxious Fumes+1"],"relics":["Ring of the Snake","Golden Idol","Pen Nib","Girya","Ninja Scroll","HoveringKite","Singing Bowl","MutagenicStrength"],"potions_floor_usage":[16,19],"damage_taken":[{"damage":8,"enemies":"2 Louse","floor":1,"turns":4},{"damage":3,"enemies":"Small Slimes","floor":2,"turns":6},{"damage":2,"enemies":"Jaw Worm","floor":7,"turns":5},{"damage":0,"enemies":"Exordium Wildlife","floor":10,"turns":2},{"damage":0,"enemies":"3 Louse","floor":11,"turns":1},{"damage":12,"enemies":"Lagavulin","floor":12,"turns":7},{"damage":29,"enemies":"Gremlin Nob","floor":14,"turns":5},{"damage":12,"enemies":"The Guardian","floor":16,"turns":14},{"damage":0,"enemies":"3 Byrds","floor":18,"turns":5},{"damage":16,"enemies":"Shell Parasite","floor":19,"turns":7},{"damage":44,"enemies":"Gremlin Leader","floor":24,"turns":4}],"seed_played":"-8686297810512304160","potions_obtained":[{"floor":7,"key":"Explosive Potion"},{"floor":10,"key":"LiquidBronze"},{"floor":14,"key":"GamblersBrew"},{"floor":18,"key":"SteroidPotion"}],"is_trial":false,"path_per_floor":["M","M","?","?","$","R","M","R","T","M","M","E","?","E","R","B",null,"M","M","$","?","?","R","E"],"character_chosen":"THE_SILENT","items_purchased":["Infinite Blades","Singing Bowl"],"campfire_rested":1,"item_purchase_floors":[5,20],"current_hp_per_floor":[57,54,32,32,32,32,30,30,30,30,30,18,36,7,28,16,58,58,42,42,42,42,42,0],"gold":64,"neow_bonus":"TEN_PERCENT_HP_BONUS","is_prod":false,"is_daily":false,"chose_seed":false,"campfire_upgraded":3,"win_rate":0,"timestamp":1554781841,"path_taken":["M","M","?","?","$","R","M","R","T","M","M","E","?","E","R","BOSS","M","M","$","?","?","R","E"],"build_version":"2019-01-23","purchased_purges":1,"victory":false,"max_hp_per_floor":[72,72,72,72,72,72,72,72,72,72,72,72,72,72,72,72,72,72,72,72,72,72,72,72],"card_choices":[{"not_picked":["Slice","Outmaneuver"],"picked":"Crippling Poison","floor":1},{"not_picked":["Deflect","Reflex"],"picked":"Footwork","floor":2},{"not_picked":["Bane","Slice"],"picked":"Dagger Spray","floor":7},{"not_picked":["Sucker Punch","Riddle With Holes","Quick Slash"],"picked":"SKIP","floor":10},{"not_picked":["Bane","Backflip"],"picked":"Escape Plan","floor":11},{"not_picked":["Sucker Punch","All Out Attack"],"picked":"Blur","floor":12},{"not_picked":["Dagger Spray","Bane"],"picked":"Wraith Form v2","floor":14},{"not_picked":["Bullet Time","Phantasmal Killer"],"picked":"Wraith Form v2","floor":16},{"not_picked":["Prepared","Dagger Throw","Choke"],"picked":"SKIP","floor":18},{"not_picked":["Underhanded Strike","Backflip"],"picked":"Noxious Fumes","floor":19}],"player_experience":1757977,"relics_obtained":[{"floor":9,"key":"Pen Nib"},{"floor":12,"key":"Girya"},{"floor":14,"key":"Ninja Scroll"}],"event_choices":[{"damage_healed":0,"gold_gain":0,"player_choice":"Entered Light","damage_taken":22,"max_hp_gain":0,"max_hp_loss":0,"event_name":"Shining Light","floor":3,"gold_loss":0,"cards_upgraded":["Strike_G","Defend_G"]},{"damage_healed":0,"gold_gain":0,"player_choice":"Take Wound","damage_taken":0,"relics_obtained":["Golden Idol"],"max_hp_gain":0,"max_hp_loss":0,"event_name":"Golden Idol","floor":4,"gold_loss":0,"cards_obtained":["Injury"]},{"damage_healed":18,"gold_gain":0,"player_choice":"Healed","damage_taken":0,"max_hp_gain":0,"max_hp_loss":0,"event_name":"The Cleric","floor":13,"gold_loss":35},{"damage_healed":0,"gold_gain":0,"player_choice":"Inject Mutagens","damage_taken":0,"relics_obtained":["MutagenicStrength"],"max_hp_gain":0,"max_hp_loss":0,"event_name":"Drug Dealer","floor":21,"gold_loss":0},{"damage_healed":0,"gold_gain":50,"player_choice":"Stole From Cult","damage_taken":0,"max_hp_gain":0,"max_hp_loss":0,"event_name":"Nest","floor":22,"gold_loss":0}],"is_beta":false,"boss_relics":[{"not_picked":["Lizard Tail","Eternal Feather"],"picked":"HoveringKite"}],"items_purged_floors":[5],"is_endless":false,"potions_floor_spawned":[7,10,12,14,18],"killed_by":"Gremlin Leader","ascension_level":20}