{"gold_per_floor":[111,11,28,55,65,94,94,121,121,121,121,151,151,168,168,243,243,261,261,261,97,97],"floor_reached":22,"playtime":1144,"items_purged":["Strike_B"],"score":400,"play_id":"5922ef08-3260-439f-a2e7-ff72ec9a3ec8","local_time":"20190410002802","is_ascension_mode":true,"campfire_choices":[{"data":"Doom and Gloom","floor":7,"key":"SMITH"},{"floor":10,"key":"REST"},{"data":"Defragment","floor":13,"key":"SMITH"},{"floor":15,"key":"REST"}],"neow_cost":"NONE","seed_source_timestamp":13307411044002,"circlet_count":0,"master_deck":["AscendersBane","Strike_B+1","Strike_B+1","Defend_B+1","Defend_B+1","Defend_B+1","Defend_B+1","Zap","Dualcast","Doom and Gloom+1","Sweeping Beam","White Noise","Defragment","Leap","Defragment+1","Machine Learning","Rainbow","Hologram+1"],"relics":["Cracked Core","Oddly Smooth Stone","Orichalcum","Dodecahedron","Darkstone Periapt","Gremlin Horn","Empty Cage","Blood Vial"],"potions_floor_usage":[6,8,18,22],"damage_taken":[{"damage":1,"enemies":"Cultist","floor":1,"turns":3},{"damage":7,"enemies":"Jaw Worm","floor":3,"turns":3},{"damage":6,"enemies":"Small Slimes","floor":5,"turns":3},{"damage":22,"enemies":"3 Sentries","floor":6,"turns":5},{"damage":22,"enemies":"Lagavulin","floor":8,"turns":5},{"damage":32,"enemies":"3 Sentries","floor":12,"turns":6},{"damage":8,"enemies":"3 Louse","floor":14,"turns":4},{"damage":10,"enemies":"The Guardian","floor":16,"turns":7},{"damage":12,"enemies":"Shell Parasite","floor":18,"turns":6},{"damage":13,"enemies":"Colosseum Slavers","floor":22,"turns":3},{"damage":66,"enemies":"Colosseum Nobs","floor":22,"turns":4}],"seed_played":"-2405727420776678272","potions_obtained":[{"floor":1,"key":"AttackPotion"},{"floor":6,"key":"FocusPotion"},{"floor":12,"key":"Weak Potion"},{"floor":16,"key":"SteroidPotion"}],"is_trial":false,"path_per_floor":["M","$","M","T","M","E","R","E","T","R","?","E","R","M","R","B",null,"M","?","?","$","?"],"character_chosen":"DEFECT","items_purchased":["Sweeping Beam","Blood Vial"],"campfire_rested":2,"item_purchase_floors":[2,21],"current_hp_per_floor":[70,70,63,63,57,35,35,13,13,36,61,29,29,21,46,36,70,58,58,58,58,0],"gold":97,"neow_bonus":"TEN_PERCENT_HP_BONUS","is_prod":false,"is_daily":false,"chose_seed":false,"campfire_upgraded":2,"win_rate":0,"timestamp":1554870482,"path_taken":["M","?","M","?","M","E","R","E","T","R","?","E","R","M","R","BOSS","M","?","?","$","?"],"build_version":"2019-01-23","purchased_purges":1,"victory":false,"max_hp_per_floor":[78,78,78,78,78,78,78,78,78,78,84,84,84,84,84,84,81,81,81,81,81,81],"card_choices":[{"not_picked":["Rip and Tear","Conserve Battery"],"picked":"Doom and Gloom","floor":1},{"not_picked":["Turbo","Steam"],"picked":"White Noise","floor":3},{"not_picked":["Gash","Turbo","Beam Cell"],"picked":"SKIP","floor":5},{"not_picked":["Rebound","Force Field"],"picked":"Defragment","floor":6},{"not_picked":["Compile Driver","Fusion"],"picked":"Leap","floor":8},{"not_picked":["Steam","Force Field"],"picked":"Defragment","floor":12},{"not_picked":["Sweeping Beam","Sunder"],"picked":"Machine Learning","floor":14},{"not_picked":["Reboot","Buffer"],"picked":"Rainbow","floor":16},{"not_picked":["Beam Cell","Redo"],"picked":"Hologram+1","floor":18}],"player_experience":1769694,"relics_obtained":[{"floor":4,"key":"Oddly Smooth Stone"},{"floor":6,"key":"Orichalcum"},{"floor":8,"key":"Dodecahedron"},{"floor":9,"key":"Darkstone Periapt"},{"floor":12,"key":"Gremlin Horn"}],"event_choices":[{"damage_healed":19,"gold_gain":0,"player_choice":"Healed and dodged fight","damage_taken":0,"max_hp_gain":0,"max_hp_loss":0,"event_name":"Mushrooms","floor":11,"gold_loss":0,"cards_obtained":["Parasite"]},{"damage_healed":0,"gold_gain":0,"player_choice":"Ignored","damage_taken":0,"max_hp_gain":0,"max_hp_loss":0,"event_name":"Vampires","floor":19,"gold_loss":0},{"damage_healed":0,"gold_gain":0,"player_choice":"Simplicity","damage_taken":0,"max_hp_gain":0,"max_hp_loss":0,"event_name":"Back to Basics","floor":20,"gold_loss":0,"cards_upgraded":["Strike_B","Strike_B","Defend_B","Defend_B","Defend_B","Defend_B"]},{"damage_healed":0,"gold_gain":0,"player_choice":"Fight","damage_taken":0,"max_hp_gain":0,"max_hp_loss":0,"event_name":"Colosseum","floor":22,"gold_loss":0},{"damage_healed":0,"gold_gain":0,"player_choice":"Fought Nobs","damage_taken":0,"max_hp_gain":0,"max_hp_loss":0,"event_name":"Colosseum","floor":22,"gold_loss":0}],"is_beta":false,"boss_relics":[{"not_picked":["White Beast Statue","Lizard Tail"],"picked":"Empty Cage"}],"items_purged_floors":[2],"is_endless":false,"potions_floor_spawned":[1,6,12,16],"killed_by":"Colosseum Nobs","ascension_level":20}