{"gold_per_floor":[119,134,134,134,134,134,158,197,222,222,246,246,246,282,282,403,403,422,441,465,465,480,480,493,526,526,561,580,580,600,20,20,20],"floor_reached":33,"playtime":1350,"items_purged":[],"score":426,"play_id":"64f9a012-55c9-4147-a74f-b85555e05dea","local_time":"20190318001515","is_ascension_mode":true,"campfire_choices":[{"data":"Zap","floor":6,"key":"SMITH"},{"data":"Defragment","floor":10,"key":"SMITH"},{"data":"Streamline","floor":12,"key":"SMITH"},{"data":"Rainbow","floor":15,"key":"SMITH"},{"data":"Storm","floor":23,"key":"SMITH"},{"floor":29,"key":"REST"},{"data":"Consume","floor":32,"key":"SMITH"}],"neow_cost":"NONE","seed_source_timestamp":80829807207155,"circlet_count":0,"master_deck":["AscendersBane","Strike_B","Strike_B+1","Strike_B","Strike_B","Defend_B","Defend_B","Defend_B","Defend_B","Zap+1","Dualcast","Conserve Battery","Compile Driver+1","Injury","Streamline+1","Defragment+1","Go for the Eyes","Rainbow+1","Electrodynamics","Darkness","Stack+1","Storm+1","Heatsinks","Aggregate+1","Capacitor","Consume+1","Self Repair+1","Mayhem+1"],"relics":["Cracked Core","Golden Idol","Bronze Scales","Omamori","Art of War","Orichalcum","Bag of Preparation","Sozu","Juzu Bracelet","Whetstone","Bottled Flame","Red Mask","Membership Card","Frozen Egg 2","Cables"],"potions_floor_usage":[16,16,24],"damage_taken":[{"damage":0,"enemies":"2 Louse","floor":1,"turns":2},{"damage":0,"enemies":"Small Slimes","floor":2,"turns":3},{"damage":0,"enemies":"Cultist","floor":7,"turns":2},{"damage":21,"enemies":"3 Sentries","floor":8,"turns":7},{"damage":3,"enemies":"Blue Slaver","floor":11,"turns":2},{"damage":19,"enemies":"Lagavulin","floor":14,"turns":5},{"damage":1,"enemies":"The Guardian","floor":16,"turns":8},{"damage":0,"enemies":"3 Byrds","floor":18,"turns":2},{"damage":8,"enemies":"Shell Parasite","floor":19,"turns":4},{"damage":0,"enemies":"Centurion and Healer","floor":22,"turns":5},{"damage":20,"enemies":"Sentry and Sphere","floor":24,"turns":4},{"damage":32,"enemies":"Gremlin Leader","floor":25,"turns":6},{"damage":5,"enemies":"Masked Bandits","floor":27,"turns":2},{"damage":7,"enemies":"Snake Plant","floor":28,"turns":4},{"damage":18,"enemies":"Shelled Parasite and Fungi","floor":30,"turns":4},{"damage":11,"enemies":"Automaton","floor":33,"turns":3}],"seed_played":"524317224439326218","potions_obtained":[{"floor":11,"key":"SteroidPotion"},{"floor":14,"key":"SteroidPotion"},{"floor":16,"key":"Fire Potion"}],"is_trial":false,"path_per_floor":["M","M","?","?","?","R","M","E","T","R","M","R","T","E","R","B",null,"M","M","T","?","M","R","M","E","T","?","M","R","M","$","R","B"],"character_chosen":"DEFECT","items_purchased":["Membership Card","Frozen Egg 2","Cables","Self Repair+1","Mayhem+1"],"campfire_rested":1,"item_purchase_floors":[31,31,31,31,31],"current_hp_per_floor":[75,75,75,80,73,73,73,52,52,52,49,49,49,30,30,29,73,73,65,65,65,65,65,45,13,13,8,1,27,9,9,9,0],"gold":20,"neow_bonus":"TEN_PERCENT_HP_BONUS","is_prod":false,"is_daily":false,"chose_seed":false,"campfire_upgraded":6,"win_rate":0,"timestamp":1552882515,"path_taken":["M","M","?","?","?","R","M","E","T","R","M","R","?","E","R","BOSS","M","M","?","?","M","R","M","E","T","?","M","R","M","$","R","BOSS"],"build_version":"2019-01-23","purchased_purges":0,"victory":false,"max_hp_per_floor":[82,82,82,87,87,87,87,87,87,87,87,87,87,87,87,87,87,87,87,87,87,87,87,87,87,87,87,87,87,87,87,87,87],"card_choices":[{"not_picked":["Gash","Heatsinks"],"picked":"Conserve Battery","floor":1},{"not_picked":["Amplify","Scrape"],"picked":"Compile Driver","floor":2},{"not_picked":["Conserve Battery","Recycle"],"picked":"Streamline","floor":7},{"not_picked":["Scrape","Aggregate"],"picked":"Defragment","floor":8},{"not_picked":["Redo","Barrage"],"picked":"Go for the Eyes","floor":11},{"not_picked":["Gash","Rip and Tear"],"picked":"Rainbow","floor":14},{"not_picked":["Seek","Reboot"],"picked":"Electrodynamics","floor":16},{"not_picked":["Compile Driver","Double Energy"],"picked":"Darkness","floor":18},{"not_picked":["Compile Driver","Turbo"],"picked":"Stack+1","floor":19},{"not_picked":["Barrage","Genetic Algorithm+1"],"picked":"Storm","floor":22},{"not_picked":["Streamline","Barrage"],"picked":"Heatsinks","floor":24},{"not_picked":["Gash","Rainbow"],"picked":"Aggregate+1","floor":25},{"not_picked":["BootSequence","Streamline"],"picked":"Capacitor","floor":27},{"not_picked":["Conserve Battery+1","Doom and Gloom"],"picked":"Consume","floor":28},{"not_picked":["Barrage","Double Energy","Steam"],"picked":"SKIP","floor":30}],"player_experience":1195363,"relics_obtained":[{"floor":8,"key":"Omamori"},{"floor":9,"key":"Art of War"},{"floor":13,"key":"Orichalcum"},{"floor":14,"key":"Bag of Preparation"},{"floor":20,"key":"Juzu Bracelet"},{"floor":25,"key":"Whetstone"},{"floor":26,"key":"Bottled Flame"},{"floor":27,"key":"Red Mask"}],"event_choices":[{"damage_healed":0,"gold_gain":0,"player_choice":"Take Wound","damage_taken":0,"relics_obtained":["Golden Idol"],"max_hp_gain":0,"max_hp_loss":0,"event_name":"Golden Idol","floor":3,"gold_loss":0,"cards_obtained":["Injury"]},{"damage_healed":0,"gold_gain":0,"player_choice":"Donut","damage_taken":0,"max_hp_gain":5,"max_hp_loss":0,"event_name":"Big Fish","floor":4,"gold_loss":0},{"damage_healed":0,"gold_gain":0,"player_choice":"Success","damage_taken":7,"relics_obtained":["Bronze Scales"],"max_hp_gain":0,"max_hp_loss":0,"event_name":"Scrap Ooze","floor":5,"gold_loss":0},{"damage_healed":0,"gold_gain":0,"player_choice":"Ignored","damage_taken":0,"max_hp_gain":0,"max_hp_loss":0,"event_name":"Ghosts","floor":21,"gold_loss":0},{"damage_healed":0,"gold_gain":0,"player_choice":"Fought Bandits","damage_taken":0,"max_hp_gain":0,"max_hp_loss":0,"event_name":"Masked Bandits","floor":27,"gold_loss":0}],"is_beta":false,"boss_relics":[{"not_picked":["Calling Bell","Lizard Tail"],"picked":"Sozu"}],"items_purged_floors":[],"is_endless":false,"potions_floor_spawned":[11,14,16,18,27,28,30],"killed_by":"Automaton","ascension_level":11}