{"gold_per_floor":[114,114,2,12,62,62,82,93,116,133,133,151,181,206,206,280,280,294,294,219,234,250,250,250,270,343,370,370,380,380,77,77,155,155,174,187,38,86,86,120,130,163,163,179,179,194,194,94,94,94,94],"floor_reached":52,"playtime":2102,"items_purged":["Normality","Doubt"],"score":1914,"play_id":"c3637e11-0f12-42e7-8ca4-c3628a4edcaa","local_time":"20190217200754","is_ascension_mode":true,"campfire_choices":[{"data":"Defragment","floor":6,"key":"SMITH"},{"data":"Defragment","floor":11,"key":"SMITH"},{"floor":13,"key":"DIG"},{"floor":15,"key":"REST"},{"floor":23,"key":"DIG"},{"floor":30,"key":"REST"},{"floor":32,"key":"DIG"},{"floor":45,"key":"REST"},{"data":"Defragment","floor":47,"key":"SMITH"},{"floor":49,"key":"REST"}],"neow_cost":"CURSE","seed_source_timestamp":205530442585724,"circlet_count":0,"master_deck":["AscendersBane","Strike_B","Strike_B","Strike_B","Strike_B","Defend_B","Defend_B","Defend_B","Defend_B","Zap+1","Dualcast","Genetic Algorithm","Defragment+1","Leap","Sweeping Beam","Defragment+1","Glacier","Hologram","Leap","Electrodynamics","Fusion+1","Ball Lightning","Ball Lightning","Fission+1","Hologram+1","Finesse","Echo Form","Coolheaded","Buffer+1","Hologram+1","Defragment+1","Loop+1","Undo"],"relics":["Cracked Core","Shovel","Omamori","Tiny Chest","Centennial Puzzle","Snecko Eye","Turnip","Bronze Scales","Blood Vial","Symbiotic Virus","Ice Cream","OrangePellets","Art of War","Cursed Key","Regal Pillow","Gambling Chip","Girya"],"potions_floor_usage":[14,22,33,35,42],"damage_taken":[{"damage":4,"enemies":"2 Louse","floor":1,"turns":3},{"damage":0,"enemies":"Cultist","floor":4,"turns":4},{"damage":2,"enemies":"Jaw Worm","floor":7,"turns":4},{"damage":9,"enemies":"Red Slaver","floor":8,"turns":3},{"damage":12,"enemies":"3 Louse","floor":10,"turns":3},{"damage":7,"enemies":"Large Slime","floor":12,"turns":6},{"damage":12,"enemies":"3 Sentries","floor":14,"turns":5},{"damage":38,"enemies":"Slime Boss","floor":16,"turns":10},{"damage":12,"enemies":"Chosen","floor":18,"turns":7},{"damage":1,"enemies":"2 Thieves","floor":21,"turns":3},{"damage":0,"enemies":"3 Cultists","floor":22,"turns":2},{"damage":13,"enemies":"Centurion and Healer","floor":25,"turns":4},{"damage":14,"enemies":"Slavers","floor":27,"turns":4},{"damage":0,"enemies":"Snake Plant","floor":29,"turns":4},{"damage":5,"enemies":"Champ","floor":33,"turns":15},{"damage":0,"enemies":"3 Darklings","floor":35,"turns":3},{"damage":2,"enemies":"Orb Walker","floor":36,"turns":4},{"damage":40,"enemies":"Reptomancer","floor":40,"turns":6},{"damage":0,"enemies":"Sphere and 2 Shapes","floor":41,"turns":4},{"damage":0,"enemies":"Giant Head","floor":42,"turns":10},{"damage":0,"enemies":"Jaw Worm Horde","floor":44,"turns":3},{"damage":25,"enemies":"Spire Growth","floor":46,"turns":7},{"damage":22,"enemies":"Time Eater","floor":50,"turns":12},{"damage":11,"enemies":"Donu and Deca","floor":51,"turns":12}],"seed_played":"1552843109792243171","potions_obtained":[{"floor":1,"key":"Explosive Potion"},{"floor":4,"key":"LiquidBronze"},{"floor":14,"key":"Energy Potion"},{"floor":21,"key":"AttackPotion"},{"floor":22,"key":"Ancient Potion"},{"floor":27,"key":"PowerPotion"},{"floor":33,"key":"Energy Potion"},{"floor":35,"key":"Strength Potion"}],"is_trial":false,"path_per_floor":["M","?","$","M","?","R","M","M","T","M","R","M","R","E","R","B",null,"M","T","$","M","M","R","?","M","T","E","?","M","R","$","R","B",null,"M","M","$","T","?","E","M","E","T","M","R","M","R","$","R","B","B",null],"character_chosen":"DEFECT","items_purchased":["Defragment","Leap","OrangePellets","Finesse","Buffer"],"campfire_rested":4,"item_purchase_floors":[3,3,31,31,37],"current_hp_per_floor":[60,60,60,60,60,60,58,49,49,37,37,30,30,18,39,1,54,42,42,42,41,41,41,41,30,30,18,18,20,41,41,41,38,63,65,65,65,65,65,27,29,31,31,33,69,46,46,46,71,49,40],"gold":94,"neow_bonus":"ONE_RARE_RELIC","is_prod":false,"is_daily":false,"chose_seed":false,"campfire_upgraded":3,"win_rate":0,"timestamp":1550459274,"path_taken":["M","?","$","?","?","R","M","M","T","M","R","M","R","E","R","BOSS","M","?","$","M","M","R","?","M","T","E","?","M","R","$","R","BOSS","M","M","$","?","?","E","M","E","T","M","R","?","R","$","R","BOSS","BOSS"],"build_version":"2019-02-06","purchased_purges":2,"victory":true,"max_hp_per_floor":[71,71,71,71,71,71,71,71,71,71,71,71,71,71,71,71,71,71,71,71,71,71,71,71,71,71,71,71,71,71,71,71,71,71,71,71,71,71,71,71,71,71,71,71,71,71,71,71,71,71,71],"card_choices":[{"not_picked":["Turbo","Steam"],"picked":"Genetic Algorithm","floor":1},{"not_picked":["Turbo","Consume","Rebound"],"picked":"SKIP","floor":4},{"not_picked":["Redo","Steam"],"picked":"Sweeping Beam","floor":7},{"not_picked":["Beam Cell","Consume"],"picked":"Defragment","floor":8},{"not_picked":["All For One","Recycle"],"picked":"Glacier","floor":10},{"not_picked":["Gash","Go for the Eyes"],"picked":"Hologram","floor":12},{"not_picked":["Force Field","Barrage"],"picked":"Leap","floor":14},{"not_picked":["Biased Cognition","Multi-Cast"],"picked":"Electrodynamics","floor":16},{"not_picked":["Go for the Eyes","Beam Cell"],"picked":"Fusion+1","floor":18},{"not_picked":["White Noise","Stack"],"picked":"Ball Lightning","floor":21},{"not_picked":["Beam Cell+1","Cold Snap"],"picked":"Ball Lightning","floor":22},{"not_picked":["Beam Cell","Coolheaded"],"picked":"Fission","floor":25},{"not_picked":["Chill","Force Field"],"picked":"Hologram+1","floor":27},{"not_picked":["Rip and Tear","FTL","Reprogram"],"picked":"SKIP","floor":29},{"not_picked":["Creative AI","Seek"],"picked":"Echo Form","floor":33},{"not_picked":["Rebound","Steam+1","Leap+1"],"picked":"SKIP","floor":35},{"not_picked":["Double Energy","Beam Cell+1"],"picked":"Coolheaded","floor":36},{"not_picked":["Rebound","Barrage+1"],"picked":"Hologram+1","floor":40},{"not_picked":["Steam+1","Melter"],"picked":"Defragment","floor":41},{"not_picked":["Chill","Streamline"],"picked":"Loop+1","floor":42},{"not_picked":["Doom and Gloom","Beam Cell","Storm"],"picked":"SKIP","floor":44},{"not_picked":["Tempest","Beam Cell"],"picked":"Undo","floor":46}],"player_experience":1108548,"relics_obtained":[{"floor":9,"key":"Omamori"},{"floor":13,"key":"Tiny Chest"},{"floor":14,"key":"Centennial Puzzle"},{"floor":19,"key":"Turnip"},{"floor":23,"key":"Bronze Scales"},{"floor":26,"key":"Symbiotic Virus"},{"floor":27,"key":"Ice Cream"},{"floor":32,"key":"Art of War"},{"floor":38,"key":"Regal Pillow"},{"floor":40,"key":"Gambling Chip"},{"floor":42,"key":"Girya"}],"event_choices":[{"damage_healed":0,"gold_gain":0,"player_choice":"Upgraded","damage_taken":0,"max_hp_gain":0,"max_hp_loss":0,"event_name":"Upgrade Shrine","floor":2,"gold_loss":0,"cards_upgraded":["Zap"]},{"damage_healed":0,"gold_gain":50,"player_choice":"Pray","damage_taken":0,"max_hp_gain":0,"max_hp_loss":0,"event_name":"Golden Shrine","floor":5,"gold_loss":0},{"damage_healed":0,"gold_gain":0,"player_choice":"Opened","damage_taken":0,"relics_obtained":["Blood Vial"],"max_hp_gain":0,"max_hp_loss":0,"event_name":"The Mausoleum","floor":24,"gold_loss":0,"cards_obtained":["Writhe"]},{"damage_healed":0,"gold_gain":0,"player_choice":"Upgraded","damage_taken":0,"max_hp_gain":0,"max_hp_loss":0,"event_name":"Upgrade Shrine","floor":28,"gold_loss":0,"cards_upgraded":["Fission"]},{"damage_healed":0,"gold_gain":0,"player_choice":"Upgraded","damage_taken":0,"max_hp_gain":0,"max_hp_loss":0,"event_name":"Upgrade Shrine","floor":39,"gold_loss":0,"cards_upgraded":["Buffer"]}],"is_beta":true,"boss_relics":[{"not_picked":["Tiny House","Empty Cage"],"picked":"Snecko Eye"},{"not_picked":["Sozu","White Beast Statue"],"picked":"Cursed Key"}],"items_purged_floors":[20,48],"is_endless":false,"potions_floor_spawned":[1,4,14,21,22,27,33,35,41],"ascension_level":20}