{"gold_per_floor":[364,12,12,32,49,49,76,41,41,75,75,90,153,184,184,258,258,278,56,56,56,33,33,33,61,113,113,113,124,124,142,142,142],"floor_reached":33,"playtime":1268,"items_purged":["Normality"],"score":543,"play_id":"7e56df56-301d-43bf-aaed-7bcdd44226d0","local_time":"20190506125535","is_ascension_mode":true,"campfire_choices":[{"data":"Streamline","floor":6.0,"key":"SMITH"},{"data":"Sweeping Beam","floor":11.0,"key":"SMITH"},{"data":"Barrage","floor":15.0,"key":"SMITH"},{"data":"Self Repair","floor":23.0,"key":"SMITH"},{"data":"Chaos","floor":27.0,"key":"SMITH"},{"data":"Electrodynamics","floor":30.0,"key":"SMITH"},{"data":"Go for the Eyes","floor":32,"key":"SMITH"}],"neow_cost":"CURSE","seed_source_timestamp":1190696881213188,"circlet_count":0,"master_deck":["AscendersBane","Defend_B","Defend_B","Defend_B","Defend_B","Zap+1","Dualcast","Self Repair+1","Ball Lightning","Cold Snap","Streamline+1","Ball Lightning","Sweeping Beam+1","Barrage+1","Conserve Battery","Electrodynamics+1","Static Discharge+1","Conserve Battery","Chaos+1","Gash","Compile Driver","Bite","Bite","Bite","Bite","Bite","Go for the Eyes+1"],"special_seed":0,"relics":["Cracked Core","MealTicket","Emotion Chip","Letter Opener","Turnip","Juzu Bracelet","Coffee Dripper","Chemical X","The Courier","Red Mask","Art of War"],"potions_floor_usage":[],"damage_taken":[{"damage":2.0,"enemies":"2 Louse","floor":1.0,"turns":3.0},{"damage":2.0,"enemies":"Jaw Worm","floor":4.0,"turns":3.0},{"damage":14.0,"enemies":"Small Slimes","floor":5.0,"turns":4.0},{"damage":25.0,"enemies":"Lagavulin","floor":7.0,"turns":6.0},{"damage":11.0,"enemies":"3 Sentries","floor":10.0,"turns":6.0},{"damage":9.0,"enemies":"Exordium Thugs","floor":12.0,"turns":4.0},{"damage":24.0,"enemies":"Lagavulin","floor":14.0,"turns":7.0},{"damage":33.0,"enemies":"The Guardian","floor":16.0,"turns":10.0},{"damage":18.0,"enemies":"Shell Parasite","floor":18.0,"turns":3.0},{"damage":27.0,"enemies":"Masked Bandits","floor":25.0,"turns":4.0},{"damage":24.0,"enemies":"3 Byrds","floor":29.0,"turns":4.0},{"damage":1.0,"enemies":"Centurion and Healer","floor":31.0,"turns":4.0},{"damage":56,"enemies":"Champ","floor":33,"turns":7}],"seed_played":"3661110561247861773","potions_obtained":[{"floor":1.0,"key":"Strength Potion"},{"floor":10.0,"key":"Explosive Potion"},{"floor":14.0,"key":"Regen Potion"},{"floor":16.0,"key":"Ancient Potion"},{"floor":18.0,"key":"Fire Potion"},{"floor":29.0,"key":"PowerPotion"}],"is_trial":false,"path_per_floor":["M","$","?","M","M","R","E","?","T","E","R","M","?","E","R","B",null,"M","$","?","T","$","R","?","?","T","R","?","M","R","M","R","B"],"character_chosen":"DEFECT","items_purchased":["MealTicket","Ball Lightning","Chemical X","Conserve Battery"],"campfire_rested":0,"item_purchase_floors":[2,2,19,22],"current_hp_per_floor":[62,62,62,67,53,53,35,52,52,48,48,46,46,22,22,11,56,38,53,33,33,48,48,48,31,31,31,31,23,23,42,42,0],"gold":142,"neow_bonus":"TWO_FIFTY_GOLD","is_prod":false,"is_daily":false,"chose_seed":false,"campfire_upgraded":7,"win_rate":0,"timestamp":1557161735,"path_taken":["M","$","?","M","M","R","E","?","T","E","R","M","?","E","R","BOSS","M","$","?","?","$","R","?","?","T","R","?","M","R","M","R","BOSS"],"build_version":"2019-01-23","purchased_purges":1,"victory":false,"max_hp_per_floor":[71,71,71,71,71,71,71,71,71,71,71,71,71,71,71,71,71,71,71,76,76,76,76,76,76,76,76,53,53,53,53,53,53],"card_choices":[{"not_picked":["Stack","Steam"],"picked":"Self Repair","floor":1.0},{"not_picked":["Turbo","Thunder Strike"],"picked":"Cold Snap","floor":4.0},{"not_picked":["Blizzard","Steam Power"],"picked":"Streamline","floor":5.0},{"not_picked":["Rebound","Redo"],"picked":"Ball Lightning","floor":7.0},{"not_picked":["Chill","Redo"],"picked":"Sweeping Beam","floor":10.0},{"not_picked":["Ball Lightning","Darkness"],"picked":"Barrage","floor":12.0},{"not_picked":["Melter","Go for the Eyes"],"picked":"Conserve Battery","floor":14.0},{"not_picked":["Buffer","Creative AI"],"picked":"Electrodynamics","floor":16.0},{"not_picked":["Coolheaded","Reinforced Body+1"],"picked":"Static Discharge+1","floor":18.0},{"not_picked":["Blizzard","Steam"],"picked":"Compile Driver","floor":25.0},{"not_picked":["Melter","Turbo","Steam"],"picked":"SKIP","floor":29.0},{"not_picked":["Stack","Conserve Battery"],"picked":"Go for the Eyes","floor":31}],"player_experience":2405381,"relics_obtained":[{"floor":7.0,"key":"Emotion Chip"},{"floor":9.0,"key":"Letter Opener"},{"floor":10.0,"key":"Turnip"},{"floor":14.0,"key":"Juzu Bracelet"},{"floor":21.0,"key":"The Courier"},{"floor":25.0,"key":"Red Mask"},{"floor":26.0,"key":"Art of War"}],"event_choices":[{"damage_healed":0.0,"max_hp_gain":0.0,"max_hp_loss":0.0,"gold_gain":0.0,"event_name":"Living Wall","player_choice":"Grow","floor":3.0,"gold_loss":0.0,"damage_taken":0.0,"cards_upgraded":["Zap"]},{"damage_healed":17.0,"max_hp_gain":0.0,"max_hp_loss":0.0,"gold_gain":0.0,"event_name":"The Cleric","player_choice":"Healed","floor":8.0,"gold_loss":35.0,"damage_taken":0.0},{"damage_healed":0.0,"max_hp_gain":0.0,"max_hp_loss":0.0,"gold_gain":63.0,"event_name":"Golden Wing","player_choice":"Gained Gold","floor":13.0,"gold_loss":0.0,"damage_taken":0.0},{"damage_healed":0.0,"max_hp_gain":5.0,"max_hp_loss":0.0,"gold_gain":0.0,"event_name":"Forgotten Altar","player_choice":"Shed Blood","floor":20.0,"gold_loss":0.0,"damage_taken":25.0},{"damage_healed":0.0,"max_hp_gain":0.0,"max_hp_loss":0.0,"gold_gain":0.0,"cards_transformed":["Strike_B","Strike_B"],"event_name":"Drug Dealer","player_choice":"Became Test Subject","floor":24.0,"gold_loss":0.0,"damage_taken":0.0,"cards_obtained":["Chaos","Gash"]},{"damage_healed":0.0,"max_hp_gain":0.0,"max_hp_loss":0.0,"gold_gain":0.0,"event_name":"Masked Bandits","player_choice":"Fought Bandits","floor":25.0,"gold_loss":0.0,"damage_taken":0.0},{"damage_healed":0.0,"max_hp_gain":0.0,"max_hp_loss":23.0,"gold_gain":0.0,"event_name":"Vampires","player_choice":"Became a vampire","floor":28.0,"gold_loss":0.0,"damage_taken":0.0,"cards_obtained":["Bite","Bite","Bite","Bite","Bite"]}],"is_beta":false,"boss_relics":[{"not_picked":["Lizard Tail","Empty Cage"],"picked":"Coffee Dripper"}],"items_purged_floors":[2],"is_endless":false,"potions_floor_spawned":[1,10,14,16,18,29],"killed_by":"Champ","ascension_level":20}