{"path_per_floor":["M","?","M","M","M","E","M","R","T","E","M","R","E","M","R"],"character_chosen":"THE_SILENT","items_purchased":[],"gold_per_floor":[117,117,133,147,162,200,225,225,301,332,348,348,389,413,413],"floor_reached":16,"campfire_rested":2,"playtime":1156,"current_hp_per_floor":[70,53,53,53,53,21,19,40,40,8,8,8,3,3,24],"items_purged":[],"gold":413,"score":124,"play_id":"dfdcf0d5-c49d-4ed7-9d13-01a62a54b30c","is_prod":false,"is_daily":false,"is_ascension_mode":false,"campfire_upgraded":1,"path_taken":["M","?","M","M","M","E","M","R","T","E","M","R","E","M","R","BOSS"],"build_version":"2018-02-12-PROD1","purchased_purges":0,"victory":false,"master_deck":["Defend_G","Defend_G","Defend_G","Defend_G","Defend_G","Strike_G","Strike_G","Strike_G","Strike_G","Strike_G","Survivor","Neutralize+1","Outmaneuver","Crippling Poison+1","Flechettes","Cloak And Dagger","Bane","Acrobatics","Blur","Sucker Punch+1","Backstab+1"],"max_hp_per_floor":[70,70,70,70,70,70,70,70,70,70,70,70,70,70,70],"relics":["Ring of the Snake","Golden Idol","Smiling Mask","Molten Egg 2","Mercury Hourglass","Bronze Scales"],"card_choices":[{"not_picked":["Underhanded Strike","Quick Slash"],"picked":"Outmaneuver"},{"not_picked":["Deadly Poison","Outmaneuver"],"picked":"Crippling Poison"},{"not_picked":["Grand Finale","Deflect"],"picked":"Flechettes"},{"not_picked":["Reflex","Slice"],"picked":"Cloak And Dagger"},{"not_picked":["Dagger Spray","Slice"],"picked":"Bane"},{"not_picked":["Dodge and Roll","Masterful Stab"],"picked":"Acrobatics"},{"not_picked":["Endless Agony","Concentrate"],"picked":"Blur"},{"not_picked":["Slice","Bane"],"picked":"Sucker Punch"},{"not_picked":["Envenom","Dagger Throw"],"picked":"Backstab"}],"player_experience":255948,"potions_floor_usage":[10,11,13],"damage_taken":[{"damage":0,"enemies":"Jaw Worm","floor":1,"turns":3},{"damage":0,"enemies":"2 Louse","floor":3,"turns":3},{"damage":0,"enemies":"Small Slimes","floor":4,"turns":3},{"damage":0,"enemies":"2 Fungi Beasts","floor":5,"turns":4},{"damage":32,"enemies":"Gremlin Nob","floor":6,"turns":6},{"damage":2,"enemies":"Looter","floor":7,"turns":3},{"damage":32,"enemies":"Lagavulin","floor":10,"turns":10},{"damage":0,"enemies":"Large Slime","floor":11,"turns":3},{"damage":5,"enemies":"3 Sentries","floor":13,"turns":4},{"damage":0,"enemies":"2 Fungi Beasts","floor":14,"turns":2},{"damage":26,"enemies":"Slime Boss","floor":16,"turns":6}],"event_choices":[{"event_name":"Golden Idol","player_choice":"Take Damage","floor":2,"damage_taken":0}],"boss_relics":[],"potions_floor_spawned":[3,4,7,10,13,14],"seed_played":"-8736393385961915424","killed_by":"Slime Boss","ascension_level":0,"is_trial":false}