{"gold_per_floor":[115,265,190,59,39,65,65,100,100,120,120,145,161,177,177,252,302,322,247,247,247,265,296,296,38,83,83,101,101,130,149,149,149],"floor_reached":33,"playtime":1757,"items_purged":["Strike_G"],"score":702,"play_id":"d88ed38f-5630-4c38-8b0d-5f4e76759856","local_time":"20190428000215","is_ascension_mode":true,"campfire_choices":[{"data":"Backstab","floor":7,"key":"SMITH"},{"data":"Neutralize","floor":11,"key":"SMITH"},{"data":"Poisoned Stab","floor":15,"key":"SMITH"},{"data":"Finisher","floor":24,"key":"SMITH"},{"floor":27,"key":"REST"},{"floor":29,"key":"REST"},{"data":"A Thousand Cuts","floor":32,"key":"SMITH"}],"neow_cost":"NONE","seed_source_timestamp":452553116476528,"circlet_count":0,"master_deck":["AscendersBane","Defend_G","Defend_G","Defend_G","Defend_G","Defend_G","Strike_G","Strike_G","Survivor","Neutralize+1","Poisoned Stab+1","Caltrops","Backstab+1","Acrobatics","Dodge and Roll+1","Dodge and Roll","Backflip","Malaise","Finisher+1","Backflip","Footwork","Corpse Explosion","Dodge and Roll+1","Backflip","A Thousand Cuts+1"],"relics":["Ring of the Snake","NeowsBlessing","Lantern","Matryoshka","Bag of Preparation","Mercury Hourglass","Pen Nib","Tiny House","Meat on the Bone","Tiny Chest","Boot","Potion Belt","Anchor"],"potions_floor_usage":[10,12,16,22,23,23,28,28],"damage_taken":[{"damage":0,"enemies":"2 Louse","floor":1,"turns":1},{"damage":0,"enemies":"Gremlin Nob","floor":6,"turns":1},{"damage":0,"enemies":"Lagavulin","floor":8,"turns":1},{"damage":0,"enemies":"Small Slimes","floor":10,"turns":1},{"damage":18,"enemies":"3 Sentries","floor":12,"turns":9},{"damage":0,"enemies":"Cultist","floor":13,"turns":2},{"damage":2,"enemies":"Large Slime","floor":14,"turns":5},{"damage":34,"enemies":"The Guardian","floor":16,"turns":15},{"damage":0,"enemies":"Chosen","floor":18,"turns":6},{"damage":2,"enemies":"Spheric Guardian","floor":22,"turns":10},{"damage":44,"enemies":"Gremlin Leader","floor":23,"turns":8},{"damage":17,"enemies":"Shelled Parasite and Fungi","floor":28,"turns":5},{"damage":3,"enemies":"Book of Stabbing","floor":30,"turns":6},{"damage":0,"enemies":"Snake Plant","floor":31,"turns":6},{"damage":56,"enemies":"Champ","floor":33,"turns":12}],"seed_played":"4957373568835302120","potions_obtained":[{"floor":1,"key":"Block Potion"},{"floor":5,"key":"Block Potion"},{"floor":6,"key":"FearPotion"},{"floor":12,"key":"Explosive Potion"},{"floor":16,"key":"PowerPotion"},{"floor":17,"key":"FearPotion"},{"floor":22,"key":"AttackPotion"},{"floor":23,"key":"SkillPotion"}],"is_trial":false,"path_per_floor":["M","?","?","$","?","E","R","E","T","M","R","E","M","M","R","B",null,"M","?","?","?","M","E","R","$","T","R","M","R","E","M","R","B"],"character_chosen":"THE_SILENT","items_purchased":["Caltrops","Backstab","Tiny Chest","Fire Potion"],"campfire_rested":2,"item_purchase_floors":[4,4,25,25],"current_hp_per_floor":[59,59,59,59,59,59,59,59,59,59,59,41,41,39,39,5,56,56,56,56,56,54,10,10,10,10,31,26,47,44,44,44,0],"gold":149,"neow_bonus":"THREE_ENEMY_KILL","is_prod":false,"is_daily":false,"chose_seed":false,"campfire_upgraded":5,"win_rate":0,"timestamp":1556424135,"path_taken":["M","?","?","$","?","E","R","E","T","M","R","E","M","?","R","BOSS","M","?","?","?","M","E","R","$","T","R","M","R","E","?","R","BOSS"],"build_version":"2019-01-23","purchased_purges":1,"victory":false,"max_hp_per_floor":[66,66,66,66,66,66,66,66,66,66,66,66,66,66,66,66,71,71,71,71,71,71,71,71,71,71,71,71,71,71,71,71,71],"card_choices":[{"not_picked":["Flying Knee","Calculated Gamble"],"picked":"Poisoned Stab","floor":1},{"not_picked":["Prepared","Expertise"],"picked":"Acrobatics","floor":6},{"not_picked":["Bane","Accuracy"],"picked":"Dodge and Roll","floor":8},{"not_picked":["Accuracy","Grand Finale"],"picked":"Dodge and Roll","floor":10},{"not_picked":["Quick Slash","Accuracy","Sucker Punch"],"picked":"SKIP","floor":12},{"not_picked":["Terror","Prepared"],"picked":"Backflip","floor":13},{"not_picked":["Bane","Sucker Punch","Acrobatics"],"picked":"SKIP","floor":14},{"not_picked":["Night Terror","Phantasmal Killer"],"picked":"Malaise","floor":16},{"not_picked":["Bane","Outmaneuver"],"picked":"Finisher","floor":17},{"not_picked":["Bouncing Flask","Choke"],"picked":"Backflip","floor":18},{"not_picked":["Dagger Spray","Flying Knee+1"],"picked":"Dodge and Roll+1","floor":22},{"not_picked":["Phantasmal Killer","Dagger Spray","Flying Knee"],"picked":"SKIP","floor":23},{"not_picked":["Quick Slash","Bane+1"],"picked":"Backflip","floor":28},{"not_picked":["Bouncing Flask","Backflip"],"picked":"A Thousand Cuts","floor":30},{"not_picked":["Slice","Dodge and Roll","Acrobatics"],"picked":"SKIP","floor":31}],"player_experience":2013280,"relics_obtained":[{"floor":6,"key":"Lantern"},{"floor":8,"key":"Matryoshka"},{"floor":9,"key":"Bag of Preparation"},{"floor":9,"key":"Mercury Hourglass"},{"floor":12,"key":"Pen Nib"},{"floor":23,"key":"Meat on the Bone"},{"floor":26,"key":"Boot"},{"floor":26,"key":"Potion Belt"},{"floor":30,"key":"Anchor"}],"event_choices":[{"damage_healed":0,"gold_gain":150,"player_choice":"AGREE","damage_taken":0,"max_hp_gain":0,"max_hp_loss":0,"event_name":"Liars Game","floor":2,"gold_loss":0,"cards_obtained":["Doubt"]},{"cards_removed":["Doubt"],"damage_healed":0,"gold_gain":0,"player_choice":"Card Removal","damage_taken":0,"max_hp_gain":0,"max_hp_loss":0,"event_name":"The Cleric","floor":3,"gold_loss":75},{"damage_healed":0,"gold_gain":0,"player_choice":"Bought 1 Potion","damage_taken":0,"max_hp_gain":0,"max_hp_loss":0,"event_name":"The Woman in Blue","floor":5,"gold_loss":0},{"cards_removed":["Strike_G"],"damage_healed":0,"gold_gain":0,"player_choice":"Gave Gold","damage_taken":0,"max_hp_gain":0,"max_hp_loss":0,"event_name":"Beggar","floor":19,"gold_loss":75},{"damage_healed":0,"gold_gain":0,"player_choice":"Read","damage_taken":0,"max_hp_gain":0,"max_hp_loss":0,"event_name":"The Library","floor":20,"gold_loss":0,"cards_obtained":["Footwork"]},{"damage_healed":0,"gold_gain":0,"cards_transformed":["Strike_G"],"player_choice":"Transformed","damage_taken":0,"max_hp_gain":0,"max_hp_loss":0,"event_name":"Transmorgrifier","floor":21,"gold_loss":0,"cards_obtained":["Corpse Explosion"]}],"is_beta":false,"boss_relics":[{"not_picked":["Velvet Choker","Ectoplasm"],"picked":"Tiny House"}],"items_purged_floors":[25],"is_endless":false,"potions_floor_spawned":[1,6,12,16,22,23],"killed_by":"Champ","ascension_level":20}