{"gold_per_floor":[111,125,125,125,13,45,45,70,93,93,93,93,108,173,173,246,246,226,226,242,14,14,14,47,47,47,47,60,86,86,115,115,190,190,209,209,226,246,246,279,279,291,291,291,308,308],"floor_reached":46,"playtime":2689,"items_purged":[],"score":1304,"play_id":"589c8be2-ab5d-4930-ac19-b185ce0e275d","local_time":"20190428032802","is_ascension_mode":true,"campfire_choices":[{"data":"Go for the Eyes","floor":7,"key":"SMITH"},{"floor":10,"key":"REST"},{"data":"Barrage","floor":12,"key":"SMITH"},{"data":"Zap","floor":15,"key":"SMITH"},{"data":"Biased Cognition","floor":23,"key":"SMITH"},{"data":"Capacitor","floor":27,"key":"SMITH"},{"data":"Undo","floor":30,"key":"SMITH"},{"floor":32,"key":"RECALL"},{"data":"Buffer","floor":41,"key":"SMITH"},{"data":"Dark Shackles","floor":44,"key":"SMITH"}],"neow_cost":"PERCENT_DAMAGE","seed_source_timestamp":463964914004150,"circlet_count":0,"master_deck":["AscendersBane","Strike_B","Strike_B","Strike_B","Defend_B","Defend_B","Defend_B","Defend_B","Zap+1","Dualcast","Doom and Gloom+1","Go for the Eyes+1","BootSequence","Barrage+1","Coolheaded","Reinforced Body","Biased Cognition+1","Coolheaded","Glacier","Compile Driver+1","Cold Snap+1","Capacitor+1","Undo+1","Compile Driver+1","Buffer+1","Force Field+1","Finesse","Dark Shackles+1","Secret Technique","Sweeping Beam+1","Writhe","Heatsinks","Doom and Gloom+1","Parasite"],"relics":["Cracked Core","Blood Vial","FossilizedHelix","Art of War","Orichalcum","Tiny Chest","Velvet Choker","Anchor","Oddly Smooth Stone","Pen Nib","Vajra","Whetstone","Sozu","Centennial Puzzle"],"potions_floor_usage":[6,8,16,18,24,28,31,33,33],"damage_taken":[{"damage":0,"enemies":"Cultist","floor":1,"turns":3},{"damage":7,"enemies":"2 Louse","floor":2,"turns":2},{"damage":17,"enemies":"3 Sentries","floor":6,"turns":6},{"damage":19,"enemies":"Gremlin Nob","floor":8,"turns":4},{"damage":0,"enemies":"Jaw Worm","floor":13,"turns":3},{"damage":0,"enemies":"Lagavulin","floor":14,"turns":8},{"damage":19,"enemies":"Slime Boss","floor":16,"turns":8},{"damage":8,"enemies":"2 Thieves","floor":18,"turns":4},{"damage":0,"enemies":"Chosen","floor":20,"turns":5},{"damage":0,"enemies":"Gremlin Leader","floor":24,"turns":6},{"damage":6,"enemies":"Snake Plant","floor":28,"turns":5},{"damage":0,"enemies":"Slavers","floor":31,"turns":5},{"damage":0,"enemies":"Automaton","floor":33,"turns":10},{"damage":11,"enemies":"3 Darklings","floor":35,"turns":4},{"damage":0,"enemies":"Orb Walker","floor":37,"turns":4},{"damage":11,"enemies":"3 Darklings","floor":38,"turns":6},{"damage":0,"enemies":"Nemesis","floor":40,"turns":7},{"damage":18,"enemies":"Jaw Worm Horde","floor":42,"turns":5},{"damage":0,"enemies":"Writhing Mass","floor":45,"turns":6},{"damage":65,"enemies":"Reptomancer","floor":46,"turns":10}],"seed_played":"9213079166820960542","potions_obtained":[{"floor":6,"key":"Poison Potion"},{"floor":13,"key":"Strength Potion"},{"floor":16,"key":"FocusPotion"},{"floor":20,"key":"FearPotion"},{"floor":24,"key":"Block Potion"},{"floor":28,"key":"FearPotion"},{"floor":31,"key":"Strength Potion"}],"is_trial":false,"path_per_floor":["M","M","?","?","$","E","R","E","T","R","?","R","M","E","R","B",null,"M","?","M","$","?","R","E","$","T","R","M","T","R","E","R","B",null,"M","?","M","M","?","E","R","M","T","R","M","E"],"character_chosen":"DEFECT","items_purchased":["Weak Potion","SkillPotion","Anchor","Cold Snap"],"campfire_rested":1,"item_purchase_floors":[5,5,21,21],"current_hp_per_floor":[60,53,35,35,35,20,20,3,3,28,28,28,30,32,32,15,68,62,62,64,64,64,64,66,66,66,66,62,62,62,64,64,66,80,71,61,63,54,71,73,73,57,57,57,59,0],"gold":308,"neow_bonus":"TWENTY_PERCENT_HP_BONUS","is_prod":false,"is_daily":false,"chose_seed":false,"campfire_upgraded":8,"win_rate":0,"timestamp":1556436482,"path_taken":["M","M","?","?","$","E","R","E","T","R","?","R","?","E","R","BOSS","M","?","M","$","?","R","E","$","T","R","?","?","R","E","R","BOSS","M","?","M","M","?","E","R","M","T","R","M","E"],"build_version":"2019-01-23","purchased_purges":0,"victory":false,"max_hp_per_floor":[85,85,85,85,85,85,85,85,85,85,85,85,85,85,85,85,85,85,85,85,85,85,85,85,85,85,85,85,85,85,85,85,85,85,85,85,85,85,85,85,85,85,85,85,85,85],"card_choices":[{"not_picked":["Stack","Steam Power"],"picked":"Doom and Gloom","floor":1},{"not_picked":["Redo","Double Energy"],"picked":"Go for the Eyes","floor":2},{"not_picked":["Go for the Eyes","Stack"],"picked":"BootSequence","floor":6},{"not_picked":["Go for the Eyes","Storm"],"picked":"Barrage","floor":8},{"not_picked":["Darkness","Beam Cell"],"picked":"Coolheaded","floor":13},{"not_picked":["Hologram","Fusion"],"picked":"Reinforced Body","floor":14},{"not_picked":["Hyperbeam","Seek"],"picked":"Biased Cognition","floor":16},{"not_picked":["Reprogram","Force Field"],"picked":"Coolheaded","floor":18},{"not_picked":["Leap","Melter"],"picked":"Compile Driver","floor":20},{"not_picked":["Compile Driver+1","Undo"],"picked":"Capacitor","floor":24},{"not_picked":["Stack","Blizzard"],"picked":"Undo","floor":28},{"not_picked":["Conserve Battery","Steam"],"picked":"Compile Driver+1","floor":31},{"not_picked":["Machine Learning","Meteor Strike"],"picked":"Buffer","floor":33},{"not_picked":["Sunder","Rebound"],"picked":"Force Field+1","floor":35},{"not_picked":["Impatience","Purity"],"picked":"Finesse","floor":36},{"not_picked":["The Bomb","Panache"],"picked":"Dark Shackles","floor":36},{"not_picked":["Discovery","PanicButton"],"picked":"Secret Technique","floor":36},{"not_picked":["Aggregate","Self Repair","Darkness"],"picked":"SKIP","floor":37},{"not_picked":["Auto Shields","Beam Cell"],"picked":"Sweeping Beam+1","floor":38},{"not_picked":["Barrage","Stack"],"picked":"Heatsinks","floor":40},{"not_picked":["Gash","Recycle+1"],"picked":"Doom and Gloom+1","floor":42},{"not_picked":["Auto Shields","Coolheaded","White Noise"],"picked":"SKIP","floor":45}],"player_experience":2024475,"relics_obtained":[{"floor":6,"key":"FossilizedHelix"},{"floor":8,"key":"Art of War"},{"floor":9,"key":"Orichalcum"},{"floor":14,"key":"Tiny Chest"},{"floor":24,"key":"Oddly Smooth Stone"},{"floor":26,"key":"Pen Nib"},{"floor":29,"key":"Vajra"},{"floor":31,"key":"Whetstone"},{"floor":40,"key":"Centennial Puzzle"}],"event_choices":[{"damage_healed":0,"gold_gain":0,"player_choice":"Success","damage_taken":18,"relics_obtained":["Blood Vial"],"max_hp_gain":0,"max_hp_loss":0,"event_name":"Scrap Ooze","floor":3,"gold_loss":0},{"damage_healed":0,"gold_gain":0,"player_choice":"Grow","damage_taken":0,"max_hp_gain":0,"max_hp_loss":0,"event_name":"Living Wall","floor":4,"gold_loss":0,"cards_upgraded":["Doom and Gloom"]},{"cards_removed":["Strike_B"],"damage_healed":0,"gold_gain":0,"player_choice":"Offered Basic","damage_taken":0,"max_hp_gain":0,"max_hp_loss":0,"event_name":"Bonfire Elementals","floor":11,"gold_loss":0},{"damage_healed":0,"gold_gain":0,"player_choice":"Read","damage_taken":0,"max_hp_gain":0,"max_hp_loss":0,"event_name":"The Library","floor":19,"gold_loss":0,"cards_obtained":["Glacier"]},{"damage_healed":0,"gold_gain":0,"player_choice":"Ignored","damage_taken":0,"max_hp_gain":0,"max_hp_loss":0,"event_name":"N\u0027loth","floor":22,"gold_loss":0},{"damage_healed":0,"gold_gain":0,"player_choice":"Memory 3","damage_taken":10,"max_hp_gain":0,"max_hp_loss":0,"event_name":"SensoryStone","floor":36,"gold_loss":0},{"damage_healed":17,"gold_gain":0,"player_choice":"Writhe","damage_taken":0,"max_hp_gain":0,"max_hp_loss":0,"event_name":"Winding Halls","floor":39,"gold_loss":0,"cards_obtained":["Writhe"]}],"is_beta":false,"boss_relics":[{"not_picked":["Astrolabe","Calling Bell"],"picked":"Velvet Choker"},{"not_picked":["Pandora\u0027s Box","Empty Cage"],"picked":"Sozu"}],"items_purged_floors":[],"is_endless":false,"potions_floor_spawned":[6,13,14,16,20,24,28,31,40,42],"killed_by":"Reptomancer","ascension_level":20}