{"gold_per_floor":[118,136,136,148,148,148,178,198,198,198,86,115,115,115,115,193,193,193,193,193,39,39,39,39,39,39,39,39,39,39,39,39,39,39,39,39,39,39,39,39,39,39,39,39,39,39,39,39,39,39],"floor_reached":50,"playtime":4458,"items_purged":["Strike_G","Strike_G"],"score":1346,"play_id":"a01519f7-5779-4f82-bb07-b8d5f5890a3e","local_time":"20190504201816","is_ascension_mode":true,"campfire_choices":[{"data":"Neutralize","floor":6,"key":"SMITH"},{"data":"Bouncing Flask","floor":10,"key":"SMITH"},{"data":"Flechettes","floor":13,"key":"SMITH"},{"data":"Caltrops","floor":15,"key":"SMITH"},{"floor":24,"key":"REST"},{"data":"Crippling Poison","floor":27,"key":"SMITH"},{"data":"Corpse Explosion","floor":29,"key":"SMITH"},{"floor":32,"key":"REST"},{"data":"Backflip","floor":41,"key":"SMITH"},{"data":"Backflip","floor":46,"key":"SMITH"},{"floor":49,"key":"RECALL"}],"neow_cost":"TEN_PERCENT_HP_LOSS","seed_source_timestamp":380725995665671,"circlet_count":0,"master_deck":["AscendersBane","Defend_G","Defend_G+1","Defend_G+1","Defend_G","Survivor","Neutralize+1","Infinite Blades","Quick Slash","Dagger Throw","Flechettes+1","Bouncing Flask+1","Caltrops+1","Backflip+1","Corpse Explosion+1","Crippling Poison+1","Cloak And Dagger+1","Backflip+1","Prepared+1","Escape Plan","Escape Plan+1","Adrenaline","PiercingWail","Blur","Calculated Gamble","Pain","Escape Plan","Calculated Gamble","Malaise"],"relics":["Ring of the Snake","Oddly Smooth Stone","War Paint","Sundial","Ectoplasm","Potion Belt","Bag of Preparation","Strawberry","Meat on the Bone","PreservedInsect","Cursed Key","Bottled Tornado","Mercury Hourglass","Vajra","Shuriken"],"potions_floor_usage":[7,19,23,25,33,42,44,50,50,50],"damage_taken":[{"damage":0,"enemies":"2 Louse","floor":1,"turns":3},{"damage":0,"enemies":"Cultist","floor":2,"turns":5},{"damage":0,"enemies":"Small Slimes","floor":4,"turns":4},{"damage":19,"enemies":"3 Sentries","floor":7,"turns":10},{"damage":0,"enemies":"Red Slaver","floor":8,"turns":5},{"damage":6,"enemies":"Lagavulin","floor":12,"turns":5},{"damage":8,"enemies":"Hexaghost","floor":16,"turns":8},{"damage":0,"enemies":"3 Byrds","floor":18,"turns":2},{"damage":18,"enemies":"Shell Parasite","floor":20,"turns":6},{"damage":14,"enemies":"Snake Plant","floor":22,"turns":4},{"damage":12,"enemies":"Gremlin Leader","floor":23,"turns":6},{"damage":7,"enemies":"Slavers","floor":25,"turns":4},{"damage":0,"enemies":"Gremlin Leader","floor":28,"turns":8},{"damage":17,"enemies":"Slavers","floor":30,"turns":3},{"damage":11,"enemies":"Sentry and Sphere","floor":31,"turns":5},{"damage":18,"enemies":"Automaton","floor":33,"turns":9},{"damage":0,"enemies":"Orb Walker","floor":35,"turns":3},{"damage":0,"enemies":"3 Darklings","floor":36,"turns":1},{"damage":0,"enemies":"Sphere and 2 Shapes","floor":37,"turns":4},{"damage":13,"enemies":"Spire Growth","floor":38,"turns":5},{"damage":18,"enemies":"Nemesis","floor":40,"turns":7},{"damage":28,"enemies":"Giant Head","floor":42,"turns":6},{"damage":16,"enemies":"Nemesis","floor":44,"turns":5},{"damage":1,"enemies":"4 Shapes","floor":45,"turns":4},{"damage":4,"enemies":"Maw","floor":47,"turns":6},{"damage":17,"enemies":"Reptomancer","floor":48,"turns":5},{"damage":47,"enemies":"Time Eater","floor":50,"turns":13}],"seed_played":"-9000736697147360858","potions_obtained":[{"floor":1,"key":"Strength Potion"},{"floor":2,"key":"Poison Potion"},{"floor":8,"key":"SkillPotion"},{"floor":18,"key":"SteroidPotion"},{"floor":19,"key":"Fruit Juice"},{"floor":19,"key":"SkillPotion"},{"floor":28,"key":"Weak Potion"},{"floor":30,"key":"Dexterity Potion"},{"floor":33,"key":"GhostInAJar"},{"floor":38,"key":"Poison Potion"},{"floor":40,"key":"AttackPotion"},{"floor":44,"key":"SpeedPotion"},{"floor":45,"key":"Block Potion"},{"floor":47,"key":"GhostInAJar"}],"is_trial":false,"path_per_floor":["M","M","?","M","?","R","E","M","T","R","$","E","R","?","R","B",null,"M","?","M","$","M","E","R","E","T","R","E","R","E","M","R","B",null,"M","M","M","M","?","E","R","E","T","E","M","R","M","E","R","B"],"character_chosen":"THE_SILENT","items_purchased":["Caltrops","Backflip"],"campfire_rested":2,"item_purchase_floors":[11,21],"current_hp_per_floor":[59,59,59,59,52,52,33,33,33,33,33,27,27,27,27,19,50,50,55,37,37,23,11,30,23,30,30,30,30,25,26,47,41,64,64,64,64,51,51,45,45,29,29,25,36,36,44,39,39,0],"gold":39,"neow_bonus":"REMOVE_TWO","is_prod":false,"is_daily":false,"chose_seed":false,"campfire_upgraded":8,"win_rate":0,"timestamp":1557026296,"path_taken":["M","M","?","M","?","R","E","M","T","R","$","E","R","?","R","BOSS","M","?","M","$","M","E","R","E","T","R","E","R","E","?","R","BOSS","M","M","M","M","?","E","R","E","T","E","M","R","M","E","R","BOSS"],"build_version":"2019-04-23","purchased_purges":2,"victory":false,"max_hp_per_floor":[60,60,60,60,60,60,60,60,60,60,60,60,60,60,60,60,60,60,65,65,65,65,65,65,65,72,72,72,72,72,72,72,72,72,72,72,72,72,72,72,72,72,72,72,72,72,72,72,72,72],"card_choices":[{"not_picked":["Masterful Stab","Acrobatics"],"picked":"Infinite Blades","floor":1},{"not_picked":["Dagger Spray","Cloak And Dagger"],"picked":"Quick Slash","floor":2},{"not_picked":["Eviscerate","Acrobatics"],"picked":"Dagger Throw","floor":4},{"not_picked":["Blur","Unload"],"picked":"Flechettes","floor":7},{"not_picked":["Dagger Spray","Backflip"],"picked":"Bouncing Flask","floor":8},{"not_picked":["Flying Knee","Dodge and Roll"],"picked":"Backflip","floor":12},{"not_picked":["Grand Finale","Storm of Steel"],"picked":"Corpse Explosion","floor":16},{"not_picked":["Leg Sweep","Poisoned Stab+1"],"picked":"Crippling Poison","floor":18},{"not_picked":["Noxious Fumes","Riddle With Holes"],"picked":"Cloak And Dagger+1","floor":20},{"not_picked":["Skewer+1","All Out Attack"],"picked":"Prepared+1","floor":22},{"not_picked":["Flying Knee","Accuracy","Prepared"],"picked":"SKIP","floor":23},{"not_picked":["Flechettes+1","Accuracy"],"picked":"Escape Plan","floor":25},{"not_picked":["Flying Knee","PiercingWail"],"picked":"Escape Plan+1","floor":28},{"not_picked":["Underhanded Strike","Blade Dance","Phantasmal Killer"],"picked":"SKIP","floor":30},{"not_picked":["Prepared","Riddle With Holes","Eviscerate"],"picked":"SKIP","floor":31},{"not_picked":["Venomology","Bullet Time"],"picked":"Adrenaline","floor":33},{"not_picked":["Deadly Poison","Blade Dance+1"],"picked":"PiercingWail","floor":35},{"not_picked":["Bouncing Flask","Underhanded Strike"],"picked":"Blur","floor":36},{"not_picked":["Concentrate","Deadly Poison"],"picked":"Calculated Gamble","floor":37},{"not_picked":["Blade Dance+1","Cloak And Dagger","Dagger Throw"],"picked":"SKIP","floor":38},{"not_picked":["Deflect","Choke","Infinite Blades"],"picked":"SKIP","floor":40},{"not_picked":["Dagger Spray","Cloak And Dagger","Prepared"],"picked":"SKIP","floor":42},{"not_picked":["Accuracy","Prepared"],"picked":"Escape Plan","floor":44},{"not_picked":["Dagger Throw","Terror+1"],"picked":"Calculated Gamble","floor":45},{"not_picked":["Terror","Tactician+1","Bane"],"picked":"SKIP","floor":47},{"not_picked":["Prepared","Sucker Punch+1"],"picked":"Malaise","floor":48}],"player_experience":6146196,"relics_obtained":[{"floor":7,"key":"Oddly Smooth Stone"},{"floor":9,"key":"War Paint"},{"floor":12,"key":"Sundial"},{"floor":23,"key":"Potion Belt"},{"floor":25,"key":"Bag of Preparation"},{"floor":26,"key":"Strawberry"},{"floor":28,"key":"Meat on the Bone"},{"floor":30,"key":"PreservedInsect"},{"floor":40,"key":"Bottled Tornado"},{"floor":42,"key":"Mercury Hourglass"},{"floor":44,"key":"Vajra"},{"floor":48,"key":"Shuriken"}],"event_choices":[{"damage_healed":0,"gold_gain":0,"player_choice":"Leave","damage_taken":0,"max_hp_gain":0,"max_hp_loss":0,"event_name":"The Cleric","floor":3,"gold_loss":0},{"cards_removed":["Strike_G"],"damage_healed":0,"gold_gain":0,"player_choice":"Card Removal","damage_taken":7,"max_hp_gain":0,"max_hp_loss":0,"event_name":"Golden Wing","floor":5,"gold_loss":0},{"damage_healed":0,"gold_gain":0,"player_choice":"Ignored","damage_taken":0,"max_hp_gain":0,"max_hp_loss":0,"event_name":"Liars Game","floor":14,"gold_loss":0},{"damage_healed":0,"gold_gain":0,"player_choice":"Got Potions","damage_taken":0,"max_hp_gain":0,"max_hp_loss":0,"event_name":"Lab","floor":19,"gold_loss":0},{"cards_removed":["Defend_G"],"damage_healed":0,"gold_gain":0,"player_choice":"Removed Skill","damage_taken":0,"max_hp_gain":0,"max_hp_loss":0,"event_name":"Falling","floor":39,"gold_loss":0}],"is_beta":true,"boss_relics":[{"not_picked":["Empty Cage","White Beast Statue"],"picked":"Ectoplasm"},{"not_picked":["Pandora\u0027s Box","Sozu"],"picked":"Cursed Key"}],"items_purged_floors":[11,21],"is_endless":false,"potions_floor_spawned":[1,2,8,12,18,28,30,33,38,40,44,45,47],"killed_by":"Time Eater","ascension_level":20}