{"gold_per_floor":[109,129,174,191,208,208,233,233,233,283,298,298,324,346,358,444,456,481,493],"floor_reached":19,"playtime":561,"items_purged":[],"score":349,"play_id":"4be29b2e-a3b4-4462-8bf0-d509941d78ec","local_time":"20181102111318","is_ascension_mode":true,"campfire_choices":[{"data":"Zap","floor":6,"key":"SMITH"},{"data":"Dualcast","floor":12,"key":"SMITH"},{"data":"Go for the Eyes","floor":15,"key":"SMITH"}],"neow_cost":"NONE","seed_source_timestamp":1076171244082037,"circlet_count":0,"master_deck":["AscendersBane","Strike_B","Strike_B","Strike_B","Strike_B","Defend_B","Defend_B","Defend_B","Defend_B","Zap+1","Dualcast+1","Hologram+1","Scrape","Gash","Go for the Eyes+1","BootSequence+1","Coolheaded","Ball Lightning","Leap","Echo Form","Defragment+1"],"relics":["Cracked Core","Bag of Marbles","Happy Flower","Matryoshka","War Paint","Pantograph","MawBank","Sozu"],"potions_floor_usage":[7,7,13],"damage_taken":[{"damage":0,"enemies":"Cultist","floor":1,"turns":3},{"damage":1,"enemies":"Small Slimes","floor":2,"turns":4},{"damage":0,"enemies":"2 Louse","floor":4,"turns":2},{"damage":5,"enemies":"Gremlin Gang","floor":5,"turns":5},{"damage":25,"enemies":"Lagavulin","floor":7,"turns":5},{"damage":0,"enemies":"Red Slaver","floor":11,"turns":2},{"damage":15,"enemies":"3 Sentries","floor":13,"turns":6},{"damage":2,"enemies":"Exordium Wildlife","floor":14,"turns":4},{"damage":31,"enemies":"The Guardian","floor":16,"turns":15},{"damage":29,"enemies":"Chosen","floor":18,"turns":5},{"damage":33,"enemies":"Spheric Guardian","floor":19,"turns":3}],"seed_played":"-1354373906180597192","potions_obtained":[{"floor":5,"key":"EntropicBrew"},{"floor":7,"key":"Dexterity Potion"},{"floor":13,"key":"FearPotion"},{"floor":14,"key":"LiquidBronze"}],"is_trial":false,"path_per_floor":["M","M","T","M","M","R","E","?","T","?","M","R","E","M","R","B",null,"M","M"],"character_chosen":"DEFECT","items_purchased":[],"campfire_rested":0,"item_purchase_floors":[],"current_hp_per_floor":[64,63,63,63,58,58,33,33,33,33,33,33,18,16,16,10,56,27,0],"gold":493,"neow_bonus":"RANDOM_COMMON_RELIC","is_prod":false,"is_daily":false,"chose_seed":false,"campfire_upgraded":3,"win_rate":0,"timestamp":1541182398,"path_taken":["M","?","?","M","M","R","E","?","T","?","M","R","E","M","R","BOSS","M","M"],"build_version":"2018-11-01v2","purchased_purges":0,"victory":false,"max_hp_per_floor":[71,71,71,71,71,71,71,71,71,71,71,71,71,71,71,71,71,71,71],"card_choices":[{"not_picked":["Turbo","Steam"],"picked":"Hologram","floor":1},{"not_picked":["Turbo","Melter"],"picked":"Scrape","floor":2},{"not_picked":["Steam","Compile Driver"],"picked":"Gash","floor":4},{"not_picked":["Static Discharge","Chaos"],"picked":"Go for the Eyes","floor":5},{"not_picked":["Rebound","Barrage"],"picked":"BootSequence","floor":7},{"not_picked":["Turbo","Buffer"],"picked":"Coolheaded","floor":11},{"not_picked":["Undo","Hello World"],"picked":"Ball Lightning","floor":13},{"not_picked":["Auto Shields","Lockon"],"picked":"Leap","floor":14},{"not_picked":["Machine Learning","Amplify"],"picked":"Echo Form","floor":16},{"not_picked":["Barrage","Ball Lightning"],"picked":"Defragment+1","floor":18}],"player_experience":952287,"relics_obtained":[{"floor":3,"key":"Happy Flower"},{"floor":7,"key":"Matryoshka"},{"floor":9,"key":"War Paint"},{"floor":9,"key":"Pantograph"},{"floor":13,"key":"MawBank"}],"event_choices":[{"damage_healed":0,"gold_gain":0,"player_choice":"Fled","damage_taken":0,"max_hp_gain":0,"max_hp_loss":0,"event_name":"Scrap Ooze","floor":8,"gold_loss":0},{"damage_healed":0,"gold_gain":50,"player_choice":"Pray","damage_taken":0,"max_hp_gain":0,"max_hp_loss":0,"event_name":"Golden Shrine","floor":10,"gold_loss":0}],"is_beta":true,"boss_relics":[{"not_picked":["Philosopher\u0027s Stone","White Beast Statue"],"picked":"Sozu"}],"items_purged_floors":[],"is_endless":false,"potions_floor_spawned":[5,7,13,14],"killed_by":"Spheric Guardian","ascension_level":19}