{"gold_per_floor":[118,118,135,135,161,173,210,250,262,274,298,310,341,16,16,94,94,114,127,52,62,62,62,62,87,110,145,145,162,173,188,188,267,267,284,184,198,198,1197,1197,1197,675,702,730,730,740,740,757,757,757,757,757,92,120,120],"floor_reached":56,"playtime":2336,"items_purged":["Strike_R","Strike_R","Normality","Normality"],"score":2038,"play_id":"18b6fc35-6637-4259-b76a-125f060670cb","local_time":"20190306175612","is_ascension_mode":true,"campfire_choices":[{"data":"Bash","floor":6.0,"key":"SMITH"},{"data":"Bludgeon","floor":12.0,"key":"SMITH"},{"data":"Apotheosis","floor":15.0,"key":"SMITH"},{"data":"Disarm","floor":23.0,"key":"SMITH"},{"data":"Offering","floor":32.0,"key":"SMITH"},{"data":"Disarm","floor":40,"key":"SMITH"},{"floor":45,"key":"RECALL"},{"data":"Demon Form","floor":47,"key":"SMITH"},{"data":"Flame Barrier","floor":49,"key":"SMITH"},{"floor":52,"key":"REST"}],"neow_cost":"NONE","seed_source_timestamp":1484842815699340,"circlet_count":0,"master_deck":["AscendersBane","Strike_R","Strike_R","Defend_R","Defend_R","Defend_R","Defend_R+1","Bash+1","Shrug It Off","Twin Strike","Headbutt","Battle Trance+1","Shrug It Off","Bludgeon+1","Disarm+1","Feed","Flame Barrier+1","Apotheosis+1","Demon Form+1","Havoc","Offering+1","Clothesline+1","Headbutt","Disarm+1","Reaper","PanicButton","Limit Break"],"special_seed":0,"relics":["Burning Blood","Strawberry","MawBank","WingedGreaves","War Paint","Velvet Choker","Anchor","Bronze Scales","Pear","Lizard Tail","Self Forming Clay","PreservedInsect","Dream Catcher","Bottled Tornado","Pantograph","Centennial Puzzle","Thread and Needle"],"potions_floor_usage":[44,50,55,55,55],"damage_taken":[{"damage":11.0,"enemies":"Jaw Worm","floor":1.0,"turns":4.0},{"damage":0.0,"enemies":"Small Slimes","floor":3.0,"turns":3.0},{"damage":0.0,"enemies":"Cultist","floor":5.0,"turns":4.0},{"damage":38.0,"enemies":"Lagavulin","floor":7.0,"turns":7.0},{"damage":26.0,"enemies":"3 Sentries","floor":8.0,"turns":10.0},{"damage":17.0,"enemies":"Lots of Slimes","floor":11.0,"turns":6.0},{"damage":0.0,"enemies":"2 Fungi Beasts","floor":13.0,"turns":4.0},{"damage":31.0,"enemies":"Hexaghost","floor":16.0,"turns":12.0},{"damage":2.0,"enemies":"Spheric Guardian","floor":18.0,"turns":6.0},{"damage":1.0,"enemies":"Chosen","floor":19.0,"turns":2.0},{"damage":6.0,"enemies":"Centurion and Healer","floor":21.0,"turns":3.0},{"damage":6.0,"enemies":"Gremlin Leader","floor":25.0,"turns":6.0},{"damage":19.0,"enemies":"Book of Stabbing","floor":27.0,"turns":5.0},{"damage":6.0,"enemies":"Snecko","floor":29.0,"turns":5.0},{"damage":9.0,"enemies":"Snake Plant","floor":30.0,"turns":5.0},{"damage":6.0,"enemies":"Chosen and Byrds","floor":31.0,"turns":3.0},{"damage":21.0,"enemies":"Automaton","floor":33.0,"turns":9.0},{"damage":12,"enemies":"3 Darklings","floor":35,"turns":7},{"damage":7,"enemies":"3 Shapes","floor":37,"turns":6},{"damage":52,"enemies":"Nemesis","floor":44,"turns":11},{"damage":29,"enemies":"3 Darklings","floor":46,"turns":7},{"damage":1,"enemies":"Sphere and 2 Shapes","floor":48,"turns":6},{"damage":87,"enemies":"Awakened One","floor":50,"turns":13},{"damage":76,"enemies":"Shield and Spear","floor":54,"turns":8},{"damage":94,"enemies":"The Heart","floor":55,"turns":9}],"seed_played":"-262543916320584446","potions_obtained":[{"floor":5.0,"key":"Poison Potion"},{"floor":7.0,"key":"GamblersBrew"},{"floor":11.0,"key":"FairyPotion"},{"floor":19.0,"key":"Poison Potion"},{"floor":30.0,"key":"Block Potion"},{"floor":33.0,"key":"GamblersBrew"},{"floor":46,"key":"Dexterity Potion"}],"is_trial":false,"path_per_floor":["M","?","M","?","M","R","E","E","T","?","M","R","M","$","R","B",null,"M","M","$","M","?","R","?","E","T","E","?","M","M","M","R","B",null,"M","$","M","?","?","R","?","$","T","E","R","M","R","M","R","B",null,"R","$","E","B",null],"character_chosen":"IRONCLAD","items_purchased":["Feed","Flame Barrier","Apotheosis","Self Forming Clay","PreservedInsect","EntropicBrew","Pantograph","Centennial Puzzle"],"campfire_rested":1,"item_purchase_floors":[14,14,14,42,42,53,53,53],"current_hp_per_floor":[70,70,76,71,77,77,45,25,25,45,34,34,40,40,40,15,65,73,78,78,82,82,82,82,86,86,87,87,91,92,96,96,85,112,110,110,116,111,111,111,111,111,111,94,94,97,97,106,106,86,127,141,141,93,89],"gold":120,"neow_bonus":"RANDOM_COMMON_RELIC","is_prod":false,"is_daily":false,"chose_seed":false,"campfire_upgraded":8,"win_rate":0,"timestamp":1551912972,"path_taken":["M","?","M","?","M","R","E","E","T","?","?","R","M","$","R","BOSS","M","M","$","M","?","R","?","E","T","E","?","M","?","M","R","BOSS","M","$","?","?","?","R","?","$","T","E","R","M","R","M","R","BOSS","R","$","E","BOSS"],"build_version":"2019-02-06","purchased_purges":4,"victory":true,"max_hp_per_floor":[82,82,82,82,82,82,82,82,82,82,82,82,82,82,82,82,82,86,86,86,90,90,90,90,94,94,108,105,109,113,117,117,121,121,125,125,129,129,129,129,129,129,129,133,133,133,133,137,137,141,141,141,141,145,149],"card_choices":[{"not_picked":["Wild Strike","Rage"],"picked":"Shrug It Off","floor":1.0},{"not_picked":["Cleave","Wild Strike"],"picked":"Twin Strike","floor":3.0},{"not_picked":["Armaments","Fire Breathing"],"picked":"Headbutt","floor":5.0},{"not_picked":["Heavy Blade","Clash"],"picked":"Battle Trance","floor":7.0},{"not_picked":["Pummel","True Grit"],"picked":"Shrug It Off","floor":8.0},{"not_picked":["Wild Strike","Sword Boomerang"],"picked":"Bludgeon","floor":11.0},{"not_picked":["Clothesline","Heavy Blade"],"picked":"Disarm","floor":13.0},{"not_picked":["Feed","Bludgeon"],"picked":"Demon Form","floor":16.0},{"not_picked":["Perfected Strike+1","Havoc","Headbutt"],"picked":"SKIP","floor":18.0},{"not_picked":["Perfected Strike+1","Headbutt"],"picked":"Havoc","floor":18.0},{"not_picked":["Pummel","Clash"],"picked":"Offering","floor":19.0},{"not_picked":["Cleave","Uppercut"],"picked":"Clothesline+1","floor":21.0},{"not_picked":["Ghostly Armor","Wild Strike","Dropkick"],"picked":"SKIP","floor":25.0},{"not_picked":["Armaments+1","Shrug It Off","Metallicize"],"picked":"SKIP","floor":27.0},{"not_picked":["True Grit","Reckless Charge+1","Heavy Blade"],"picked":"SKIP","floor":29.0},{"not_picked":["Warcry","Shrug It Off"],"picked":"Disarm","floor":30.0},{"not_picked":["Cleave","Carnage","Evolve"],"picked":"SKIP","floor":31.0},{"not_picked":["Fiend Fire","Offering"],"picked":"Reaper","floor":33.0},{"not_picked":["Power Through","True Grit","Evolve"],"picked":"SKIP","floor":35},{"not_picked":["True Grit","Twin Strike","Shrug It Off+1"],"picked":"SKIP","floor":37},{"not_picked":["Transmutation","Deep Breath"],"picked":"PanicButton","floor":38},{"not_picked":["Combust","Dual Wield","Cleave"],"picked":"SKIP","floor":44},{"not_picked":["Heavy Blade","Anger+1","Wild Strike"],"picked":"SKIP","floor":46},{"not_picked":["Anger","Warcry","Perfected Strike"],"picked":"SKIP","floor":48},{"not_picked":["Dropkick","Anger"],"picked":"Limit Break","floor":52},{"not_picked":["Metallicize+1","Thunderclap","Ghostly Armor+1"],"picked":"SKIP","floor":54}],"player_experience":2104439,"relics_obtained":[{"floor":7.0,"key":"WingedGreaves"},{"floor":8.0,"key":"War Paint"},{"floor":25.0,"key":"Anchor"},{"floor":26.0,"key":"Bronze Scales"},{"floor":27.0,"key":"Pear"},{"floor":43,"key":"Dream Catcher"},{"floor":44,"key":"Bottled Tornado"},{"floor":54,"key":"Thread and Needle"}],"event_choices":[{"damage_healed":0.0,"max_hp_gain":0.0,"max_hp_loss":0.0,"gold_gain":0.0,"event_name":"Shining Light","player_choice":"Ignored","floor":2.0,"gold_loss":0.0,"damage_taken":0.0},{"damage_healed":0.0,"max_hp_gain":0.0,"max_hp_loss":0.0,"gold_gain":0.0,"event_name":"Scrap Ooze","player_choice":"Success","floor":4.0,"gold_loss":0.0,"damage_taken":5.0,"relics_obtained":["MawBank"]},{"damage_healed":20.0,"max_hp_gain":0.0,"max_hp_loss":0.0,"gold_gain":0.0,"event_name":"Mushrooms","player_choice":"Healed and dodged fight","floor":10.0,"gold_loss":0.0,"damage_taken":0.0,"cards_obtained":["Parasite"]},{"damage_healed":0.0,"max_hp_gain":0.0,"max_hp_loss":0.0,"gold_gain":0.0,"event_name":"The Library","player_choice":"Read","floor":22.0,"gold_loss":0.0,"damage_taken":0.0,"cards_obtained":["Headbutt"]},{"cards_removed":["Strike_R"],"damage_healed":0.0,"max_hp_gain":0.0,"max_hp_loss":0.0,"gold_gain":0.0,"event_name":"Back to Basics","player_choice":"Elegance","floor":24.0,"gold_loss":0.0,"damage_taken":0.0},{"cards_removed":["Parasite"],"damage_healed":0.0,"max_hp_gain":0.0,"max_hp_loss":0.0,"gold_gain":0.0,"event_name":"Fountain of Cleansing","player_choice":"Removed Curses","floor":28.0,"gold_loss":0.0,"damage_taken":0.0},{"damage_healed":0,"gold_gain":0,"player_choice":"Memory 2","damage_taken":5,"max_hp_gain":0,"max_hp_loss":0,"event_name":"SensoryStone","floor":38,"gold_loss":0},{"damage_healed":0,"gold_gain":999,"player_choice":"Gold","damage_taken":0,"max_hp_gain":0,"max_hp_loss":0,"event_name":"MindBloom","floor":39,"gold_loss":0,"cards_obtained":["Normality","Normality"]},{"damage_healed":0,"gold_gain":0,"player_choice":"Ignored","damage_taken":0,"max_hp_gain":0,"max_hp_loss":0,"event_name":"Mysterious Sphere","floor":41,"gold_loss":0}],"is_beta":true,"boss_relics":[{"not_picked":["Astrolabe","Runic Dome"],"picked":"Velvet Choker"},{"not_picked":["Runic Pyramid","Runic Cube"],"picked":"Lizard Tail"}],"items_purged_floors":[20,36,42,53],"is_endless":false,"potions_floor_spawned":[5,7,11,19,25,29,30,33,46],"ascension_level":15}