{"gold_per_floor":[112,132,146,8,8,39,52,79,103,133,133,47,79,97,97,168,168,168,168,168,168,168,168,168,168,168,168,168,168,168,168,168,168,168,168,168,168,168,168,168,168,168,168,168,168,168,168,168,168,168],"floor_reached":50,"playtime":4132,"items_purged":[],"score":1244,"play_id":"723f1212-5a86-4e8f-a535-a0a5028d227e","local_time":"20190323232032","is_ascension_mode":true,"campfire_choices":[{"data":"Neutralize","floor":11.0,"key":"SMITH"},{"data":"Phantasmal Killer","floor":15.0,"key":"SMITH"},{"floor":23.0,"key":"REST"},{"data":"After Image","floor":25.0,"key":"SMITH"},{"data":"A Thousand Cuts","floor":29.0,"key":"SMITH"},{"data":"Malaise","floor":32.0,"key":"SMITH"},{"floor":41,"key":"REST"},{"floor":45,"key":"REST"},{"floor":49,"key":"RECALL"}],"neow_cost":"NONE","seed_source_timestamp":0,"circlet_count":0,"master_deck":["AscendersBane","Defend_G","Defend_G","Defend_G","Defend_G","Defend_G","Survivor","Neutralize+1","Caltrops","Blur","Masterful Stab","Noxious Fumes+1","Malaise+1","Phantasmal Killer+1","Dagger Throw","Footwork","Backflip","Dodge and Roll","A Thousand Cuts+1","Caltrops","Bite","Bite","Bite","Bite","After Image+1","PiercingWail","Well Laid Plans","Calculated Gamble","Burst","Backstab+1","Caltrops+1","Infinite Blades","Well Laid Plans+1"],"special_seed":0,"relics":["Ring of the Snake","Bag of Marbles","PreservedInsect","Oddly Smooth Stone","Orichalcum","The Courier","Ectoplasm","Red Mask","Art of War","Pen Nib","Sozu","Unceasing Top","Juzu Bracelet","Paper Crane","Darkstone Periapt","Du-Vu Doll"],"potions_floor_usage":[],"damage_taken":[{"damage":4.0,"enemies":"Small Slimes","floor":1.0,"turns":4.0},{"damage":1.0,"enemies":"Cultist","floor":2.0,"turns":5.0},{"damage":0.0,"enemies":"Jaw Worm","floor":3.0,"turns":7.0},{"damage":15.0,"enemies":"3 Sentries","floor":6.0,"turns":8.0},{"damage":3.0,"enemies":"Looter","floor":7.0,"turns":4.0},{"damage":25.0,"enemies":"Lagavulin","floor":8.0,"turns":11.0},{"damage":4.0,"enemies":"3 Sentries","floor":10.0,"turns":5.0},{"damage":0.0,"enemies":"Lagavulin","floor":13.0,"turns":6.0},{"damage":0.0,"enemies":"Large Slime","floor":14.0,"turns":4.0},{"damage":0.0,"enemies":"The Guardian","floor":16.0,"turns":11.0},{"damage":2.0,"enemies":"Shell Parasite","floor":18.0,"turns":7.0},{"damage":43.0,"enemies":"Masked Bandits","floor":19.0,"turns":5.0},{"damage":9.0,"enemies":"Chosen","floor":20.0,"turns":7.0},{"damage":6.0,"enemies":"Book of Stabbing","floor":24.0,"turns":6.0},{"damage":16.0,"enemies":"Snake Plant","floor":27.0,"turns":5.0},{"damage":8.0,"enemies":"Cultist and Chosen","floor":28.0,"turns":7.0},{"damage":0.0,"enemies":"3 Cultists","floor":30.0,"turns":4.0},{"damage":12,"enemies":"Automaton","floor":33,"turns":13},{"damage":0,"enemies":"Orb Walker","floor":35,"turns":5},{"damage":14,"enemies":"Mind Bloom Boss Battle","floor":36,"turns":9},{"damage":5,"enemies":"3 Darklings","floor":38,"turns":5},{"damage":12,"enemies":"Jaw Worm Horde","floor":39,"turns":5},{"damage":39,"enemies":"Nemesis","floor":40,"turns":9},{"damage":20,"enemies":"Giant Head","floor":42,"turns":8},{"damage":25,"enemies":"Transient","floor":44,"turns":6},{"damage":7,"enemies":"4 Shapes","floor":47,"turns":7},{"damage":21,"enemies":"2 Orb Walkers","floor":48,"turns":6},{"damage":42,"enemies":"Awakened One","floor":50,"turns":3}],"seed_played":"-4438872112016228712","potions_obtained":[{"floor":2.0,"key":"Poison Potion"},{"floor":7.0,"key":"Fruit Juice"},{"floor":8.0,"key":"SpeedPotion"},{"floor":14.0,"key":"Poison Potion"},{"floor":16.0,"key":"Poison Potion"},{"floor":19.0,"key":"Fire Potion"},{"floor":28.0,"key":"EssenceOfSteel"}],"is_trial":false,"path_per_floor":["M","M","M","$","?","E","M","E","T","E","R","$","E","M","R","B",null,"M","?","M","?","?","R","E","R","T","M","M","R","M","T","R","B",null,"M","?","?","M","M","E","R","E","T","M","R","?","M","?","R","B"],"character_chosen":"THE_SILENT","items_purchased":["Noxious Fumes","PowerPotion","Footwork"],"campfire_rested":3,"item_purchase_floors":[4,4,12],"current_hp_per_floor":[61,60,60,60,60,45,47,22,22,18,18,18,18,18,18,18,62,60,17,8,8,8,23,27,27,27,17,21,21,27,27,27,41,50,53,53,53,48,46,25,40,40,40,31,46,46,47,34,34,0],"gold":168,"neow_bonus":"TEN_PERCENT_HP_BONUS","is_prod":false,"is_daily":false,"chose_seed":false,"campfire_upgraded":5,"win_rate":0,"timestamp":1553397632,"path_taken":["M","M","M","$","?","E","M","E","T","E","R","?","E","?","R","BOSS","M","?","M","?","?","R","E","R","T","M","M","R","?","?","R","BOSS","M","?","?","M","?","E","R","E","T","M","R","?","M","?","R","BOSS"],"build_version":"2019-01-23","purchased_purges":0,"victory":false,"max_hp_per_floor":[72,72,72,72,72,72,77,77,77,77,77,77,77,77,77,77,77,77,77,77,53,53,53,53,53,53,53,53,53,53,53,53,53,53,53,53,53,53,53,53,53,53,53,53,53,53,53,53,53,53],"card_choices":[{"not_picked":["Backflip","Escape Plan"],"picked":"Caltrops","floor":1.0},{"not_picked":["Dodge and Roll","Distraction"],"picked":"Blur","floor":2.0},{"not_picked":["Endless Agony","Catalyst"],"picked":"Masterful Stab","floor":3.0},{"not_picked":["Deflect","Outmaneuver"],"picked":"Malaise","floor":6.0},{"not_picked":["Dagger Throw","Choke","Underhanded Strike"],"picked":"SKIP","floor":7.0},{"not_picked":["Deflect","Acrobatics"],"picked":"Phantasmal Killer","floor":8.0},{"not_picked":["Prepared","Deflect"],"picked":"Dagger Throw","floor":10.0},{"not_picked":["Eviscerate","Skewer"],"picked":"Backflip","floor":13.0},{"not_picked":["Acrobatics","Underhanded Strike"],"picked":"Dodge and Roll","floor":14.0},{"not_picked":["Burst","Die Die Die"],"picked":"A Thousand Cuts","floor":16.0},{"not_picked":["Sucker Punch","Prepared"],"picked":"Caltrops","floor":18.0},{"not_picked":["Expertise","Slice","Masterful Stab"],"picked":"SKIP","floor":20.0},{"not_picked":["Dodge and Roll","Masterful Stab"],"picked":"After Image","floor":24.0},{"not_picked":["Dash","Dagger Throw"],"picked":"PiercingWail","floor":27.0},{"not_picked":["Deadly Poison","Eviscerate"],"picked":"Well Laid Plans","floor":28.0},{"not_picked":["Blade Dance","Bane"],"picked":"Calculated Gamble","floor":30.0},{"not_picked":["Bullet Time","Doppelganger"],"picked":"Burst","floor":33},{"not_picked":["Deadly Poison","Underhanded Strike"],"picked":"Backstab+1","floor":35},{"not_picked":["Quick Slash","Dagger Throw+1","Bouncing Flask"],"picked":"SKIP","floor":38},{"not_picked":["Catalyst","Backflip"],"picked":"Caltrops+1","floor":39},{"not_picked":["Venomology","Underhanded Strike+1","Reflex"],"picked":"SKIP","floor":40},{"not_picked":["Choke","Dagger Throw+1"],"picked":"Infinite Blades","floor":42},{"not_picked":["Riddle With Holes","Flechettes+1","Caltrops"],"picked":"SKIP","floor":44},{"not_picked":["Blade Dance","Expertise","Unload"],"picked":"SKIP","floor":47},{"not_picked":["Outmaneuver","Skewer"],"picked":"Well Laid Plans+1","floor":48}],"player_experience":1371969,"relics_obtained":[{"floor":6.0,"key":"Bag of Marbles"},{"floor":8.0,"key":"PreservedInsect"},{"floor":9.0,"key":"Oddly Smooth Stone"},{"floor":10.0,"key":"Orichalcum"},{"floor":13.0,"key":"The Courier"},{"floor":19.0,"key":"Red Mask"},{"floor":24.0,"key":"Art of War"},{"floor":31.0,"key":"Pen Nib"},{"floor":36,"key":"Unceasing Top"},{"floor":40,"key":"Juzu Bracelet"},{"floor":42,"key":"Paper Crane"},{"floor":43,"key":"Darkstone Periapt"},{"floor":48,"key":"Du-Vu Doll"}],"event_choices":[{"damage_healed":0.0,"max_hp_gain":0.0,"max_hp_loss":0.0,"gold_gain":0.0,"event_name":"Upgrade Shrine","player_choice":"Upgraded","floor":5.0,"gold_loss":0.0,"damage_taken":0.0,"cards_upgraded":["Noxious Fumes"]},{"damage_healed":0.0,"max_hp_gain":0.0,"max_hp_loss":0.0,"gold_gain":0.0,"event_name":"Masked Bandits","player_choice":"Fought Bandits","floor":19.0,"gold_loss":0.0,"damage_taken":0.0},{"damage_healed":0.0,"max_hp_gain":0.0,"max_hp_loss":24.0,"gold_gain":0.0,"event_name":"Vampires","player_choice":"Became a vampire","floor":21.0,"gold_loss":0.0,"damage_taken":0.0,"cards_obtained":["Bite","Bite","Bite","Bite","Bite"]},{"damage_healed":0.0,"max_hp_gain":0.0,"max_hp_loss":0.0,"gold_gain":0.0,"event_name":"Match and Keep!","player_choice":"0 cards matched","floor":22.0,"gold_loss":0.0,"damage_taken":0.0,"cards_obtained":[]},{"damage_healed":0,"gold_gain":0,"player_choice":"Fight","damage_taken":0,"max_hp_gain":0,"max_hp_loss":0,"event_name":"MindBloom","floor":36,"gold_loss":0},{"damage_healed":0,"gold_gain":0,"player_choice":"Got Potions","damage_taken":0,"max_hp_gain":0,"max_hp_loss":0,"event_name":"Lab","floor":37,"gold_loss":0},{"cards_removed":["Bite"],"damage_healed":0,"gold_gain":0,"player_choice":"Removed Attack","damage_taken":0,"max_hp_gain":0,"max_hp_loss":0,"event_name":"Falling","floor":46,"gold_loss":0},{"damage_healed":0,"gold_gain":0,"player_choice":"Fight","damage_taken":0,"max_hp_gain":0,"max_hp_loss":0,"event_name":"Mysterious Sphere","floor":48,"gold_loss":0}],"is_beta":false,"boss_relics":[{"not_picked":["Eternal Feather","Tiny House"],"picked":"Ectoplasm"},{"not_picked":["Snecko Eye","Busted Crown"],"picked":"Sozu"}],"items_purged_floors":[],"is_endless":false,"potions_floor_spawned":[2,7,8,14,16,19,28,36,38,47,48],"killed_by":"Awakened One","ascension_level":19}