{"gold_per_floor":[360,20,36,50,67,67,93,93,93,93,93,160,160,260,260,337,337,347,367,173,237,7,7,7,7,60,60,110,110,177,227,227,301,301,314,327,90,100,118,118,118],"floor_reached":41,"playtime":2703,"items_purged":["Strike_R","Strike_R","Writhe"],"score":807,"play_id":"5df63e84-5dab-43d6-91cd-51b79fe9d8ca","local_time":"20190318225326","is_ascension_mode":true,"campfire_choices":[{"data":"Armaments","floor":6,"key":"SMITH"},{"data":"Twin Strike","floor":8,"key":"SMITH"},{"data":"Bash","floor":11,"key":"SMITH"},{"data":"Battle Trance","floor":13,"key":"SMITH"},{"floor":15,"key":"REST"},{"floor":23,"key":"REST"},{"data":"Fiend Fire","floor":25,"key":"SMITH"},{"data":"Reaper","floor":27,"key":"SMITH"},{"data":"Evolve","floor":29,"key":"SMITH"},{"floor":32,"key":"REST"},{"floor":40,"key":"REST"}],"neow_cost":"TEN_PERCENT_HP_LOSS","seed_source_timestamp":160970741125036,"circlet_count":0,"master_deck":["AscendersBane","Strike_R","Strike_R","Strike_R","Defend_R","Defend_R","Defend_R","Defend_R","Bash+1","Armaments+1","Twin Strike+1","Evolve+1","Reaper+1","Battle Trance+1","Fiend Fire+1","Hemokinesis+1","Infernal Blade+1","Decay","Decay","Disarm","Feel No Pain","Shockwave","Reckless Charge"],"relics":["Burning Blood","Anchor","Centennial Puzzle","Darkstone Periapt","Letter Opener","SsserpentHead","Busted Crown","Lantern","Tiny Chest","Bag of Marbles","Bird Faced Urn","Calling Bell","Juzu Bracelet","Ornamental Fan","Ice Cream"],"potions_floor_usage":[12,16,21,36,36,38],"damage_taken":[{"damage":7,"enemies":"Cultist","floor":1,"turns":4},{"damage":4,"enemies":"Small Slimes","floor":3,"turns":4},{"damage":2,"enemies":"Jaw Worm","floor":4,"turns":3},{"damage":33,"enemies":"Large Slime","floor":5,"turns":9},{"damage":15,"enemies":"3 Sentries","floor":7,"turns":10},{"damage":16,"enemies":"Blue Slaver","floor":12,"turns":6},{"damage":49,"enemies":"The Guardian","floor":16,"turns":15},{"damage":2,"enemies":"Shell Parasite","floor":18,"turns":8},{"damage":7,"enemies":"3 Byrds","floor":19,"turns":5},{"damage":44,"enemies":"Snake Plant","floor":21,"turns":4},{"damage":13,"enemies":"Cultist and Chosen","floor":30,"turns":5},{"damage":40,"enemies":"Champ","floor":33,"turns":11},{"damage":1,"enemies":"Orb Walker","floor":35,"turns":2},{"damage":40,"enemies":"3 Darklings","floor":36,"turns":8},{"damage":30,"enemies":"Spire Growth","floor":38,"turns":5},{"damage":57,"enemies":"Maw","floor":39,"turns":9},{"damage":44,"enemies":"Giant Head","floor":41,"turns":5}],"seed_played":"1627698527610257700","potions_obtained":[{"floor":3,"key":"GamblersBrew"},{"floor":12,"key":"SkillPotion"},{"floor":19,"key":"BloodPotion"},{"floor":21,"key":"GamblersBrew"},{"floor":33,"key":"Ancient Potion"},{"floor":35,"key":"Fire Potion"},{"floor":36,"key":"PowerPotion"},{"floor":38,"key":"Explosive Potion"}],"is_trial":false,"path_per_floor":["M","$","M","M","M","R","E","R","T","?","R","M","R","?","R","B",null,"M","M","$","M","$","R","$","R","T","R","T","R","M","?","R","B",null,"M","M","$","M","M","R","E"],"character_chosen":"IRONCLAD","items_purchased":["Anchor","Centennial Puzzle","Lantern","Tiny Chest","Feel No Pain","Shockwave"],"campfire_rested":4,"item_purchase_floors":[2,2,20,22,37,37],"current_hp_per_floor":[67,67,68,68,41,41,32,32,32,32,32,25,25,25,45,9,53,57,56,56,28,28,48,48,48,48,48,48,48,43,43,63,36,78,86,62,62,49,7,32,0],"gold":118,"neow_bonus":"TWO_FIFTY_GOLD","is_prod":false,"is_daily":false,"chose_seed":false,"campfire_upgraded":7,"win_rate":0,"timestamp":1552964006,"path_taken":["M","$","M","M","M","R","E","R","T","?","R","?","R","?","R","BOSS","M","M","?","?","$","R","$","R","T","R","?","R","?","?","R","BOSS","M","M","$","M","M","R","E"],"build_version":"2019-01-23","purchased_purges":3,"victory":false,"max_hp_per_floor":[68,68,68,68,68,68,68,68,68,68,68,68,68,68,68,68,68,68,68,68,68,68,68,68,68,68,68,68,68,68,68,68,68,86,86,86,86,86,86,86,86],"card_choices":[{"not_picked":["Wild Strike","Sentinel"],"picked":"Armaments","floor":1},{"not_picked":["Hemokinesis","Cleave"],"picked":"Twin Strike","floor":3},{"not_picked":["Cleave","Spot Weakness"],"picked":"Evolve","floor":4},{"not_picked":["Flex","Sword Boomerang","Body Slam"],"picked":"SKIP","floor":5},{"not_picked":["Fiend Fire","Armaments"],"picked":"Reaper","floor":7},{"not_picked":["Thunderclap","Warcry"],"picked":"Battle Trance","floor":12},{"not_picked":["Double Tap","Exhume"],"picked":"Fiend Fire","floor":16},{"not_picked":["Sword Boomerang"],"picked":"SKIP","floor":18},{"not_picked":[],"picked":"Hemokinesis+1","floor":19},{"not_picked":["Reckless Charge"],"picked":"SKIP","floor":21},{"not_picked":[],"picked":"Infernal Blade+1","floor":30},{"not_picked":["Armaments"],"picked":"SKIP","floor":35},{"not_picked":[],"picked":"Disarm","floor":36},{"not_picked":[],"picked":"Reckless Charge","floor":38},{"not_picked":["Rage"],"picked":"SKIP","floor":39}],"player_experience":1234397,"relics_obtained":[{"floor":7,"key":"Darkstone Periapt"},{"floor":9,"key":"Letter Opener"},{"floor":26,"key":"Bag of Marbles"},{"floor":28,"key":"Bird Faced Urn"},{"floor":34,"key":"Juzu Bracelet"},{"floor":34,"key":"Ornamental Fan"},{"floor":34,"key":"Ice Cream"}],"event_choices":[{"damage_healed":0,"gold_gain":0,"player_choice":"Trade","damage_taken":0,"relics_obtained":["SsserpentHead"],"max_hp_gain":0,"max_hp_loss":0,"event_name":"FaceTrader","floor":10,"gold_loss":0},{"damage_healed":0,"gold_gain":50,"player_choice":"Pray","damage_taken":0,"max_hp_gain":0,"max_hp_loss":0,"event_name":"Golden Shrine","floor":14,"gold_loss":0},{"damage_healed":0,"gold_gain":0,"player_choice":"Ignored","damage_taken":0,"max_hp_gain":0,"max_hp_loss":0,"event_name":"Ghosts","floor":31,"gold_loss":0}],"is_beta":false,"boss_relics":[{"not_picked":["Fusion Hammer","Runic Dome"],"picked":"Busted Crown"},{"not_picked":["Snecko Eye","Velvet Choker"],"picked":"Calling Bell"}],"items_purged_floors":[20,22,37],"is_endless":false,"potions_floor_spawned":[3,12,19,21,33,35,36,38],"killed_by":"Giant Head","ascension_level":20}