{"gold_per_floor":[209,359,359,17,31,31,5,5,28,45,45,76,76,93,93,168,168,178,197,197],"floor_reached":20,"playtime":889,"items_purged":["Doubt"],"score":344,"play_id":"6ceffb7c-28cb-48ec-86fa-872e5c5606ac","local_time":"20190510114757","is_ascension_mode":true,"campfire_choices":[{"data":"Zap","floor":6,"key":"SMITH"},{"data":"Dualcast","floor":8,"key":"SMITH"},{"floor":11,"key":"REST"},{"data":"Go for the Eyes","floor":15,"key":"SMITH"}],"neow_cost":"NONE","seed_source_timestamp":1532697124394705,"circlet_count":0,"master_deck":["AscendersBane","Strike_B","Strike_B+1","Strike_B","Strike_B","Defend_B","Defend_B","Defend_B+1","Defend_B","Zap+1","Dualcast+1","Conserve Battery","Steam","Gash","Gash","Go for the Eyes+1","Reboot","Writhe","Doubt","Normality","Gash","Scrape"],"relics":["Cracked Core","Letter Opener","Bag of Marbles","Thread and Needle","Calling Bell","PreservedInsect","Matryoshka","Ice Cream"],"potions_floor_usage":[16,16,20],"damage_taken":[{"damage":10,"enemies":"2 Louse","floor":1,"turns":4},{"damage":0,"enemies":"Jaw Worm","floor":5,"turns":3},{"damage":8,"enemies":"Small Slimes","floor":10,"turns":3},{"damage":44,"enemies":"Gremlin Nob","floor":12,"turns":4},{"damage":0,"enemies":"Gremlin Gang","floor":14,"turns":3},{"damage":7,"enemies":"The Guardian","floor":16,"turns":11},{"damage":47,"enemies":"Shell Parasite","floor":18,"turns":10},{"damage":9,"enemies":"Chosen","floor":19,"turns":5},{"damage":20,"enemies":"Sentry and Sphere","floor":20,"turns":5}],"seed_played":"3755803705500694597","potions_obtained":[{"floor":1,"key":"Energy Potion"},{"floor":10,"key":"Strength Potion"},{"floor":14,"key":"EssenceOfSteel"},{"floor":19,"key":"EssenceOfSteel"}],"is_trial":false,"path_per_floor":["M","?","?","$","M","R","$","R","T","M","R","E","?","M","R","B",null,"M","M","M"],"character_chosen":"DEFECT","items_purchased":["Letter Opener","Gash"],"campfire_rested":1,"item_purchase_floors":[4,7],"current_hp_per_floor":[54,54,33,33,33,33,33,33,33,25,46,2,71,71,71,64,69,22,13,0],"gold":197,"neow_bonus":"HUNDRED_GOLD","is_prod":false,"is_daily":false,"chose_seed":false,"campfire_upgraded":3,"win_rate":0,"timestamp":1557503277,"path_taken":["M","?","?","$","M","R","?","R","T","M","R","E","?","M","R","BOSS","M","?","M"],"build_version":"2019-01-23","purchased_purges":1,"victory":false,"max_hp_per_floor":[71,71,71,71,71,71,71,71,71,71,71,71,71,71,71,71,71,71,71,71],"card_choices":[{"not_picked":["Steam","Fusion"],"picked":"Conserve Battery","floor":1},{"not_picked":["Redo","Storm"],"picked":"Steam","floor":5},{"not_picked":["Conserve Battery","Compile Driver"],"picked":"Gash","floor":10},{"not_picked":["Redo","Stack"],"picked":"Genetic Algorithm","floor":12},{"not_picked":["Recycle","Coolheaded"],"picked":"Go for the Eyes","floor":14},{"not_picked":["Meteor Strike","Hyperbeam"],"picked":"Reboot","floor":16},{"not_picked":["Stack","Redo"],"picked":"Gash","floor":18},{"not_picked":["Redo","Rebound"],"picked":"Scrape","floor":19}],"player_experience":2551461,"relics_obtained":[{"floor":9,"key":"Bag of Marbles"},{"floor":12,"key":"Thread and Needle"},{"floor":17,"key":"PreservedInsect"},{"floor":17,"key":"Matryoshka"},{"floor":17,"key":"Ice Cream"}],"event_choices":[{"damage_healed":0,"gold_gain":150,"player_choice":"AGREE","damage_taken":0,"max_hp_gain":0,"max_hp_loss":0,"event_name":"Liars Game","floor":2,"gold_loss":0,"cards_obtained":["Doubt"]},{"damage_healed":0,"gold_gain":0,"player_choice":"Entered Light","damage_taken":21,"max_hp_gain":0,"max_hp_loss":0,"event_name":"Shining Light","floor":3,"gold_loss":0,"cards_upgraded":["Defend_B","Strike_B"]},{"cards_removed":["Genetic Algorithm"],"damage_healed":69,"gold_gain":0,"player_choice":"Offered Uncommon","damage_taken":0,"max_hp_gain":0,"max_hp_loss":0,"event_name":"Bonfire Elementals","floor":13,"gold_loss":0}],"is_beta":false,"boss_relics":[{"not_picked":["Runic Dome","Snecko Eye"],"picked":"Calling Bell"}],"items_purged_floors":[4],"is_endless":false,"potions_floor_spawned":[1,10,14,19],"killed_by":"Sentry and Sphere","ascension_level":20}