{"path_per_floor":["M","M","?","?","$","M","R","$","T","?","M","R","E","M","R"],"character_chosen":"IRONCLAD","items_purchased":["Warcry"],"gold_per_floor":[110,129,129,129,54,77,77,53,105,105,129,129,162,180,180,180],"floor_reached":16,"campfire_rested":0,"playtime":291,"current_hp_per_floor":[51,51,51,51,51,57,57,57,57,43,48,48,41,34,34,0],"items_purged":["Strike_R"],"gold":180,"score":170,"play_id":"d3231027-3cd8-4b21-8077-516b0c607f0f","local_time":"20180413142108","is_prod":false,"is_daily":false,"chose_seed":false,"is_ascension_mode":true,"campfire_upgraded":3,"timestamp":1523654468,"path_taken":["M","M","?","?","$","M","R","$","T","?","?","R","E","M","R","BOSS"],"build_version":"2018-04-12","seed_source_timestamp":148658689697510,"purchased_purges":1,"victory":false,"master_deck":["Strike_R+1","Strike_R","Strike_R","Defend_R+1","Defend_R","Defend_R","Defend_R","Bash+1","AscendersBane","Twin Strike+1","Ghostly Armor","Feel No Pain+1","Warcry","Battle Trance","Shrug It Off","Shockwave+1"],"max_hp_per_floor":[75,75,75,69,69,69,69,69,69,69,69,69,76,76,76,76],"relics":["Burning Blood","Golden Idol","Anchor","Strawberry"],"card_choices":[{"not_picked":["Body Slam","Armaments"],"picked":"Twin Strike","floor":1},{"not_picked":["Hemokinesis","Body Slam"],"picked":"Ghostly Armor","floor":2},{"not_picked":["Pommel Strike","Anger"],"picked":"Feel No Pain","floor":6},{"not_picked":["Reckless Charge","Seeing Red"],"picked":"Battle Trance","floor":11},{"not_picked":["Iron Wave","Shockwave"],"picked":"Shrug It Off","floor":13},{"not_picked":["Body Slam","Clothesline"],"picked":"Shockwave","floor":14}],"player_experience":445963,"potions_floor_usage":[13],"damage_taken":[{"damage":23,"enemies":"Jaw Worm","floor":1,"turns":5},{"damage":6,"enemies":"Cultist","floor":2,"turns":3},{"damage":0,"enemies":"Small Slimes","floor":6,"turns":3},{"damage":1,"enemies":"Looter","floor":11,"turns":3},{"damage":20,"enemies":"Gremlin Nob","floor":13,"turns":4},{"damage":13,"enemies":"Blue Slaver","floor":14,"turns":3},{"damage":40,"enemies":"Slime Boss","floor":16,"turns":9}],"event_choices":[{"event_name":"Living Wall","player_choice":"Grow","floor":3,"damage_taken":0},{"event_name":"Golden Idol","player_choice":"Lose Max HP","floor":4,"damage_taken":0},{"event_name":"Shining Light","player_choice":"Entered Light","floor":10,"damage_taken":0}],"boss_relics":[],"potions_floor_spawned":[2,11],"seed_played":"1281293605675266896","killed_by":"Slime Boss","ascension_level":14,"is_trial":false}