{"path_per_floor":["M","$","M","M","?","R","E","R","T","?","M","M","E","$","R","B",null,"M","T","$","M","?","R","M","?","T","M"],"character_chosen":"THE_SILENT","items_purchased":["Blur","Vajra","Blood Vial","Block Potion","Swift Potion","Anchor","Footwork"],"gold_per_floor":[112,77,88,98,98,98,124,124,206,456,475,493,521,15,15,111,111,125,125,98,113,363,363,382,382,382,394],"floor_reached":28,"campfire_rested":0,"playtime":2543,"current_hp_per_floor":[66,66,66,66,66,66,43,43,43,43,33,33,25,25,25,39,70,61,61,61,49,49,49,33,17,17,12],"items_purged":["Regret"],"gold":394,"score":228,"play_id":"676c793b-e711-45d6-a49d-b1b72c9a7aa3","is_prod":false,"is_daily":false,"is_ascension_mode":false,"campfire_upgraded":4,"path_taken":["M","$","M","?","?","R","E","R","T","?","?","M","E","$","R","BOSS","M","?","$","M","?","R","M","?","T","M","M"],"build_version":"2018-02-08-PROD1","purchased_purges":3,"victory":false,"master_deck":["Defend_G","Defend_G","Defend_G","Defend_G","Defend_G","Strike_G","Strike_G","Strike_G","Strike_G","Strike_G","Survivor","Neutralize+1","Dodge and Roll","Blur","Backflip","Deadly Poison+1","Bane+1","Blur","Envenom+1","PiercingWail","Footwork","Terror+1","Regret","Leg Sweep+1","PiercingWail+1"],"max_hp_per_floor":[70,70,70,70,70,70,70,70,70,70,70,70,70,70,70,70,70,70,70,70,70,70,70,70,70,70,70],"relics":["The Specimen","Regal Pillow","Pantograph","The Courier","Vajra","Blood Vial","Anchor","Sozu","Du-Vu Doll","Enchiridion","Letter Opener"],"card_choices":[{"not_picked":["Sucker Punch","Cloak And Dagger"],"picked":"Dodge and Roll"},{"not_picked":["Tactician","Well Laid Plans"],"picked":"Backflip"},{"not_picked":["PiercingWail","Flying Knee"],"picked":"Deadly Poison"},{"not_picked":["Endless Agony","Skewer"],"picked":"Bane"},{"not_picked":["Accuracy","Deflect"],"picked":"Blur"},{"not_picked":["Glass Knife","Corpse Explosion"],"picked":"Envenom"},{"not_picked":["Deflect","Terror"],"picked":"PiercingWail"},{"not_picked":["Flying Knee","Eviscerate"],"picked":"Terror"},{"not_picked":["Deflect","Flying Knee"],"picked":"Leg Sweep"},{"not_picked":["Cloak And Dagger","Predator"],"picked":"PiercingWail"}],"player_experience":147159,"potions_floor_usage":[7,11,11,13,16,16],"damage_taken":[{"damage":4,"enemies":"Blue Slaver","floor":1,"turns":6},{"damage":0,"enemies":"Cultist","floor":3,"turns":6},{"damage":0,"enemies":"Small Slimes","floor":4,"turns":4},{"damage":23,"enemies":"Lagavulin","floor":7,"turns":6},{"damage":10,"enemies":"Gremlin Gang","floor":11,"turns":6},{"damage":0,"enemies":"Red Slaver","floor":12,"turns":4},{"damage":8,"enemies":"3 Sentries","floor":13,"turns":12},{"damage":13,"enemies":"The Guardian","floor":16,"turns":12},{"damage":9,"enemies":"Shell Parasite","floor":18,"turns":8},{"damage":14,"enemies":"Spheric Guardian","floor":21,"turns":9},{"damage":18,"enemies":"Snake Plant","floor":24,"turns":5},{"damage":7,"enemies":"Centurion and Healer","floor":27,"turns":7},{"damage":17,"enemies":"Snecko","floor":28,"turns":4}],"event_choices":[{"event_name":"The Lab","player_choice":"Got Potions","floor":5,"damage_taken":0},{"event_name":"Golden Shrine","player_choice":"Desecrate","floor":10,"damage_taken":0},{"event_name":"Golden Shrine","player_choice":"Desecrate","floor":22,"damage_taken":0},{"event_name":"Cursed Tome","player_choice":"Obtained Book","floor":25,"damage_taken":0}],"boss_relics":[{"not_picked":["Eternal Feather","Runic Dome"],"picked":"Sozu"}],"potions_floor_spawned":[4,12,16],"seed_played":"2775831803157267428","killed_by":"Snecko","ascension_level":0,"is_trial":false}