{"gold_per_floor":[110,110,27,42,58,58,88,238,264,292,3,23,23,53,53,127,127,137,137,62,62,62,62,80,80,105,116,16,16,16,33,33,107,107,122,173,0,0,0,33,33,33],"floor_reached":42,"playtime":2017,"items_purged":["Doubt","Writhe"],"score":835,"play_id":"e9a61cc0-187e-4154-983a-2a8d05059208","local_time":"20190328005945","is_ascension_mode":true,"campfire_choices":[{"data":"Sunder","floor":6.0,"key":"SMITH"},{"data":"Zap","floor":13.0,"key":"SMITH"},{"data":"Static Discharge","floor":15.0,"key":"SMITH"},{"floor":23,"key":"REST"},{"floor":30,"key":"REST"},{"floor":32,"key":"RECALL"},{"floor":41,"key":"REST"}],"neow_cost":"NONE","seed_source_timestamp":0,"circlet_count":0,"master_deck":["AscendersBane","Strike_B+1","Strike_B","Strike_B","Defend_B","Defend_B","Defend_B","Defend_B","Zap+1","Dualcast+1","Rebound","Self Repair","Sunder+1","Ball Lightning","Glacier","Compile Driver","Ball Lightning","Conserve Battery","Melter","Auto Shields","Static Discharge+1","Biased Cognition","Conserve Battery","Hologram+1","Reinforced Body","Defragment","Electrodynamics","Hologram+1","Leap+1","Reinforced Body+1"],"special_seed":0,"relics":["Cracked Core","Vajra","Lantern","Odd Mushroom","Centennial Puzzle","Fusion Hammer","Bag of Preparation","MutagenicStrength","Sozu","Calipers","Bronze Scales","Red Mask","Toxic Egg 2"],"potions_floor_usage":[24,27,36],"damage_taken":[{"damage":12.0,"enemies":"Small Slimes","floor":1.0,"turns":4.0},{"damage":0.0,"enemies":"2 Louse","floor":4.0,"turns":1.0},{"damage":0.0,"enemies":"Jaw Worm","floor":5.0,"turns":3.0},{"damage":11.0,"enemies":"Gremlin Nob","floor":7.0,"turns":3.0},{"damage":2.0,"enemies":"The Mushroom Lair","floor":10.0,"turns":4.0},{"damage":0.0,"enemies":"3 Louse","floor":12.0,"turns":3.0},{"damage":4.0,"enemies":"3 Sentries","floor":14.0,"turns":6.0},{"damage":15.0,"enemies":"Hexaghost","floor":16.0,"turns":9.0},{"damage":6,"enemies":"Shell Parasite","floor":18,"turns":3},{"damage":1,"enemies":"3 Byrds","floor":24,"turns":6},{"damage":4,"enemies":"Shelled Parasite and Fungi","floor":27,"turns":3},{"damage":0,"enemies":"Snecko","floor":31,"turns":3},{"damage":76,"enemies":"Automaton","floor":33,"turns":8},{"damage":14,"enemies":"3 Darklings","floor":35,"turns":3},{"damage":24,"enemies":"2 Orb Walkers","floor":36,"turns":3},{"damage":40,"enemies":"Reptomancer","floor":40,"turns":4},{"damage":109,"enemies":"Giant Head","floor":42,"turns":8}],"seed_played":"-1623287040841357202","potions_obtained":[{"floor":4.0,"key":"GamblersBrew"},{"floor":7.0,"key":"GamblersBrew"},{"floor":12.0,"key":"SteroidPotion"},{"floor":24,"key":"Block Potion"},{"floor":27,"key":"SteroidPotion"},{"floor":31,"key":"SteroidPotion"}],"is_trial":false,"path_per_floor":["M","?","$","M","M","R","E","?","T","?","$","M","R","E","R","B",null,"M","?","?","?","?","R","M","?","T","M","$","?","R","M","R","B",null,"M","?","$","?","?","E","R","E"],"character_chosen":"DEFECT","items_purchased":["Self Repair","Ball Lightning","Dexterity Potion","Conserve Battery","Melter","Bronze Scales"],"campfire_rested":3,"item_purchase_floors":[3,11,11,11,11,37],"current_hp_per_floor":[59,36,36,36,43,43,32,32,32,37,37,44,44,47,47,39,68,62,40,40,40,40,64,70,70,70,66,66,66,83,83,83,14,66,59,35,35,35,68,35,55,0],"gold":33,"neow_bonus":"TEN_PERCENT_HP_BONUS","is_prod":false,"is_daily":false,"chose_seed":false,"campfire_upgraded":3,"win_rate":0,"timestamp":1553749185,"path_taken":["M","?","$","M","M","R","E","?","T","?","$","M","R","E","R","BOSS","M","?","?","?","?","R","?","?","T","M","$","?","R","M","R","BOSS","M","?","$","?","?","E","R","E"],"build_version":"2019-01-23","purchased_purges":2,"victory":false,"max_hp_per_floor":[78,78,78,78,78,78,78,78,78,78,78,78,78,78,78,78,78,78,83,83,83,83,83,83,83,83,83,83,83,83,83,83,83,83,83,83,83,83,68,68,68,68],"card_choices":[{"not_picked":["Recycle","Fusion"],"picked":"Rebound","floor":1.0},{"not_picked":["Consume","Conserve Battery"],"picked":"Sunder","floor":4.0},{"not_picked":["Hologram","Tempest"],"picked":"Ball Lightning","floor":5.0},{"not_picked":["Thunder Strike","BootSequence"],"picked":"Glacier","floor":7.0},{"not_picked":["Redo","Genetic Algorithm"],"picked":"Compile Driver","floor":10.0},{"not_picked":["Undo","Double Energy"],"picked":"Auto Shields","floor":12.0},{"not_picked":["Streamline","Steam"],"picked":"Static Discharge","floor":14.0},{"not_picked":["Thunder Strike","Reboot"],"picked":"Biased Cognition","floor":16.0},{"not_picked":["Compile Driver","Go for the Eyes"],"picked":"Conserve Battery","floor":18},{"not_picked":["Chill","Beam Cell"],"picked":"Hologram+1","floor":24},{"not_picked":["Undo","Lockon"],"picked":"Reinforced Body","floor":27},{"not_picked":["Leap","Compile Driver"],"picked":"Defragment","floor":31},{"not_picked":["Reboot","Seek"],"picked":"Electrodynamics","floor":33},{"not_picked":["Streamline","Coolheaded"],"picked":"Hologram+1","floor":35},{"not_picked":["Beam Cell","Sweeping Beam+1"],"picked":"Leap+1","floor":36},{"not_picked":["Compile Driver+1","Barrage"],"picked":"Reinforced Body","floor":40}],"player_experience":1449883,"relics_obtained":[{"floor":7.0,"key":"Vajra"},{"floor":9.0,"key":"Lantern"},{"floor":10.0,"key":"Odd Mushroom"},{"floor":14.0,"key":"Centennial Puzzle"},{"floor":36,"key":"Calipers"},{"floor":40,"key":"Toxic Egg 2"}],"event_choices":[{"damage_healed":0.0,"max_hp_gain":0.0,"max_hp_loss":0.0,"gold_gain":0.0,"event_name":"Shining Light","player_choice":"Entered Light","floor":2.0,"gold_loss":0.0,"damage_taken":23.0,"cards_upgraded":["Strike_B","Dualcast"]},{"damage_healed":0.0,"max_hp_gain":0.0,"max_hp_loss":0.0,"gold_gain":150.0,"event_name":"Liars Game","player_choice":"AGREE","floor":8.0,"gold_loss":0.0,"damage_taken":0.0,"cards_obtained":["Doubt"]},{"damage_healed":0.0,"max_hp_gain":0.0,"max_hp_loss":0.0,"gold_gain":0.0,"event_name":"Mushrooms","player_choice":"Fought Mushrooms","floor":10.0,"gold_loss":0.0,"damage_taken":0.0},{"damage_healed":0,"gold_gain":0,"player_choice":"Shed Blood","damage_taken":27,"max_hp_gain":5,"max_hp_loss":0,"event_name":"Forgotten Altar","floor":19,"gold_loss":0},{"cards_removed":["Strike_B"],"damage_healed":0,"gold_gain":0,"player_choice":"Gave Gold","damage_taken":0,"max_hp_gain":0,"max_hp_loss":0,"event_name":"Beggar","floor":20,"gold_loss":75},{"damage_healed":0,"gold_gain":0,"player_choice":"Ignored","damage_taken":0,"max_hp_gain":0,"max_hp_loss":0,"event_name":"Vampires","floor":21,"gold_loss":0},{"damage_healed":0,"gold_gain":0,"player_choice":"Opened","damage_taken":0,"relics_obtained":["Bag of Preparation"],"max_hp_gain":0,"max_hp_loss":0,"event_name":"The Mausoleum","floor":22,"gold_loss":0,"cards_obtained":["Writhe"]},{"damage_healed":0,"gold_gain":0,"player_choice":"Inject Mutagens","damage_taken":0,"relics_obtained":["MutagenicStrength"],"max_hp_gain":0,"max_hp_loss":0,"event_name":"Drug Dealer","floor":25,"gold_loss":0},{"damage_healed":0,"gold_gain":0,"player_choice":"Ignored","damage_taken":0,"max_hp_gain":0,"max_hp_loss":0,"event_name":"Ghosts","floor":29,"gold_loss":0},{"damage_healed":0,"gold_gain":0,"player_choice":"Fight","damage_taken":0,"max_hp_gain":0,"max_hp_loss":0,"event_name":"Mysterious Sphere","floor":36,"gold_loss":0},{"damage_healed":0,"gold_gain":0,"player_choice":"Paid","damage_taken":0,"relics_obtained":["Red Mask"],"max_hp_gain":0,"max_hp_loss":0,"event_name":"Tomb of Lord Red Mask","floor":38,"gold_loss":0},{"damage_healed":68,"gold_gain":0,"player_choice":"Heal","damage_taken":0,"max_hp_gain":0,"max_hp_loss":15,"event_name":"The Moai Head","floor":39,"gold_loss":0}],"is_beta":false,"boss_relics":[{"not_picked":["Astrolabe","Orrery"],"picked":"Fusion Hammer"},{"not_picked":["Nuclear Battery","Pandora\u0027s Box"],"picked":"Sozu"}],"items_purged_floors":[11,28],"is_endless":false,"potions_floor_spawned":[4,7,12,24,27,31,36],"killed_by":"Giant Head","ascension_level":19}