{"gold_per_floor":[118,132,145,145,145,172,172,205,251,277,11,11,37,37,37,37],"floor_reached":16,"playtime":799,"items_purged":["Strike_B"],"score":211,"play_id":"36552de4-ca7f-4867-8984-35d50ed0c28d","local_time":"20190315005735","is_ascension_mode":true,"campfire_choices":[{"data":"Zap","floor":7,"key":"SMITH"},{"data":"Chill","floor":12,"key":"SMITH"},{"data":"Loop","floor":15,"key":"SMITH"}],"neow_cost":"NONE","seed_source_timestamp":135790939069108,"circlet_count":0,"master_deck":["Strike_B+1","Strike_B+1","Defend_B+1","Defend_B","Defend_B","Defend_B","Zap+1","Dualcast","Ball Lightning","Go for the Eyes+1","Ball Lightning","Leap","Chill+1","Creative AI","Loop+1","Rainbow"],"relics":["Cracked Core","Singing Bowl","Whetstone","Pen Nib","Bag of Marbles","Bag of Preparation","Peace Pipe"],"potions_floor_usage":[6,10,13],"damage_taken":[{"damage":7,"enemies":"Jaw Worm","floor":1,"turns":3},{"damage":0,"enemies":"Small Slimes","floor":2,"turns":2},{"damage":0,"enemies":"2 Louse","floor":3,"turns":2},{"damage":20,"enemies":"3 Sentries","floor":6,"turns":4},{"damage":7,"enemies":"Lagavulin","floor":8,"turns":6},{"damage":22,"enemies":"Gremlin Nob","floor":10,"turns":4},{"damage":0,"enemies":"Lagavulin","floor":13,"turns":5},{"damage":3,"enemies":"Hexaghost","floor":16,"turns":9}],"seed_played":"2177214027844312317","potions_obtained":[{"floor":1,"key":"Fire Potion"},{"floor":2,"key":"SpeedPotion"},{"floor":8,"key":"PowerPotion"},{"floor":10,"key":"LiquidBronze"}],"is_trial":false,"path_per_floor":["M","M","M","?","?","E","R","E","T","E","$","R","E","?","R","B"],"character_chosen":"DEFECT","items_purchased":["Bag of Preparation","Loop"],"campfire_rested":0,"item_purchase_floors":[11,11],"current_hp_per_floor":[68,68,68,52,57,37,37,30,30,8,8,8,8,1,1,0],"gold":37,"neow_bonus":"TEN_PERCENT_HP_BONUS","is_prod":false,"is_daily":false,"chose_seed":false,"campfire_upgraded":3,"win_rate":0,"timestamp":1552625855,"path_taken":["M","M","M","?","?","E","R","E","T","E","$","R","E","?","R","BOSS"],"build_version":"2019-01-23","purchased_purges":1,"victory":false,"max_hp_per_floor":[82,82,82,82,87,87,87,87,87,87,87,87,87,87,87,87],"card_choices":[{"not_picked":["Static Discharge","Tempest"],"picked":"Ball Lightning","floor":1},{"not_picked":["Loop","Compile Driver"],"picked":"Go for the Eyes","floor":2},{"not_picked":["Undo","Stack"],"picked":"Ball Lightning","floor":3},{"not_picked":["Streamline","Ball Lightning"],"picked":"Leap","floor":6},{"not_picked":["Leap","Stack"],"picked":"Chill","floor":8},{"not_picked":["Rip and Tear","Steam Power"],"picked":"Creative AI","floor":10},{"not_picked":["Ball Lightning","Go for the Eyes"],"picked":"Rainbow","floor":13}],"player_experience":1122720,"relics_obtained":[{"floor":6,"key":"Singing Bowl"},{"floor":8,"key":"Whetstone"},{"floor":9,"key":"Pen Nib"},{"floor":10,"key":"Bag of Marbles"},{"floor":13,"key":"Peace Pipe"}],"event_choices":[{"damage_healed":0,"gold_gain":0,"player_choice":"Entered Light","damage_taken":16,"max_hp_gain":0,"max_hp_loss":0,"event_name":"Shining Light","floor":4,"gold_loss":0,"cards_upgraded":["Defend_B","Strike_B"]},{"damage_healed":0,"gold_gain":0,"player_choice":"Donut","damage_taken":0,"max_hp_gain":5,"max_hp_loss":0,"event_name":"Big Fish","floor":5,"gold_loss":0},{"cards_removed":["Strike_B"],"damage_healed":0,"gold_gain":0,"player_choice":"Card Removal","damage_taken":7,"max_hp_gain":0,"max_hp_loss":0,"event_name":"Golden Wing","floor":14,"gold_loss":0}],"is_beta":false,"boss_relics":[],"items_purged_floors":[11],"is_endless":false,"potions_floor_spawned":[1,2,8,10],"killed_by":"Hexaghost","ascension_level":8}