{"path_per_floor":["M","M","M","?","?","M","R","?","T","M","M","E","T","E","R","B",null,"M","$","?","M","?","R"],"character_chosen":"IRONCLAD","items_purchased":["Bag of Marbles"],"gold_per_floor":[119,132,149,149,149,165,165,165,219,237,256,287,314,339,339,416,416,426,276,276,292,242,242,242],"floor_reached":24,"campfire_rested":0,"playtime":1167,"current_hp_per_floor":[74,75,73,73,58,58,58,46,46,45,49,55,55,44,44,47,68,74,74,37,37,37,37,0],"items_purged":[],"gold":242,"score":376,"play_id":"345d9cae-5c39-45de-80ba-87be2499dcad","local_time":"20180402212834","is_prod":false,"is_daily":false,"is_ascension_mode":true,"campfire_upgraded":3,"timestamp":1522718914,"path_taken":["M","M","M","?","?","M","R","?","T","?","M","E","?","E","R","BOSS","M","$","?","M","?","R","E"],"build_version":"2018-03-29v2","purchased_purges":1,"victory":false,"master_deck":["Strike_R","Strike_R+1","Strike_R","Strike_R+1","Strike_R","Defend_R+1","Defend_R","Defend_R+1","Defend_R","Bash","AscendersBane","Cleave+1","Disarm","True Grit+1","Reaper","Flex","Twin Strike","Shrug It Off","Perfected Strike+1","Double Tap+1","Ghostly","Ghostly","Ghostly","Ghostly","Ghostly","Twin Strike+1"],"max_hp_per_floor":[75,75,75,75,75,75,75,75,75,75,75,75,75,75,75,75,75,75,75,37,37,37,37,37],"relics":["Burning Blood","Oddly Smooth Stone","War Paint","Ancient Tea Set","Regal Pillow","Orichalcum","Champion Belt","Runic Dome","Bag of Marbles"],"card_choices":[{"not_picked":["Armaments","True Grit"],"picked":"Cleave","floor":1},{"not_picked":["Dropkick","Infernal Blade"],"picked":"Disarm","floor":2},{"not_picked":["Cleave","Corruption"],"picked":"True Grit","floor":3},{"not_picked":["Sword Boomerang","Wild Strike"],"picked":"Reaper","floor":6},{"not_picked":["Shrug It Off","Sword Boomerang"],"picked":"Flex","floor":10},{"not_picked":["Infernal Blade","Cleave"],"picked":"Twin Strike","floor":11},{"not_picked":["Warcry","Fiend Fire"],"picked":"Shrug It Off","floor":12},{"not_picked":["Sentinel","Fire Breathing"],"picked":"Perfected Strike","floor":14},{"not_picked":["Offering","Impervious"],"picked":"Double Tap","floor":16},{"not_picked":["Iron Wave","Evolve"],"picked":"Twin Strike","floor":21}],"player_experience":653325,"potions_floor_usage":[10,12,14,16,24,24],"damage_taken":[{"damage":0,"enemies":"Jaw Worm","floor":1,"turns":6},{"damage":0,"enemies":"2 Louse","floor":2,"turns":3},{"damage":8,"enemies":"Small Slimes","floor":3,"turns":5},{"damage":6,"enemies":"Blue Slaver","floor":6,"turns":4},{"damage":14,"enemies":"3 Louse","floor":10,"turns":2},{"damage":2,"enemies":"Exordium Wildlife","floor":11,"turns":3},{"damage":12,"enemies":"3 Sentries","floor":12,"turns":6},{"damage":21,"enemies":"Gremlin Nob","floor":14,"turns":5},{"damage":9,"enemies":"Hexaghost","floor":16,"turns":12},{"damage":0,"enemies":"Spheric Guardian","floor":18,"turns":2},{"damage":4,"enemies":"3 Byrds","floor":21,"turns":7},{"damage":54,"enemies":"Gremlin Leader","floor":24,"turns":10}],"event_choices":[{"event_name":"Living Wall","player_choice":"Grow","floor":4,"damage_taken":0},{"event_name":"Shining Light","player_choice":"Entered Light","floor":5,"damage_taken":0},{"event_name":"Scrap Ooze","player_choice":"success","floor":8,"damage_taken":12},{"event_name":"Ghosts","player_choice":"Became a Ghost","floor":20,"damage_taken":0},{"event_name":"The Joust","player_choice":"Bet on Owner","floor":22,"damage_taken":0}],"boss_relics":[{"not_picked":["Mark of Pain","Snecko Eye"],"picked":"Runic Dome"}],"potions_floor_spawned":[2,3,6,11,14,16],"seed_played":"-2494068028494064471","killed_by":"Gremlin Leader","ascension_level":14,"is_trial":false}