{"path_per_floor":["M","M","M","$","M","R","E","?","T","?","M","M","$","M","R","B",null,"M","?","?"],"character_chosen":"THE_SILENT","items_purchased":["Footwork","Gambling Chip","Matryoshka"],"gold_per_floor":[369,388,399,73,87,87,114,114,165,265,277,291,51,62,62,161,161,173,173,173],"floor_reached":21,"campfire_rested":0,"playtime":1894,"current_hp_per_floor":[63,63,62,62,62,62,58,45,45,45,45,44,44,44,44,35,56,39,31,15],"items_purged":[],"gold":173,"score":235,"play_id":"e5d6374d-b98f-432b-9201-54b871ff9252","is_prod":false,"is_daily":false,"is_ascension_mode":true,"campfire_upgraded":2,"path_taken":["M","M","?","$","M","R","E","?","T","?","M","M","?","M","R","BOSS","M","?","?","?"],"build_version":"2018-02-22-PROD1","purchased_purges":2,"victory":false,"master_deck":["Defend_G","Defend_G","Defend_G","Defend_G","Defend_G","Strike_G","Strike_G","Strike_G","Strike_G","Strike_G","Survivor","Neutralize","Deflect","Dagger Spray+1","Dagger Throw+1","Footwork+1","Blade Dance","Burst+1","Terror","Doppelganger","Dagger Spray+1"],"max_hp_per_floor":[63,63,63,63,63,63,63,63,63,63,63,63,63,63,63,63,63,63,63,63],"relics":["Ring of the Snake","Gambling Chip","Orichalcum","Prayer Wheel","Matryoshka","Eternal Feather","Enchiridion"],"card_choices":[{"not_picked":["Backflip","Sucker Punch"],"picked":"Deflect"},{"not_picked":["Deflect","Underhanded Strike"],"picked":"Dagger Spray"},{"not_picked":["Acrobatics","Heel Hook"],"picked":"Dagger Throw"},{"not_picked":["Sucker Punch","Quick Slash"],"picked":"Blade Dance"},{"not_picked":["Quick Slash","Backflip"],"picked":"Burst"},{"not_picked":["Deflect","Flying Knee"],"picked":"Terror"},{"not_picked":["Venomology","Phantasmal Killer"],"picked":"Doppelganger"},{"not_picked":["Well Laid Plans","Reflex"],"picked":"Dagger Spray"}],"player_experience":395031,"potions_floor_usage":[7,18,21],"damage_taken":[{"damage":0,"enemies":"Cultist","floor":1,"turns":4},{"damage":0,"enemies":"Jaw Worm","floor":2,"turns":5},{"damage":1,"enemies":"Small Slimes","floor":3,"turns":3},{"damage":0,"enemies":"Blue Slaver","floor":5,"turns":4},{"damage":4,"enemies":"3 Sentries","floor":7,"turns":11},{"damage":0,"enemies":"Red Slaver","floor":11,"turns":4},{"damage":1,"enemies":"Exordium Wildlife","floor":12,"turns":3},{"damage":0,"enemies":"Blue Slaver","floor":14,"turns":3},{"damage":9,"enemies":"The Guardian","floor":16,"turns":13},{"damage":17,"enemies":"Spheric Guardian","floor":18,"turns":14},{"damage":15,"enemies":"3 Byrds","floor":21,"turns":2}],"event_choices":[{"event_name":"Shining Light","player_choice":"Entered Light","floor":8,"damage_taken":0},{"event_name":"Golden Shrine","player_choice":"Pray","floor":10,"damage_taken":0},{"event_name":"Knowing Skull","player_choice":"","floor":19,"damage_taken":0},{"event_name":"Cursed Tome","player_choice":"Obtained Book","floor":20,"damage_taken":0}],"boss_relics":[{"not_picked":["Orrery","Black Star"],"picked":"Eternal Feather"}],"potions_floor_spawned":[2,7,12],"seed_played":"-2341929819768046980","killed_by":"3 Byrds","ascension_level":6,"is_trial":false}