{"gold_per_floor":[161,161,175,188,198,198,211,237,237,8,8,23,23,55,55,132,132,150,160,160,170,23,53,53,53],"floor_reached":25,"playtime":2125,"items_purged":["Strike_B"],"score":408,"play_id":"1afbf6f2-f021-4110-b6c4-45e74913dc8c","local_time":"20190320191323","is_ascension_mode":true,"campfire_choices":[{"data":"Lockon","floor":6.0,"key":"SMITH"},{"floor":13.0,"key":"REST"},{"floor":15.0,"key":"REST"},{"floor":24.0,"key":"REST"}],"neow_cost":"NONE","seed_source_timestamp":632022993536286,"circlet_count":0,"master_deck":["AscendersBane","Strike_B","Strike_B","Defend_B+1","Defend_B","Defend_B","Defend_B","Zap","Dualcast","Lockon+1","Sweeping Beam","Cold Snap","Ball Lightning","Conserve Battery","Hologram","Thunder Strike","Capacitor","Electrodynamics","Conserve Battery","Rainbow"],"special_seed":0,"relics":["Tiny House","Blue Candle","Happy Flower","Lantern","Juzu Bracelet","Snecko Eye","Kunai"],"potions_floor_usage":[],"damage_taken":[{"damage":2.0,"enemies":"Jaw Worm","floor":1.0,"turns":4.0},{"damage":7.0,"enemies":"Small Slimes","floor":3.0,"turns":3.0},{"damage":0.0,"enemies":"Cultist","floor":4.0,"turns":4.0},{"damage":4.0,"enemies":"Looter","floor":5.0,"turns":4.0},{"damage":17.0,"enemies":"Exordium Wildlife","floor":7.0,"turns":6.0},{"damage":21.0,"enemies":"Gremlin Nob","floor":8.0,"turns":4.0},{"damage":7.0,"enemies":"Red Slaver","floor":12.0,"turns":2.0},{"damage":15.0,"enemies":"3 Sentries","floor":14.0,"turns":10.0},{"damage":4.0,"enemies":"Slime Boss","floor":16.0,"turns":8.0},{"damage":11.0,"enemies":"3 Byrds","floor":18.0,"turns":4.0},{"damage":0.0,"enemies":"Spheric Guardian","floor":19.0,"turns":3.0},{"damage":10.0,"enemies":"Centurion and Healer","floor":21.0,"turns":5.0},{"damage":18.0,"enemies":"Slavers","floor":23.0,"turns":3.0},{"damage":52,"enemies":"Gremlin Leader","floor":25,"turns":5}],"seed_played":"8109586629965400162","potions_obtained":[{"floor":0.0,"key":"SteroidPotion"},{"floor":1.0,"key":"EssenceOfSteel"},{"floor":4.0,"key":"PowerPotion"},{"floor":8.0,"key":"SkillPotion"},{"floor":14.0,"key":"Weak Potion"},{"floor":21.0,"key":"PowerPotion"}],"is_trial":false,"path_per_floor":["M","?","M","M","M","R","M","E","T","$","?","M","R","E","R","B",null,"M","M","?","M","$","E","R","E"],"character_chosen":"DEFECT","items_purchased":["Lantern","Rainbow"],"campfire_rested":3,"item_purchase_floors":[10,22],"current_hp_per_floor":[67,60,53,53,49,49,32,11,11,11,11,4,26,11,33,29,64,53,53,53,43,43,25,47,0],"gold":53,"neow_bonus":"BOSS_RELIC","is_prod":false,"is_daily":false,"chose_seed":false,"campfire_upgraded":1,"win_rate":0,"timestamp":1553123603,"path_taken":["M","?","M","M","M","R","M","E","T","$","?","M","R","E","R","BOSS","M","M","?","M","$","E","R","E"],"build_version":"2019-03-15","purchased_purges":1,"victory":false,"max_hp_per_floor":[76,76,76,76,76,76,76,76,76,76,76,76,76,76,76,76,76,76,76,76,76,76,76,76,76],"card_choices":[{"not_picked":["Heatsinks","Leap"],"picked":"Lockon","floor":0.0},{"not_picked":["Leap","Turbo"],"picked":"Sweeping Beam","floor":1.0},{"not_picked":["Gash","Coolheaded"],"picked":"Cold Snap","floor":3.0},{"not_picked":["Hello World","Cold Snap"],"picked":"Ball Lightning","floor":4.0},{"not_picked":["Beam Cell","Sweeping Beam"],"picked":"Conserve Battery","floor":5.0},{"not_picked":["Go for the Eyes","Sunder"],"picked":"Hologram","floor":7.0},{"not_picked":["Redo","Heatsinks"],"picked":"Thunder Strike","floor":8.0},{"not_picked":["Go for the Eyes","Sweeping Beam"],"picked":"Capacitor","floor":12.0},{"not_picked":["Ball Lightning","Steam Power","Leap"],"picked":"SKIP","floor":14.0},{"not_picked":["Biased Cognition","Creative AI"],"picked":"Electrodynamics","floor":16.0},{"not_picked":["Compile Driver","Melter"],"picked":"Conserve Battery","floor":18.0},{"not_picked":["Redo","Steam","Streamline"],"picked":"SKIP","floor":19.0},{"not_picked":["Static Discharge","Scrape","Conserve Battery"],"picked":"SKIP","floor":23.0}],"player_experience":2235076,"relics_obtained":[{"floor":8.0,"key":"Blue Candle"},{"floor":9.0,"key":"Happy Flower"},{"floor":14.0,"key":"Juzu Bracelet"},{"floor":23.0,"key":"Kunai"}],"event_choices":[{"cards_removed":["Strike_B"],"damage_healed":0.0,"max_hp_gain":0.0,"max_hp_loss":0.0,"gold_gain":0.0,"event_name":"Golden Wing","player_choice":"Card Removal","floor":2.0,"gold_loss":0.0,"damage_taken":7.0},{"damage_healed":0.0,"max_hp_gain":0.0,"max_hp_loss":0.0,"gold_gain":0.0,"event_name":"Match and Keep!","player_choice":"0 cards matched","floor":11.0,"gold_loss":0.0,"damage_taken":0.0,"cards_obtained":[]},{"damage_healed":0.0,"max_hp_gain":0.0,"max_hp_loss":0.0,"gold_gain":0.0,"event_name":"Ghosts","player_choice":"Ignored","floor":20.0,"gold_loss":0.0,"damage_taken":0.0}],"is_beta":true,"boss_relics":[{"not_picked":["Inserter","Runic Dome"],"picked":"Snecko Eye"}],"items_purged_floors":[10],"is_endless":false,"potions_floor_spawned":[1,4,8,14,21],"killed_by":"Gremlin Leader","ascension_level":15}