{"gold_per_floor":[369,381,14,46,46,93,177,177,177,233,306,306,306,361,361,485,485,552,552,617,542,542,597,597,647,647,66,66,120,164,251,251,323,323,388,121,246,5,47,98,138,167,194,282,282,313,323,349,349,349,349,349,349,23,54,54],"floor_reached":57,"playtime":3411,"items_purged":["Anger","Strike_R"],"score":3092,"play_id":"741749bb-c594-439d-b0d4-abb0c8fd5dbf","local_time":"20190509133020","is_ascension_mode":true,"campfire_choices":[{"floor":8,"key":"REST"},{"data":"HandOfGreed","floor":12,"key":"SMITH"},{"floor":15,"key":"REST"},{"data":"Fiend Fire","floor":24,"key":"SMITH"},{"data":"Heavy Blade","floor":32,"key":"SMITH"},{"floor":45,"key":"RECALL"},{"data":"Feel No Pain","floor":49,"key":"SMITH"},{"data":"Spot Weakness","floor":53,"key":"SMITH"}],"neow_cost":"PERCENT_DAMAGE","seed_source_timestamp":186279421153705,"circlet_count":0,"master_deck":["AscendersBane","Strike_R","Defend_R","Defend_R+1","Defend_R","Defend_R","Bash","Spot Weakness+1","Headbutt","HandOfGreed+1","Shrug It Off+1","Warcry+1","Reaper","Shrug It Off+1","Reaper","Shrug It Off+1","Fiend Fire+1","Thunderclap+1","Spot Weakness+1","Heavy Blade+1","Shockwave+1","Double Tap+1","Burning Pact+1","Feel No Pain+1","Uppercut+1","Flame Barrier+1","True Grit+1","Exhume+1"],"relics":["Burning Blood","Red Skull","Bird Faced Urn","Toxic Egg 2","Bag of Marbles","Bottled Lightning","Centennial Puzzle","Singing Bowl","Champion Belt","Snecko Eye","MutagenicStrength","Oddly Smooth Stone","Mercury Hourglass","Bag of Preparation","Paper Frog","Sling","Pen Nib","Busted Crown","Anchor","Dead Branch","PreservedInsect","Molten Egg 2","Potion Belt","Vajra","Question Card","Pantograph","War Paint"],"potions_floor_usage":[11,18,41,56,56,56,56,56,56,56,56],"damage_taken":[{"damage":7,"enemies":"2 Louse","floor":1,"turns":4},{"damage":14,"enemies":"Jaw Worm","floor":2,"turns":4},{"damage":2,"enemies":"Cultist","floor":4,"turns":4},{"damage":11,"enemies":"Gremlin Nob","floor":6,"turns":3},{"damage":34,"enemies":"Lagavulin Event","floor":7,"turns":4},{"damage":2,"enemies":"2 Fungi Beasts","floor":10,"turns":3},{"damage":15,"enemies":"3 Sentries","floor":11,"turns":4},{"damage":6,"enemies":"Gremlin Nob","floor":14,"turns":3},{"damage":41,"enemies":"Slime Boss","floor":16,"turns":11},{"damage":1,"enemies":"2 Thieves","floor":18,"turns":3},{"damage":0,"enemies":"3 Byrds","floor":20,"turns":5},{"damage":11,"enemies":"Slavers","floor":23,"turns":3},{"damage":0,"enemies":"Gremlin Leader","floor":25,"turns":4},{"damage":24,"enemies":"Book of Stabbing","floor":29,"turns":4},{"damage":14,"enemies":"Snake Plant","floor":30,"turns":3},{"damage":14,"enemies":"3 Cultists","floor":31,"turns":6},{"damage":65,"enemies":"Champ","floor":33,"turns":7},{"damage":0,"enemies":"3 Shapes","floor":35,"turns":2},{"damage":24,"enemies":"Mind Bloom Boss Battle","floor":37,"turns":4},{"damage":0,"enemies":"Orb Walker","floor":39,"turns":2},{"damage":7,"enemies":"Giant Head","floor":40,"turns":3},{"damage":7,"enemies":"Writhing Mass","floor":41,"turns":3},{"damage":0,"enemies":"Nemesis","floor":42,"turns":1},{"damage":11,"enemies":"4 Shapes","floor":44,"turns":5},{"damage":14,"enemies":"Giant Head","floor":46,"turns":4},{"damage":0,"enemies":"Spire Growth","floor":47,"turns":2},{"damage":21,"enemies":"Nemesis","floor":48,"turns":4},{"damage":9,"enemies":"Time Eater","floor":50,"turns":4},{"damage":53,"enemies":"Awakened One","floor":51,"turns":5},{"damage":0,"enemies":"Shield and Spear","floor":55,"turns":1},{"damage":121,"enemies":"The Heart","floor":56,"turns":6}],"seed_played":"8832591379239518593","potions_obtained":[{"floor":4,"key":"Fire Potion"},{"floor":7,"key":"Swift Potion"},{"floor":11,"key":"Fire Potion"},{"floor":18,"key":"BloodPotion"},{"floor":30,"key":"SteroidPotion"},{"floor":31,"key":"EntropicBrew"},{"floor":41,"key":"PowerPotion"},{"floor":42,"key":"PowerPotion"}],"is_trial":false,"path_per_floor":["M","M","$","M","?","E","?","R","T","M","E","R","T","E","R","B",null,"M","?","M","?","?","E","R","E","T","$","?","E","M","M","R","B",null,"M","$","?","$","M","E","M","E","T","M","R","E","M","E","R","B","B",null,"R","$","E","B",null],"character_chosen":"IRONCLAD","items_purchased":["HandOfGreed","Red Skull","Paper Frog","Sling","Anchor","Feel No Pain","PreservedInsect","SteroidPotion","Pantograph"],"campfire_rested":2,"item_purchase_floors":[3,3,27,27,36,38,38,54,54],"current_hp_per_floor":[49,41,41,45,40,35,7,29,29,33,24,24,24,24,46,11,59,71,71,75,75,75,75,75,77,77,77,77,59,71,77,77,43,70,78,78,77,77,83,84,87,87,87,84,84,83,89,89,89,86,77,86,86,86,91,70],"gold":54,"neow_bonus":"TWO_FIFTY_GOLD","is_prod":false,"is_daily":false,"chose_seed":false,"campfire_upgraded":5,"win_rate":0,"timestamp":1557433820,"path_taken":["M","M","$","M","?","E","?","R","T","M","E","R","?","E","R","BOSS","M","?","?","?","?","E","R","E","T","$","?","E","M","?","R","BOSS","M","$","?","?","M","E","M","E","T","?","R","E","M","E","R","BOSS","BOSS","R","$","E","BOSS"],"build_version":"2019-05-07","purchased_purges":2,"victory":true,"max_hp_per_floor":[75,75,75,75,75,75,75,75,75,75,75,75,75,75,75,75,75,75,75,75,75,75,75,75,77,77,77,77,77,79,79,79,79,79,81,81,81,81,83,85,87,87,87,89,89,89,89,89,89,89,89,89,89,89,91,91],"card_choices":[{"not_picked":["Thunderclap","Clothesline"],"picked":"Spot Weakness","floor":1},{"not_picked":["Armaments","Iron Wave"],"picked":"Headbutt","floor":2},{"not_picked":["Cleave","Rage"],"picked":"Shrug It Off","floor":4},{"not_picked":["Berserk","Twin Strike"],"picked":"Anger","floor":6},{"not_picked":["Pummel","Havoc+1"],"picked":"Warcry+1","floor":7},{"not_picked":["Flex+1","Hemokinesis","Fire Breathing"],"picked":"SKIP","floor":10},{"not_picked":["Shockwave+1","Carnage"],"picked":"Reaper","floor":11},{"not_picked":["Iron Wave","Ghostly Armor+1"],"picked":"Shrug It Off+1","floor":14},{"not_picked":["Limit Break+1","Barricade"],"picked":"Reaper","floor":16},{"not_picked":["Sever Soul","Wild Strike"],"picked":"Shrug It Off+1","floor":18},{"not_picked":["Clothesline","Entrench+1"],"picked":"Thunderclap+1","floor":20},{"not_picked":["Fiend Fire","Anger"],"picked":"Spot Weakness+1","floor":23},{"not_picked":["Iron Wave","Flex+1","Fire Breathing"],"picked":"Singing Bowl","floor":25},{"not_picked":["Infernal Blade+1","Perfected Strike"],"picked":"Heavy Blade","floor":29},{"not_picked":["Ghostly Armor+1","Seeing Red+1","Bloodletting+1"],"picked":"Singing Bowl","floor":30},{"not_picked":["Warcry+1","Flex+1"],"picked":"Shockwave+1","floor":31},{"not_picked":["Offering+1","Fiend Fire"],"picked":"Double Tap+1","floor":33},{"not_picked":["Armaments+1"],"picked":"Singing Bowl","floor":35},{"not_picked":[],"picked":"Burning Pact+1","floor":37},{"not_picked":["Clothesline"],"picked":"Singing Bowl","floor":39},{"not_picked":["Whirlwind+1"],"picked":"Singing Bowl","floor":40},{"not_picked":["Pommel Strike+1"],"picked":"Singing Bowl","floor":41},{"not_picked":[],"picked":"Uppercut+1","floor":42},{"not_picked":["Sword Boomerang+1"],"picked":"Singing Bowl","floor":44},{"not_picked":[],"picked":"Flame Barrier+1","floor":46},{"not_picked":[],"picked":"True Grit+1","floor":47},{"not_picked":[],"picked":"Exhume+1","floor":48},{"not_picked":["Intimidate+1","Entrench+1"],"picked":"Singing Bowl","floor":55}],"player_experience":6307838,"relics_obtained":[{"floor":6,"key":"Toxic Egg 2"},{"floor":7,"key":"Bag of Marbles"},{"floor":9,"key":"Bottled Lightning"},{"floor":11,"key":"Centennial Puzzle"},{"floor":13,"key":"Singing Bowl"},{"floor":14,"key":"Champion Belt"},{"floor":23,"key":"Oddly Smooth Stone"},{"floor":25,"key":"Mercury Hourglass"},{"floor":26,"key":"Bag of Preparation"},{"floor":29,"key":"Pen Nib"},{"floor":37,"key":"Dead Branch"},{"floor":40,"key":"Molten Egg 2"},{"floor":42,"key":"Potion Belt"},{"floor":46,"key":"Vajra"},{"floor":48,"key":"Question Card"},{"floor":55,"key":"War Paint"}],"event_choices":[{"damage_healed":0,"gold_gain":0,"player_choice":"Success","damage_taken":5,"relics_obtained":["Bird Faced Urn"],"max_hp_gain":0,"max_hp_loss":0,"event_name":"Scrap Ooze","floor":5,"gold_loss":0},{"damage_healed":0,"gold_gain":0,"player_choice":"Searched \u00271\u0027 times","damage_taken":0,"max_hp_gain":0,"max_hp_loss":0,"event_name":"Dead Adventurer","floor":7,"gold_loss":0},{"damage_healed":0,"gold_gain":0,"cards_transformed":["Strike_R"],"player_choice":"Transformed","damage_taken":0,"max_hp_gain":0,"max_hp_loss":0,"event_name":"Transmorgrifier","floor":19,"gold_loss":0,"cards_obtained":["Fiend Fire"]},{"cards_removed":["Strike_R"],"damage_healed":0,"gold_gain":0,"player_choice":"Gave Gold","damage_taken":0,"max_hp_gain":0,"max_hp_loss":0,"event_name":"Beggar","floor":21,"gold_loss":75},{"damage_healed":0,"gold_gain":0,"player_choice":"Inject Mutagens","damage_taken":0,"relics_obtained":["MutagenicStrength"],"max_hp_gain":0,"max_hp_loss":0,"event_name":"Drug Dealer","floor":22,"gold_loss":0},{"cards_removed":["Strike_R"],"damage_healed":0,"gold_gain":0,"player_choice":"Offered Basic","damage_taken":0,"max_hp_gain":0,"max_hp_loss":0,"event_name":"Bonfire Elementals","floor":28,"gold_loss":0},{"damage_healed":0,"gold_gain":0,"player_choice":"Fight","damage_taken":0,"max_hp_gain":0,"max_hp_loss":0,"event_name":"MindBloom","floor":37,"gold_loss":0}],"is_beta":true,"boss_relics":[{"not_picked":["Fusion Hammer","Astrolabe"],"picked":"Snecko Eye"},{"not_picked":["Pandora\u0027s Box","Black Star"],"picked":"Busted Crown"}],"items_purged_floors":[27,36],"is_endless":false,"potions_floor_spawned":[4,7,11,14,18,30,31,33,35,40,41,42],"ascension_level":20}