{"gold_per_floor":[18,93,106,159,178,178,205,226,226,245,277,58,58,79,79,169,169,192,192,54,74,88,126,76,76,101,141,141,154,154,154,154,154],"floor_reached":33,"playtime":2248,"items_purged":["Strike_R","Defend_R","Defend_R"],"score":557,"play_id":"64b8e68b-f1e7-4d3f-8e1d-be8e04341e24","local_time":"20190313214829","is_ascension_mode":true,"campfire_choices":[{"data":"Immolate","floor":6,"key":"SMITH"},{"data":"1","floor":15,"key":"LIFT"},{"floor":25,"key":"REST"},{"data":"2","floor":30,"key":"LIFT"},{"data":"3","floor":32,"key":"LIFT"}],"neow_cost":"NO_GOLD","seed_source_timestamp":36561153279868,"circlet_count":0,"master_deck":["AscendersBane","Strike_R","Strike_R","Strike_R","Strike_R","Defend_R+1","Defend_R","Bash","Immolate+1","Clothesline","Rage","Disarm+1","Headbutt","Anger","Heavy Blade+1","Feed","Inflame","True Grit+1","Heavy Blade+1"],"relics":["Burning Blood","Lantern","Ice Cream","Odd Mushroom","Girya","Smiling Mask","Bag of Preparation","Golden Idol","Fusion Hammer","Nunchaku","War Paint","Bottled Flame"],"potions_floor_usage":[8,11,16,16,22,29],"damage_taken":[{"damage":0,"enemies":"Small Slimes","floor":1,"turns":2},{"damage":4,"enemies":"Jaw Worm","floor":3,"turns":3},{"damage":0,"enemies":"2 Louse","floor":5,"turns":1},{"damage":16,"enemies":"Lagavulin","floor":7,"turns":6},{"damage":11,"enemies":"The Mushroom Lair","floor":8,"turns":2},{"damage":6,"enemies":"Blue Slaver","floor":10,"turns":3},{"damage":14,"enemies":"Gremlin Nob","floor":11,"turns":4},{"damage":0,"enemies":"3 Louse","floor":14,"turns":1},{"damage":30,"enemies":"Hexaghost","floor":16,"turns":8},{"damage":0,"enemies":"Chosen","floor":18,"turns":3},{"damage":7,"enemies":"Shell Parasite","floor":21,"turns":3},{"damage":10,"enemies":"Centurion and Healer","floor":22,"turns":3},{"damage":44,"enemies":"Book of Stabbing","floor":23,"turns":6},{"damage":22,"enemies":"Slavers","floor":27,"turns":4},{"damage":3,"enemies":"Snake Plant","floor":29,"turns":2},{"damage":60,"enemies":"Champ","floor":33,"turns":7}],"seed_played":"-4396479932222841370","potions_obtained":[{"floor":3,"key":"GamblersBrew"},{"floor":8,"key":"SteroidPotion"},{"floor":10,"key":"Weak Potion"},{"floor":11,"key":"Poison Potion"},{"floor":21,"key":"Swift Potion"},{"floor":27,"key":"Block Potion"}],"is_trial":false,"path_per_floor":["M","?","M","T","M","R","E","?","T","M","E","$","?","M","R","B",null,"M","?","$","M","M","E","$","R","T","E","?","M","R","?","R","B"],"character_chosen":"IRONCLAD","items_purchased":["Bag of Preparation","Inflame"],"campfire_rested":1,"item_purchase_floors":[12,20],"current_hp_per_floor":[74,63,65,65,71,71,61,56,56,56,48,48,48,54,54,30,59,68,68,68,70,66,28,28,50,50,37,37,43,43,43,43,0],"gold":154,"neow_bonus":"THREE_RARE_CARDS","is_prod":false,"is_daily":false,"chose_seed":false,"campfire_upgraded":1,"win_rate":0,"timestamp":1552528109,"path_taken":["M","?","M","?","M","R","E","?","T","M","E","?","?","?","R","BOSS","M","?","$","M","?","E","$","R","T","E","?","M","R","?","R","BOSS"],"build_version":"2019-01-23","purchased_purges":3,"victory":false,"max_hp_per_floor":[75,75,75,75,75,75,75,75,75,75,75,75,68,68,68,68,68,71,71,71,74,74,74,74,74,74,77,77,80,80,80,80,80],"card_choices":[{"not_picked":["Offering","Fiend Fire"],"picked":"Immolate","floor":0},{"not_picked":["Warcry","Havoc"],"picked":"Clothesline","floor":1},{"not_picked":["Carnage","Flex"],"picked":"Rage","floor":3},{"not_picked":["Seeing Red","Flex"],"picked":"Disarm","floor":5},{"not_picked":["Blood for Blood","Clothesline"],"picked":"Headbutt","floor":7},{"not_picked":["Seeing Red","Blood for Blood"],"picked":"Anger","floor":8},{"not_picked":["Thunderclap","Clothesline","Armaments"],"picked":"SKIP","floor":10},{"not_picked":["Juggernaut","Ghostly Armor","Shrug It Off"],"picked":"SKIP","floor":11},{"not_picked":["Power Through","Wild Strike"],"picked":"Heavy Blade","floor":14},{"not_picked":["Berserk","Exhume"],"picked":"Feed","floor":16},{"not_picked":["Bloodletting","Iron Wave","Infernal Blade"],"picked":"SKIP","floor":18},{"not_picked":["Headbutt","Havoc","True Grit"],"picked":"SKIP","floor":21},{"not_picked":["Iron Wave","Twin Strike"],"picked":"True Grit+1","floor":22},{"not_picked":["Clothesline+1","Shrug It Off"],"picked":"Heavy Blade+1","floor":23},{"not_picked":["Searing Blow","Second Wind","Warcry"],"picked":"SKIP","floor":27},{"not_picked":["Armaments","Reaper","Clash"],"picked":"SKIP","floor":29}],"player_experience":1098584,"relics_obtained":[{"floor":4,"key":"Lantern"},{"floor":7,"key":"Ice Cream"},{"floor":8,"key":"Odd Mushroom"},{"floor":9,"key":"Girya"},{"floor":11,"key":"Smiling Mask"},{"floor":23,"key":"Nunchaku"},{"floor":26,"key":"War Paint"},{"floor":27,"key":"Bottled Flame"}],"event_choices":[{"damage_healed":0,"gold_gain":75,"player_choice":"Gather Gold","damage_taken":11,"max_hp_gain":0,"max_hp_loss":0,"event_name":"World of Goop","floor":2,"gold_loss":0},{"damage_healed":0,"gold_gain":0,"player_choice":"Fought Mushrooms","damage_taken":0,"max_hp_gain":0,"max_hp_loss":0,"event_name":"Mushrooms","floor":8,"gold_loss":0},{"damage_healed":0,"gold_gain":0,"player_choice":"Lose Max HP","damage_taken":0,"relics_obtained":["Golden Idol"],"max_hp_gain":0,"max_hp_loss":7,"event_name":"Golden Idol","floor":13,"gold_loss":0},{"damage_healed":0,"gold_gain":0,"player_choice":"Forge","damage_taken":0,"max_hp_gain":0,"max_hp_loss":0,"event_name":"Accursed Blacksmith","floor":19,"gold_loss":0,"cards_upgraded":["Heavy Blade"]},{"damage_healed":0,"gold_gain":0,"player_choice":"Ignored","damage_taken":0,"max_hp_gain":0,"max_hp_loss":0,"event_name":"Ghosts","floor":28,"gold_loss":0},{"damage_healed":0,"gold_gain":0,"player_choice":"0 cards matched","damage_taken":0,"max_hp_gain":0,"max_hp_loss":0,"event_name":"Match and Keep!","floor":31,"gold_loss":0,"cards_obtained":[]}],"is_beta":false,"boss_relics":[{"not_picked":["Lizard Tail","Black Blood"],"picked":"Fusion Hammer"}],"items_purged_floors":[12,20,24],"is_endless":false,"potions_floor_spawned":[3,8,10,11,21,27],"killed_by":"Champ","ascension_level":18}