{"path_per_floor":["M","$","?","M","?","R","T","E","T","R","E","M","R","M","R","B",null,"M","$","T","?","M","R","E","?","T","T"],"character_chosen":"DEFECT","items_purchased":["Defragment","Capacitor+1","Go for the Eyes"],"gold_per_floor":[112,38,38,54,54,54,79,112,112,112,150,169,169,182,182,312,312,330,235,235,150,175,175,506,506,506,553,553],"floor_reached":28,"campfire_rested":1,"playtime":1055,"item_purchase_floors":[2,19,19],"current_hp_per_floor":[66,66,66,66,71,71,71,40,40,40,40,40,40,32,32,9,58,45,45,45,45,36,58,12,36,36,36,0],"items_purged":[],"gold":553,"score":375,"play_id":"edc52d35-adba-4e80-9751-2b726ef4f836","local_time":"20180612101707","is_prod":false,"is_daily":false,"chose_seed":false,"is_ascension_mode":true,"campfire_upgraded":4,"win_rate":0,"timestamp":1528823827,"campfire_choices":[{"data":"Zap","floor":6,"key":"SMITH"},{"data":"Defragment","floor":10,"key":"SMITH"},{"data":"White Noise","floor":13,"key":"SMITH"},{"data":"White Noise","floor":15,"key":"SMITH"},{"floor":23,"key":"REST"}],"path_taken":["M","$","?","M","?","R","?","E","T","R","E","M","R","M","R","BOSS","M","$","?","?","M","R","E","?","T","?","M"],"build_version":"2018-06-11","seed_source_timestamp":174411846081852,"purchased_purges":0,"victory":false,"master_deck":["Strike_B","Strike_B","Strike_B","Strike_B","Defend_B","Defend_B","Defend_B","Defend_B","Zap+1","Dualcast","AscendersBane","White Noise+1","Defragment+1","Scrape","Gash","Heatsinks+1","White Noise+1","Creative AI+1","Redo","Capacitor+1","Go for the Eyes","Conserve Battery"],"max_hp_per_floor":[75,75,69,69,74,74,74,74,74,74,74,74,74,74,74,74,74,74,74,74,74,74,74,74,74,74,74,74],"special_seed":0,"relics":["Cracked Core","Golden Idol","Juzu Bracelet","Orichalcum","Frozen Egg 2","Blue Candle","Nuclear Battery","Potion Belt","Cables","Old Coin","Symbiotic Virus","Bronze Scales"],"card_choices":[{"not_picked":["Redo","Steam Power"],"picked":"White Noise","floor":1},{"not_picked":["Steam","Sweeping Beam"],"picked":"Scrape","floor":4},{"not_picked":["Self Repair","Streamline"],"picked":"Gash","floor":8},{"not_picked":["Beam Cell","Undo"],"picked":"Heatsinks+1","floor":11},{"not_picked":["Compile Driver","Barrage"],"picked":"White Noise","floor":12},{"not_picked":["Turbo","Steam Power","Lockon"],"picked":"SKIP","floor":14},{"not_picked":["Multi-Cast","Electrodynamics+1"],"picked":"Creative AI+1","floor":16},{"not_picked":["Sweeping Beam","Compile Driver"],"picked":"Redo","floor":18},{"not_picked":["Tempest","Rebound+1","Doom and Gloom"],"picked":"SKIP","floor":22},{"not_picked":["Streamline","Loop+1"],"picked":"Conserve Battery","floor":24}],"player_experience":638304,"potions_floor_usage":[11,18,24,28],"damage_taken":[{"damage":2,"enemies":"Jaw Worm","floor":1,"turns":5},{"damage":0,"enemies":"Small Slimes","floor":4,"turns":2},{"damage":31,"enemies":"Gremlin Nob","floor":8,"turns":4},{"damage":15,"enemies":"3 Sentries","floor":11,"turns":6},{"damage":0,"enemies":"Cultist","floor":12,"turns":3},{"damage":8,"enemies":"Blue Slaver","floor":14,"turns":2},{"damage":30,"enemies":"Hexaghost","floor":16,"turns":8},{"damage":13,"enemies":"Chosen","floor":18,"turns":4},{"damage":9,"enemies":"3 Byrds","floor":22,"turns":4},{"damage":46,"enemies":"Book of Stabbing","floor":24,"turns":5},{"damage":41,"enemies":"3 Cultists","floor":28,"turns":5}],"relics_obtained":[{"floor":7,"key":"Juzu Bracelet"},{"floor":8,"key":"Orichalcum"},{"floor":9,"key":"Frozen Egg 2"},{"floor":11,"key":"Blue Candle"},{"floor":20,"key":"Potion Belt"},{"floor":24,"key":"Old Coin"},{"floor":26,"key":"Symbiotic Virus"},{"floor":27,"key":"Bronze Scales"}],"event_choices":[{"event_name":"Golden Idol","player_choice":"Lose Max HP","floor":3,"damage_taken":0},{"event_name":"Big Fish","player_choice":"Donut","floor":5,"damage_taken":0},{"event_name":"Addict","player_choice":"Obtained Relic","floor":21,"damage_taken":0},{"event_name":"The Library","player_choice":"Heal","floor":25,"damage_taken":0}],"boss_relics":[{"not_picked":["Velvet Choker","Runic Pyramid"],"picked":"Nuclear Battery"}],"items_purged_floors":[],"potions_floor_spawned":[8,12,18,24],"seed_played":"-4800947078208581220","killed_by":"3 Cultists","ascension_level":11,"potions_obtained":[{"floor":8,"key":"Regen Potion"},{"floor":12,"key":"PowerPotion"},{"floor":18,"key":"Swift Potion"},{"floor":24,"key":"Strength Potion"}],"is_trial":false}