{"path_per_floor":["M","M","?","M","?","M","E","R","T","R","?","$","M"],"character_chosen":"THE_SILENT","items_purchased":["Flying Knee","Flash of Steel","Footwork"],"gold_per_floor":[115,130,230,241,241,252,286,286,286,286,243,41,54,54],"floor_reached":14,"campfire_rested":1,"playtime":549,"current_hp_per_floor":[59,59,59,55,48,45,1,1,1,20,20,20,19,0],"items_purged":[],"gold":54,"score":153,"play_id":"c0a06546-265f-482b-8635-937c91eb81ba","local_time":"20180407155143","is_prod":false,"is_daily":false,"is_ascension_mode":true,"campfire_upgraded":1,"timestamp":1523130703,"path_taken":["M","M","?","M","?","?","E","R","T","R","?","$","M","M"],"build_version":"2018-04-05v2","purchased_purges":1,"victory":false,"master_deck":["Defend_G","Defend_G","Defend_G","Defend_G","Defend_G","Strike_G","Strike_G","Strike_G","Strike_G","Strike_G","Survivor","Neutralize","AscendersBane","Night Terror","PiercingWail","Caltrops+1","Dodge and Roll","Finisher","Flying Knee","Flash of Steel","Footwork","Predator"],"max_hp_per_floor":[66,66,66,66,66,66,66,66,66,66,66,66,66,66],"relics":["Velvet Choker","Girya","Bottled Tornado","Bag of Preparation"],"card_choices":[{"not_picked":["Eviscerate","Dodge and Roll"],"picked":"Night Terror","floor":1},{"not_picked":["Slice","Setup"],"picked":"PiercingWail","floor":2},{"not_picked":["Flying Knee","Crippling Poison"],"picked":"Caltrops","floor":4},{"not_picked":["Underhanded Strike","Unload"],"picked":"Dodge and Roll","floor":6},{"not_picked":["All Out Attack","Cloak And Dagger"],"picked":"Finisher","floor":7},{"not_picked":["Flying Knee","Eviscerate"],"picked":"Predator","floor":13}],"player_experience":719748,"potions_floor_usage":[6,7],"damage_taken":[{"damage":0,"enemies":"Cultist","floor":1,"turns":5},{"damage":0,"enemies":"2 Louse","floor":2,"turns":4},{"damage":4,"enemies":"Small Slimes","floor":4,"turns":4},{"damage":3,"enemies":"Blue Slaver","floor":6,"turns":5},{"damage":44,"enemies":"3 Sentries","floor":7,"turns":10},{"damage":1,"enemies":"2 Fungi Beasts","floor":13,"turns":4},{"damage":21,"enemies":"Exordium Thugs","floor":14,"turns":3}],"event_choices":[{"event_name":"Golden Shrine","player_choice":"Pray","floor":3,"damage_taken":0},{"event_name":"Scrap Ooze","player_choice":"success","floor":5,"damage_taken":7},{"event_name":"World of Goop","player_choice":"Left","floor":11,"damage_taken":0}],"boss_relics":[],"potions_floor_spawned":[1,2],"seed_played":"-3073345006425345134","killed_by":"Exordium Thugs","ascension_level":14,"is_trial":false}