{"gold_per_floor":[112,126,126,126,226,226,252,252,324,343,354,384,403,478,478,573,573,584,96,115,126,126,126,126,126,195,220,220,220,237,237,237,341,341,351,362,362,41,52,52,84,84,84,84,101,101,1,11,11,11],"floor_reached":51,"playtime":4148,"items_purged":["Strike_R","Strike_R+1"],"score":1012,"play_id":"435e97b5-e00b-415c-af11-6ae867f002a1","local_time":"20180924215337","is_ascension_mode":true,"campfire_choices":[{"data":"Iron Wave","floor":6.0,"key":"SMITH"},{"floor":8.0,"key":"REST"},{"floor":15.0,"key":"REST"},{"floor":23.0,"key":"REST"},{"floor":25.0,"key":"REST"},{"floor":29.0,"key":"REST"},{"data":"True Grit","floor":32.0,"key":"SMITH"},{"data":"Demon Form","floor":40.0,"key":"SMITH"},{"floor":44.0,"key":"REST"},{"floor":49.0,"key":"REST"}],"neow_cost":"NONE","seed_source_timestamp":1560602141338758,"circlet_count":0,"master_deck":["Strike_R+1","Strike_R+1","Defend_R+1","Defend_R+1","Defend_R+1","Defend_R+1","Bash+1","AscendersBane","Iron Wave+1","Pommel Strike+1","Thunderclap+1","Cleave","Hemokinesis","Immolate","Immolate","Headbutt","Reaper","Shockwave","Cleave","True Grit+1","Demon Form+1","Discovery","True Grit","Rage","Clothesline","Iron Wave+1","Metallicize+1","Warcry+1"],"special_seed":0,"relics":["Burning Blood","Peace Pipe","Bottled Lightning","Whetstone","Mark of Pain","Ornamental Fan","Oddly Smooth Stone","MutagenicStrength","Mercury Hourglass","Bag of Marbles","Enchiridion","Lizard Tail","Blood Vial","PreservedInsect"],"potions_floor_usage":[50,50],"damage_taken":[{"damage":1.0,"enemies":"Cultist","floor":1.0,"turns":4.0},{"damage":3.0,"enemies":"2 Louse","floor":2.0,"turns":3.0},{"damage":29.0,"enemies":"Lagavulin","floor":7.0,"turns":8.0},{"damage":0.0,"enemies":"Small Slimes","floor":10.0,"turns":2.0},{"damage":11.0,"enemies":"Looter","floor":11.0,"turns":3.0},{"damage":21.0,"enemies":"Gremlin Nob","floor":12.0,"turns":4.0},{"damage":13.0,"enemies":"Exordium Thugs","floor":13.0,"turns":3.0},{"damage":22.0,"enemies":"Slime Boss","floor":16.0,"turns":8.0},{"damage":20.0,"enemies":"Shell Parasite","floor":18.0,"turns":4.0},{"damage":31.0,"enemies":"3 Byrds","floor":20.0,"turns":3.0},{"damage":33.0,"enemies":"Shelled Parasite and Fungi","floor":21.0,"turns":7.0},{"damage":24.0,"enemies":"Gremlin Leader","floor":27.0,"turns":4.0},{"damage":5.0,"enemies":"Cultist and Chosen","floor":30.0,"turns":3.0},{"damage":75.0,"enemies":"Automaton","floor":33.0,"turns":12.0},{"damage":7.0,"enemies":"3 Shapes","floor":35.0,"turns":3.0},{"damage":1.0,"enemies":"Orb Walker","floor":36.0,"turns":2.0},{"damage":26.0,"enemies":"Spire Growth","floor":39.0,"turns":5.0},{"damage":72.0,"enemies":"2 Orb Walkers","floor":41.0,"turns":4.0},{"damage":46.0,"enemies":"Sphere and 2 Shapes","floor":45.0,"turns":4.0},{"damage":13.0,"enemies":"Reptomancer","floor":48.0,"turns":6.0},{"damage":87,"enemies":"Awakened One","floor":50,"turns":10}],"seed_played":"-6810228802528193568","potions_obtained":[{"floor":7.0,"key":"EntropicBrew"},{"floor":10.0,"key":"SpeedPotion"},{"floor":20.0,"key":"Dexterity Potion"},{"floor":33.0,"key":"Explosive Potion"},{"floor":35.0,"key":"Dexterity Potion"}],"is_trial":false,"path_per_floor":["M","M","?","?","?","R","E","R","T","M","M","E","M","?","R","B",null,"M","$","M","M","?","R","?","R","T","E","?","R","M","?","R","B",null,"M","M","?","$","M","R","E","?","T","R","M","$","$","M","R","B"],"character_chosen":"IRONCLAD","items_purchased":["Reaper","Ornamental Fan","Discovery","True Grit","Strength Potion","Rage","Clothesline"],"campfire_rested":7,"item_purchase_floors":[19,19,38,38,38,38,38],"current_hp_per_floor":[77,80,73,57,57,57,34,58,58,64,59,44,37,26,50,34,69,55,55,36,15,15,39,39,63,63,51,35,59,66,66,66,7,62,79,80,80,80,60,60,14,14,14,38,12,12,12,19,43,44],"gold":11,"neow_bonus":"UPGRADE_CARD","is_prod":false,"is_daily":false,"chose_seed":false,"campfire_upgraded":3,"win_rate":0,"timestamp":1537840417,"path_taken":["M","M","?","?","?","R","E","R","T","M","M","E","M","?","R","BOSS","M","$","M","M","?","R","?","R","T","E","?","R","?","?","R","BOSS","M","M","?","$","M","R","E","?","T","R","?","?","$","M","R","BOSS"],"build_version":"2018-09-20","purchased_purges":2,"victory":true,"max_hp_per_floor":[80,80,80,80,80,80,80,80,80,80,80,80,80,80,80,80,80,80,80,80,80,80,80,80,80,80,80,80,80,80,80,80,80,80,80,80,80,80,80,80,80,80,80,80,80,80,80,80,80,80],"card_choices":[{"not_picked":["Havoc","Dropkick"],"picked":"Iron Wave","floor":1.0},{"not_picked":["Iron Wave","Flex"],"picked":"Pommel Strike","floor":2.0},{"not_picked":["Twin Strike","Sentinel"],"picked":"Thunderclap","floor":7.0},{"not_picked":["Shrug It Off","Feel No Pain"],"picked":"Cleave","floor":10.0},{"not_picked":["Shrug It Off","Sword Boomerang"],"picked":"Hemokinesis","floor":11.0},{"not_picked":["Disarm","Clash"],"picked":"Immolate","floor":12.0},{"not_picked":["Armaments","True Grit","Pommel Strike"],"picked":"SKIP","floor":13.0},{"not_picked":["Offering","Exhume"],"picked":"Immolate","floor":16.0},{"not_picked":["Armaments","Searing Blow"],"picked":"Headbutt","floor":18.0},{"not_picked":["Flex","Combust+1"],"picked":"Shockwave","floor":20.0},{"not_picked":["Reckless Charge+1","Twin Strike","Headbutt+1"],"picked":"SKIP","floor":21.0},{"not_picked":["Thunderclap","Wild Strike"],"picked":"Cleave","floor":27.0},{"not_picked":["Feel No Pain","Exhume"],"picked":"True Grit","floor":30.0},{"not_picked":["Exhume","Barricade"],"picked":"Demon Form","floor":33.0},{"not_picked":["Combust","Seeing Red+1","Clash+1"],"picked":"SKIP","floor":35.0},{"not_picked":["Bloodletting","Cleave","Intimidate"],"picked":"SKIP","floor":36.0},{"not_picked":["Anger","Iron Wave","Havoc"],"picked":"SKIP","floor":39.0},{"not_picked":["Headbutt","Anger"],"picked":"Iron Wave+1","floor":41.0},{"not_picked":["Burning Pact+1","Seeing Red"],"picked":"Metallicize+1","floor":45.0},{"not_picked":["Searing Blow","Evolve"],"picked":"Warcry+1","floor":48.0}],"player_experience":472416,"relics_obtained":[{"floor":7.0,"key":"Peace Pipe"},{"floor":9.0,"key":"Bottled Lightning"},{"floor":12.0,"key":"Whetstone"},{"floor":26.0,"key":"Mercury Hourglass"},{"floor":27.0,"key":"Bag of Marbles"},{"floor":28.0,"key":"Enchiridion"},{"floor":41.0,"key":"Blood Vial"},{"floor":43.0,"key":"PreservedInsect"}],"event_choices":[{"event_name":"Golden Wing","player_choice":"Card Removal","floor":3.0,"damage_taken":0.0},{"event_name":"Shining Light","player_choice":"Entered Light","floor":4.0,"damage_taken":0.0},{"event_name":"Golden Shrine","player_choice":"Pray","floor":5.0,"damage_taken":0.0},{"event_name":"World of Goop","player_choice":"Gather Gold","floor":14.0,"damage_taken":0.0},{"event_name":"The Mausoleum","player_choice":"Yes","floor":22.0,"damage_taken":0.0},{"event_name":"Drug Dealer","player_choice":"Inject Mutagens","floor":24.0,"damage_taken":0.0},{"event_name":"Cursed Tome","player_choice":"Obtained Book","floor":28.0,"damage_taken":0.0},{"event_name":"Back to Basics","player_choice":"Simplicity","floor":31.0,"damage_taken":0.0},{"event_name":"Tomb of Lord Red Mask","player_choice":"Ignored","floor":37.0,"damage_taken":0.0},{"event_name":"Mysterious Sphere","player_choice":"Ignore","floor":42.0,"damage_taken":0.0}],"is_beta":false,"boss_relics":[{"not_picked":["Calling Bell","Black Blood"],"picked":"Mark of Pain"},{"not_picked":["Runic Pyramid","Coffee Dripper"],"picked":"Lizard Tail"}],"items_purged_floors":[19,47],"is_endless":false,"potions_floor_spawned":[7,10,11,20,21,33,35,39,45],"ascension_level":11}