{"gold_per_floor":[112,112,129,143,143,143,177,177,177,187,187,187,216,226,226,331,331,344,249,262,262,361,389,389,389,412,43,54,64,82,95,95,95],"floor_reached":33,"playtime":3700,"items_purged":[],"score":277,"play_id":"be8f9ba0-f24d-4063-bfbb-2fcaf41fa66d","local_time":"20180708111545","is_ascension_mode":false,"campfire_choices":[{"data":"Flame Barrier","floor":6.0,"key":"SMITH"},{"data":"Body Slam","floor":8.0,"key":"SMITH"},{"data":"Armaments","floor":11.0,"key":"SMITH"},{"data":"Flame Barrier","floor":15.0,"key":"SMITH"},{"data":"Madness","floor":24.0,"key":"SMITH"},{"floor":32.0,"key":"REST"}],"neow_cost":"","seed_source_timestamp":0,"circlet_count":0,"master_deck":["Strike_R","Strike_R","Strike_R","Strike_R","Strike_R","Defend_R","Defend_R","Defend_R","Defend_R","Bash","Barricade+1","Body Slam+1","Whirlwind","Flame Barrier+1","Headbutt","Armaments+1","Evolve","Flame Barrier+1","Juggernaut","Anger","Madness+1","Shockwave+1","Writhe","Pommel Strike","Metallicize+1","Infernal Blade","Twin Strike","Disarm+1","Anger","Ghostly Armor"],"special_seed":0,"relics":["Burning Blood","Sundial","Dodecahedron","Vajra","Sozu","Charon\u0027s Ashes","Bronze Scales","Ancient Tea Set","Frozen Egg 2"],"potions_floor_usage":[],"damage_taken":[{"damage":8.0,"enemies":"Jaw Worm","floor":1.0,"turns":4.0},{"damage":8.0,"enemies":"Small Slimes","floor":3.0,"turns":4.0},{"damage":9.0,"enemies":"2 Louse","floor":4.0,"turns":3.0},{"damage":10.0,"enemies":"Gremlin Nob","floor":7.0,"turns":5.0},{"damage":9.0,"enemies":"2 Fungi Beasts","floor":10.0,"turns":4.0},{"damage":5.0,"enemies":"Lagavulin","floor":13.0,"turns":7.0},{"damage":0.0,"enemies":"Red Slaver","floor":14.0,"turns":4.0},{"damage":32.0,"enemies":"Hexaghost","floor":16.0,"turns":11.0},{"damage":0.0,"enemies":"Chosen","floor":18.0,"turns":4.0},{"damage":0.0,"enemies":"Spheric Guardian","floor":20.0,"turns":4.0},{"damage":28.0,"enemies":"Book of Stabbing","floor":23.0,"turns":5.0},{"damage":25.0,"enemies":"3 Cultists","floor":28.0,"turns":5.0},{"damage":21.0,"enemies":"Snake Plant","floor":29.0,"turns":3.0},{"damage":3.0,"enemies":"Centurion and Healer","floor":30.0,"turns":6.0},{"damage":2.0,"enemies":"Cultist and Chosen","floor":31.0,"turns":7.0},{"damage":57,"enemies":"Collector","floor":33,"turns":8}],"seed_played":"3771972064466343577","potions_obtained":[{"floor":1.0,"key":"Strength Potion"},{"floor":4.0,"key":"EssenceOfSteel"},{"floor":13.0,"key":"Regen Potion"},{"floor":14.0,"key":"Fire Potion"}],"is_trial":false,"path_per_floor":["M","?","M","M","?","R","E","R","T","M","R","?","E","M","R","B",null,"M","$","M","?","?","E","R","?","T","$","M","M","M","M","R"],"character_chosen":"IRONCLAD","items_purchased":["Madness","Frozen Egg 2","Metallicize","Infernal Blade"],"campfire_rested":1,"item_purchase_floors":[],"current_hp_per_floor":[78,78,76,73,73,73,69,69,69,66,66,66,67,73,73,62,80,80,80,80,80,80,58,58,58,58,58,39,24,27,31,55,3],"gold":95,"neow_bonus":"","is_prod":false,"is_daily":false,"chose_seed":false,"campfire_upgraded":5,"win_rate":0,"timestamp":1531062945,"path_taken":["M","?","M","M","?","R","E","R","T","M","R","?","E","?","R","BOSS","M","$","M","?","?","E","R","?","T","$","M","M","M","M","R","BOSS"],"build_version":"2018-06-28","purchased_purges":0,"victory":false,"max_hp_per_floor":[80,80,80,80,80,80,80,80,80,80,80,80,80,80,80,80,80,80,80,80,80,80,80,80,80,80,80,80,80,80,80,80,80],"card_choices":[{"not_picked":["Hemokinesis","Carnage"],"picked":"Body Slam","floor":1.0},{"not_picked":["Clothesline","Thunderclap"],"picked":"Whirlwind","floor":3.0},{"not_picked":["Power Through","True Grit"],"picked":"Flame Barrier","floor":4.0},{"not_picked":["Dropkick","Body Slam"],"picked":"Headbutt","floor":7.0},{"not_picked":["Flex","Whirlwind"],"picked":"Armaments","floor":10.0},{"not_picked":["Barricade","Armaments"],"picked":"Evolve","floor":13.0},{"not_picked":["Clothesline","Anger"],"picked":"Flame Barrier","floor":14.0},{"not_picked":["Dark Embrace","Fiend Fire"],"picked":"Juggernaut","floor":16.0},{"not_picked":["Wild Strike+1","Sever Soul"],"picked":"Anger","floor":18.0},{"not_picked":["Anger","Uppercut+1"],"picked":"Shockwave+1","floor":20.0},{"not_picked":["Flame Barrier","Warcry"],"picked":"Pommel Strike","floor":23.0},{"not_picked":["Heavy Blade","Feel No Pain+1"],"picked":"Twin Strike","floor":28.0},{"not_picked":["Headbutt","Armaments"],"picked":"Disarm+1","floor":29.0},{"not_picked":["Pommel Strike","Corruption+1"],"picked":"Anger","floor":30.0},{"not_picked":["Limit Break","Body Slam"],"picked":"Ghostly Armor","floor":31.0}],"player_experience":63973,"relics_obtained":[{"floor":7.0,"key":"Sundial"},{"floor":9.0,"key":"Dodecahedron"},{"floor":13.0,"key":"Vajra"},{"floor":23.0,"key":"Bronze Scales"},{"floor":26.0,"key":"Ancient Tea Set"}],"event_choices":[{"event_name":"Living Wall","player_choice":"Grow","floor":2.0,"damage_taken":0.0},{"event_name":"The Cleric","player_choice":"Leave","floor":5.0,"damage_taken":0.0},{"event_name":"Golden Wing","player_choice":"Ignored","floor":12.0,"damage_taken":0.0},{"event_name":"The Mausoleum","player_choice":"Yes","floor":21.0,"damage_taken":0.0},{"event_name":"Nest","player_choice":"Stole From Cult","floor":22.0,"damage_taken":0.0},{"event_name":"Cursed Tome","player_choice":"Ignored","floor":25.0,"damage_taken":0.0}],"boss_relics":[{"not_picked":["Eternal Feather","Coffee Dripper"],"picked":"Sozu"}],"items_purged_floors":[],"is_endless":false,"potions_floor_spawned":[1,4,13,14,18,23],"killed_by":"Collector","ascension_level":0}