{"gold_per_floor":[115,134,134,146,202,202,222,297,297,23,23,41,41,41,41,41],"floor_reached":16,"playtime":223,"items_purged":[],"score":180,"play_id":"62fbb1b1-33ed-4b73-9c2d-2c9a5a0eed17","local_time":"20190106210845","is_ascension_mode":true,"campfire_choices":[{"data":"Zap","floor":6,"key":"SMITH"},{"data":"Coolheaded","floor":11,"key":"SMITH"},{"data":"Hologram","floor":15,"key":"SMITH"}],"neow_cost":"NONE","seed_source_timestamp":34943408138208,"circlet_count":0,"master_deck":["AscendersBane","Strike_B","Strike_B","Strike_B","Defend_B","Defend_B","Defend_B","Defend_B","Zap+1","Dualcast","Coolheaded+1","Conserve Battery","Conserve Battery","Electrodynamics","Hologram+1"],"relics":["Cracked Core","NeowsBlessing","Tiny Chest","Pantograph"],"potions_floor_usage":[16],"damage_taken":[{"damage":0,"enemies":"Cultist","floor":1,"turns":1},{"damage":0,"enemies":"Jaw Worm","floor":2,"turns":1},{"damage":0,"enemies":"Small Slimes","floor":4,"turns":1},{"damage":10,"enemies":"2 Fungi Beasts","floor":7,"turns":5},{"damage":17,"enemies":"3 Louse","floor":12,"turns":2},{"damage":51,"enemies":"Hexaghost","floor":16,"turns":12}],"seed_played":"4174467955798340492","potions_obtained":[{"floor":1,"key":"LiquidBronze"},{"floor":4,"key":"SmokeBomb"}],"is_trial":false,"path_per_floor":["M","M","?","M","T","R","M","?","T","$","R","M","?","?","R","B"],"character_chosen":"DEFECT","items_purchased":["Pantograph"],"campfire_rested":0,"item_purchase_floors":[10],"current_hp_per_floor":[64,64,64,64,64,64,54,43,43,43,43,26,26,26,26,0],"gold":41,"neow_bonus":"THREE_ENEMY_KILL","is_prod":false,"is_daily":false,"chose_seed":false,"campfire_upgraded":3,"win_rate":0,"timestamp":1546834125,"path_taken":["M","?","?","M","?","R","?","?","T","$","R","M","?","?","R","BOSS"],"build_version":"2019-01-03v4","purchased_purges":0,"victory":false,"max_hp_per_floor":[71,71,71,71,71,71,71,71,71,71,71,71,71,71,71,71],"card_choices":[{"not_picked":["Rebound","Stack"],"picked":"Coolheaded","floor":1},{"not_picked":["Go for the Eyes","Rebound"],"picked":"Conserve Battery","floor":2},{"not_picked":["Beam Cell","Hello World"],"picked":"Conserve Battery","floor":4},{"not_picked":["Hologram","Force Field"],"picked":"Electrodynamics","floor":7},{"not_picked":["Barrage","Hello World"],"picked":"Hologram","floor":12}],"player_experience":1027824,"relics_obtained":[{"floor":5,"key":"Tiny Chest"}],"event_choices":[{"cards_removed":["Strike_B"],"damage_healed":0,"gold_gain":0,"player_choice":"Forget","damage_taken":0,"max_hp_gain":0,"max_hp_loss":0,"event_name":"Living Wall","floor":3,"gold_loss":0},{"damage_healed":0,"gold_gain":75,"player_choice":"Gather Gold","damage_taken":11,"max_hp_gain":0,"max_hp_loss":0,"event_name":"World of Goop","floor":8,"gold_loss":0},{"damage_healed":0,"gold_gain":0,"player_choice":"Ignored","damage_taken":0,"max_hp_gain":0,"max_hp_loss":0,"event_name":"Liars Game","floor":13,"gold_loss":0},{"damage_healed":0,"gold_gain":0,"player_choice":"Leave","damage_taken":0,"max_hp_gain":0,"max_hp_loss":0,"event_name":"The Cleric","floor":14,"gold_loss":0}],"is_beta":true,"boss_relics":[],"items_purged_floors":[],"is_endless":false,"potions_floor_spawned":[1,4,7],"killed_by":"Hexaghost","ascension_level":20}