{"gold_per_floor":[110,130,145,125,145,162,162,190,272,296,314,314,314,346,346,346],"floor_reached":16,"playtime":603,"items_purged":[],"score":202,"play_id":"c9deb76e-f53a-482a-97f3-355baae090f0","local_time":"20190311032720","is_ascension_mode":true,"campfire_choices":[{"data":"Dagger Spray","floor":7,"key":"SMITH"},{"data":"Tools of the Trade","floor":12,"key":"SMITH"},{"data":"Concentrate","floor":15,"key":"SMITH"}],"neow_cost":"NONE","seed_source_timestamp":663827508696155,"circlet_count":0,"master_deck":["AscendersBane","Defend_G","Defend_G","Defend_G","Defend_G","Defend_G","Strike_G","Strike_G","Strike_G","Strike_G+1","Strike_G","Survivor","Neutralize+1","Prepared","Underhanded Strike","Tools of the Trade+1","Dagger Spray+1","Choke","Eviscerate+1","Choke","Concentrate+1"],"relics":["Ring of the Snake","NeowsBlessing","Whetstone","The Courier","Art of War","Tingsha"],"potions_floor_usage":[6,6,8,14],"damage_taken":[{"damage":0,"enemies":"2 Louse","floor":1,"turns":1},{"damage":0,"enemies":"Cultist","floor":2,"turns":1},{"damage":0,"enemies":"Jaw Worm","floor":3,"turns":1},{"damage":1,"enemies":"Large Slime","floor":5,"turns":7},{"damage":4,"enemies":"2 Fungi Beasts","floor":6,"turns":4},{"damage":22,"enemies":"Gremlin Nob","floor":8,"turns":5},{"damage":14,"enemies":"Blue Slaver","floor":11,"turns":3},{"damage":10,"enemies":"3 Sentries","floor":14,"turns":4},{"damage":9,"enemies":"Hexaghost","floor":16,"turns":4}],"seed_played":"-1900585515198837741","potions_obtained":[{"floor":3,"key":"SneckoOil"},{"floor":4,"key":"Ancient Potion"},{"floor":5,"key":"Swift Potion"},{"floor":6,"key":"GhostInAJar"},{"floor":11,"key":"SteroidPotion"}],"is_trial":false,"path_per_floor":["M","M","M","?","M","M","R","E","T","T","M","R","?","E","R","B"],"character_chosen":"THE_SILENT","items_purchased":[],"campfire_rested":0,"item_purchase_floors":[],"current_hp_per_floor":[59,59,59,59,58,54,54,32,32,32,18,18,18,8,8,0],"gold":346,"neow_bonus":"THREE_ENEMY_KILL","is_prod":false,"is_daily":false,"chose_seed":false,"campfire_upgraded":3,"win_rate":0,"timestamp":1552289240,"path_taken":["M","M","M","?","?","M","R","E","T","?","?","R","?","E","R","BOSS"],"build_version":"2019-01-23","purchased_purges":0,"victory":false,"max_hp_per_floor":[66,66,66,66,66,66,66,66,66,66,66,66,66,66,66,66],"card_choices":[{"not_picked":["Underhanded Strike","Sucker Punch"],"picked":"Prepared","floor":1},{"not_picked":["Expertise","Cloak And Dagger"],"picked":"Underhanded Strike","floor":2},{"not_picked":["Distraction","Dodge and Roll"],"picked":"Tools of the Trade","floor":3},{"not_picked":["Distraction","Terror"],"picked":"Dagger Spray","floor":5},{"not_picked":["Reflex","Deadly Poison"],"picked":"Choke","floor":6},{"not_picked":["Deflect","Crippling Poison"],"picked":"Eviscerate","floor":8},{"not_picked":["Dagger Spray","Underhanded Strike"],"picked":"Choke","floor":11},{"not_picked":["Heel Hook","Leg Sweep"],"picked":"Concentrate","floor":14}],"player_experience":1020982,"relics_obtained":[{"floor":8,"key":"Whetstone"},{"floor":9,"key":"The Courier"},{"floor":10,"key":"Art of War"},{"floor":14,"key":"Tingsha"}],"event_choices":[{"damage_healed":0,"gold_gain":0,"player_choice":"Bought 1 Potion","damage_taken":0,"max_hp_gain":0,"max_hp_loss":0,"event_name":"The Woman in Blue","floor":4,"gold_loss":0},{"damage_healed":0,"gold_gain":0,"player_choice":"Grow","damage_taken":0,"max_hp_gain":0,"max_hp_loss":0,"event_name":"Living Wall","floor":13,"gold_loss":0,"cards_upgraded":["Eviscerate"]}],"is_beta":false,"boss_relics":[],"items_purged_floors":[],"is_endless":false,"potions_floor_spawned":[3,5,6,11],"killed_by":"Hexaghost","ascension_level":16}