{"gold_per_floor":[110,110,110,128,148,148,178,178,201,126,9,43,43,58,58,129,179,193,222,240,186,204,204,204],"floor_reached":24,"playtime":859,"items_purged":["Strike_B"],"score":458,"play_id":"99598619-63a1-45c7-bb90-3b08deb4b480","local_time":"20190507122608","is_ascension_mode":true,"campfire_choices":[{"data":"Zap","floor":6,"key":"SMITH"},{"data":"Loop","floor":8,"key":"SMITH"},{"data":"Self Repair","floor":15,"key":"SMITH"},{"data":"Defragment","floor":23,"key":"SMITH"}],"neow_cost":"TEN_PERCENT_HP_LOSS","seed_source_timestamp":533739652176520,"circlet_count":0,"master_deck":["AscendersBane","Strike_B","Defend_B","Defend_B","Defend_B","Defend_B+1","Zap+1","Dualcast","Seek","Loop+1","Cold Snap","Darkness","Ball Lightning","Self Repair+1","Seek","Sunder","Leap","Defragment+1","Hologram","Coolheaded","Fusion"],"relics":["Cracked Core","Strawberry","Boot","Bag of Marbles","Dream Catcher","Tiny House","Red Mask"],"potions_floor_usage":[16,19],"damage_taken":[{"damage":2,"enemies":"Jaw Worm","floor":1,"turns":3},{"damage":0,"enemies":"2 Louse","floor":4,"turns":4},{"damage":0,"enemies":"Cultist","floor":5,"turns":3},{"damage":28,"enemies":"Gremlin Nob","floor":7,"turns":4},{"damage":10,"enemies":"Lagavulin","floor":12,"turns":5},{"damage":8,"enemies":"Exordium Wildlife","floor":14,"turns":5},{"damage":25,"enemies":"Hexaghost","floor":16,"turns":9},{"damage":21,"enemies":"2 Thieves","floor":18,"turns":4},{"damage":0,"enemies":"Masked Bandits","floor":19,"turns":2},{"damage":19,"enemies":"Spheric Guardian","floor":20,"turns":4},{"damage":6,"enemies":"Snecko","floor":22,"turns":6},{"damage":62,"enemies":"Book of Stabbing","floor":24,"turns":5}],"seed_played":"298361391126661981","potions_obtained":[{"floor":5,"key":"Regen Potion"},{"floor":12,"key":"SpeedPotion"},{"floor":16,"key":"AttackPotion"},{"floor":22,"key":"Poison Potion"}],"is_trial":false,"path_per_floor":["M","?","?","M","M","R","E","R","T","?","$","E","?","M","R","B",null,"M","?","M","$","M","R","E"],"character_chosen":"DEFECT","items_purchased":["Self Repair","Coolheaded"],"campfire_rested":0,"item_purchase_floors":[11,21],"current_hp_per_floor":[62,58,58,58,58,58,30,30,30,30,30,27,27,26,26,26,65,54,64,55,55,59,59,0],"gold":204,"neow_bonus":"THREE_RARE_CARDS","is_prod":false,"is_daily":false,"chose_seed":false,"campfire_upgraded":4,"win_rate":0,"timestamp":1557257168,"path_taken":["M","?","?","M","M","R","E","R","T","?","$","E","?","M","R","BOSS","M","?","M","$","M","R","E"],"build_version":"2019-04-23","purchased_purges":1,"victory":false,"max_hp_per_floor":[64,71,71,71,71,71,71,71,71,71,71,71,71,71,71,71,76,76,76,76,76,76,76,76],"card_choices":[{"not_picked":["Meteor Strike","Amplify"],"picked":"Seek","floor":0},{"not_picked":["Redo","Gash"],"picked":"Loop","floor":1},{"not_picked":["Turbo","Hologram"],"picked":"Cold Snap","floor":4},{"not_picked":["Storm","Fusion"],"picked":"Darkness","floor":5},{"not_picked":["Go for the Eyes","Cold Snap"],"picked":"Ball Lightning","floor":7},{"not_picked":["Rainbow","Heatsinks","Darkness"],"picked":"SKIP","floor":12},{"not_picked":["Barrage","Streamline","Auto Shields"],"picked":"SKIP","floor":14},{"not_picked":["Hyperbeam","Rainbow"],"picked":"Seek","floor":16},{"not_picked":["Heatsinks","Auto Shields"],"picked":"Sunder","floor":17},{"not_picked":["Beam Cell","Force Field"],"picked":"Leap","floor":18},{"not_picked":["Compile Driver","Leap"],"picked":"Defragment","floor":19},{"not_picked":["Streamline","Double Energy"],"picked":"Hologram","floor":20},{"not_picked":["Heatsinks","Sweeping Beam"],"picked":"Fusion","floor":22}],"player_experience":1233275,"relics_obtained":[{"floor":7,"key":"Boot"},{"floor":9,"key":"Bag of Marbles"},{"floor":12,"key":"Dream Catcher"},{"floor":19,"key":"Red Mask"}],"event_choices":[{"damage_healed":0,"gold_gain":0,"player_choice":"Success","damage_taken":11,"relics_obtained":["Strawberry"],"max_hp_gain":0,"max_hp_loss":0,"event_name":"Scrap Ooze","floor":2,"gold_loss":0},{"cards_removed":["Strike_B"],"damage_healed":0,"gold_gain":0,"player_choice":"Forget","damage_taken":0,"max_hp_gain":0,"max_hp_loss":0,"event_name":"Living Wall","floor":3,"gold_loss":0},{"cards_removed":["Strike_B"],"damage_healed":0,"gold_gain":0,"player_choice":"Card Removal","damage_taken":0,"max_hp_gain":0,"max_hp_loss":0,"event_name":"The Cleric","floor":10,"gold_loss":75},{"damage_healed":0,"gold_gain":0,"player_choice":"Searched \u00270\u0027 times","damage_taken":0,"max_hp_gain":0,"max_hp_loss":0,"event_name":"Dead Adventurer","floor":13,"gold_loss":0},{"damage_healed":0,"gold_gain":0,"player_choice":"Fought Bandits","damage_taken":0,"max_hp_gain":0,"max_hp_loss":0,"event_name":"Masked Bandits","floor":19,"gold_loss":0}],"is_beta":true,"boss_relics":[{"not_picked":["White Beast Statue","Eternal Feather"],"picked":"Tiny House"}],"items_purged_floors":[11],"is_endless":false,"potions_floor_spawned":[5,12,16,22],"killed_by":"Book of Stabbing","ascension_level":20}