{"path_per_floor":["M","?","?","?","?","E","R","M","T","E","T","T","R","$","R","B",null,"M","M","M","?","?","R","E","R","T","$","R","E","M","?","R","B",null,"M","M","M","?","$","E","R","E","T","R","?","E","M","?","R","B"],"character_chosen":"IRONCLAD","items_purchased":["Vajra"],"gold_per_floor":[17,192,192,142,112,138,138,153,153,186,262,262,262,33,33,128,128,139,151,167,92,92,92,117,117,166,66,66,97,117,117,117,215,215,229,240,259,259,134,168,168,200,223,223,277,310,324,324,324,324],"floor_reached":51,"campfire_rested":2,"playtime":2961,"current_hp_per_floor":[80,80,64,64,64,66,66,63,63,34,34,34,34,34,34,25,90,90,90,79,79,79,79,72,72,72,72,72,68,73,73,73,46,90,86,78,76,76,76,39,81,86,86,86,66,48,56,56,90,77],"items_purged":["Defend_R","Strike_R","Defend_R"],"gold":324,"score":845,"play_id":"dce6a136-8291-4d04-abf7-a4ff21fabf2c","is_prod":false,"is_daily":false,"is_ascension_mode":true,"campfire_upgraded":5,"path_taken":["M","?","?","?","?","E","R","M","T","E","?","?","R","$","R","BOSS","M","M","M","?","?","R","E","R","T","?","R","E","M","?","R","BOSS","M","?","M","?","$","E","R","E","T","R","?","E","M","?","R","BOSS"],"build_version":"2018-02-08-PROD1","purchased_purges":5,"victory":true,"master_deck":["Defend_R+1","Bash+1","Uppercut+1","Limit Break+1","Heavy Blade+1","Demon Form+1","Flame Barrier+1"],"max_hp_per_floor":[80,80,80,80,80,90,90,90,90,90,90,90,90,90,90,90,90,90,90,90,90,90,90,90,90,90,90,90,90,90,90,90,90,90,90,90,90,90,90,90,90,90,90,90,90,90,90,90,90,90],"relics":["Burning Blood","Pear","Girya","Self Forming Clay","Tiny Chest","Champion Belt","Vajra","Sozu","Bag of Marbles","Art of War","Regal Pillow","Lizard Tail","Bag of Preparation","Blood Vial","Orichalcum","Red Skull","Gremlin Horn"],"card_choices":[{"not_picked":["Body Slam","Rage"],"picked":"Uppercut"},{"not_picked":["Immolate","Exhume"],"picked":"Limit Break"},{"not_picked":["Battle Trance","Power Through"],"picked":"Heavy Blade"},{"not_picked":["Exhume","Bludgeon"],"picked":"Demon Form"},{"not_picked":["Clash","Flex"],"picked":"Flame Barrier"}],"player_experience":229291,"potions_floor_usage":[6,8,10,10,16],"damage_taken":[{"damage":1,"enemies":"Cultist","floor":1,"turns":3},{"damage":14,"enemies":"Gremlin Nob","floor":6,"turns":5},{"damage":9,"enemies":"Small Slimes","floor":8,"turns":2},{"damage":50,"enemies":"3 Sentries","floor":10,"turns":10},{"damage":15,"enemies":"The Guardian","floor":16,"turns":10},{"damage":0,"enemies":"Chosen","floor":18,"turns":2},{"damage":5,"enemies":"Shell Parasite","floor":19,"turns":4},{"damage":17,"enemies":"Centurion and Healer","floor":20,"turns":4},{"damage":13,"enemies":"Gremlin Leader","floor":24,"turns":5},{"damage":10,"enemies":"Book of Stabbing","floor":29,"turns":4},{"damage":1,"enemies":"Slaver and Parasite","floor":30,"turns":3},{"damage":33,"enemies":"Collector","floor":33,"turns":4},{"damage":10,"enemies":"3 Shapes","floor":35,"turns":5},{"damage":14,"enemies":"3 Darklings","floor":36,"turns":4},{"damage":8,"enemies":"4 Shapes","floor":37,"turns":6},{"damage":43,"enemies":"2 Orb Walkers","floor":40,"turns":5},{"damage":1,"enemies":"Giant Head","floor":42,"turns":4},{"damage":28,"enemies":"Mysterious Sphere","floor":45,"turns":5},{"damage":26,"enemies":"Nemesis","floor":46,"turns":4},{"damage":0,"enemies":"Sphere and 2 Shapes","floor":47,"turns":4},{"damage":19,"enemies":"Time Eater","floor":50,"turns":4}],"event_choices":[{"event_name":"Liars Game","player_choice":"agreed","floor":2,"damage_taken":0},{"event_name":"Shining Light","player_choice":"Entered Light","floor":3,"damage_taken":0},{"event_name":"The Cleric","player_choice":"Card Removal","floor":4,"damage_taken":0},{"event_name":"The Woman in Blue","player_choice":"Bought 2 Potions","floor":5,"damage_taken":0},{"event_name":"Beggar","player_choice":"Gave Gold","floor":21,"damage_taken":0},{"event_name":"Match and Keep!","player_choice":"0 cards matched","floor":22,"damage_taken":0},{"event_name":"N\u0027loth","player_choice":"Ignored","floor":31,"damage_taken":0},{"event_name":"Mysterious Sphere","player_choice":"Fight","floor":45,"damage_taken":0},{"event_name":"Bonfire Elementals","player_choice":"BASIC","floor":48,"damage_taken":0}],"boss_relics":[{"not_picked":["Black Blood","Mark of Pain"],"picked":"Sozu"},{"not_picked":["Pandora\u0027s Box","Astrolabe"],"picked":"Lizard Tail"}],"potions_floor_spawned":[1,6,10,18,19,29,30,33,35,36,42,46,47],"seed_played":"5318760291685600837","ascension_level":4,"is_trial":false}