{"gold_per_floor":[110,121,121,136,156,156,187,187,187,201,201,211,211,211,211,289,289,301,314,325,325,105,105,119,119,199,199],"floor_reached":27,"playtime":616,"items_purged":["Strike_R"],"score":551,"play_id":"0c0fb6d7-6bc5-47a5-84ed-e20ac477fc7b","local_time":"20190419223101","is_ascension_mode":true,"campfire_choices":[{"data":"Whirlwind","floor":6,"key":"SMITH"},{"data":"Inflame","floor":8,"key":"SMITH"},{"floor":13,"key":"REST"},{"data":"Fiend Fire","floor":15,"key":"SMITH"},{"data":"Armaments","floor":23,"key":"SMITH"},{"floor":25,"key":"REST"}],"neow_cost":"NONE","seed_source_timestamp":805630098294867,"circlet_count":0,"master_deck":["AscendersBane","Strike_R","Strike_R","Defend_R","Defend_R","Defend_R","Defend_R+1","Bash","Seeing Red","Inflame+1","Clothesline","Anger+1","Whirlwind+1","Evolve","Fiend Fire+1","Offering","Feel No Pain","Inflame","Sword Boomerang+1","Armaments+1","Feed","Battle Trance","Doubt"],"special_seed":0,"relics":["Burning Blood","Kunai","Turnip","Self Forming Clay","Cursed Key","Frozen Egg 2"],"potions_floor_usage":[5,5,16,19,20],"damage_taken":[{"damage":6,"enemies":"Cultist","floor":1,"turns":3},{"damage":12,"enemies":"Jaw Worm","floor":2,"turns":3},{"damage":7,"enemies":"Small Slimes","floor":4,"turns":4},{"damage":21,"enemies":"Gremlin Gang","floor":5,"turns":4},{"damage":23,"enemies":"Lagavulin","floor":7,"turns":6},{"damage":9,"enemies":"Blue Slaver","floor":10,"turns":2},{"damage":11,"enemies":"Lots of Slimes","floor":12,"turns":3},{"damage":8,"enemies":"Slime Boss","floor":16,"turns":6},{"damage":6,"enemies":"Spheric Guardian","floor":18,"turns":1},{"damage":16,"enemies":"2 Thieves","floor":19,"turns":4},{"damage":19,"enemies":"3 Cultists","floor":20,"turns":4},{"damage":19,"enemies":"Snake Plant","floor":24,"turns":3},{"damage":54,"enemies":"Slavers","floor":27,"turns":5}],"seed_played":"-3013718495882352908","potions_obtained":[{"floor":1,"key":"FearPotion"},{"floor":2,"key":"Regen Potion"},{"floor":14,"key":"EssenceOfSteel"},{"floor":14,"key":"FearPotion"},{"floor":16,"key":"Block Potion"}],"is_trial":false,"path_per_floor":["M","M","T","M","M","R","E","R","T","M","?","M","R","?","R","B",null,"M","M","M","?","$","R","M","R","T","E"],"character_chosen":"IRONCLAD","items_purchased":["Feed"],"campfire_rested":2,"item_purchase_floors":[22],"current_hp_per_floor":[68,62,62,61,58,58,41,41,41,38,15,10,32,32,32,30,64,64,54,41,41,41,41,28,50,50,0],"gold":199,"neow_bonus":"TRANSFORM_CARD","is_prod":false,"is_daily":false,"chose_seed":false,"campfire_upgraded":4,"win_rate":0,"timestamp":1555727461,"path_taken":["M","M","?","M","M","R","E","R","T","M","?","M","R","?","R","BOSS","M","?","M","?","$","R","?","R","T","E"],"build_version":"2019-04-04","purchased_purges":1,"victory":false,"max_hp_per_floor":[75,75,75,75,75,75,75,75,75,75,75,75,75,75,75,75,75,75,75,75,75,75,75,75,75,75,75],"card_choices":[{"not_picked":["Rupture","Rage"],"picked":"Inflame","floor":1},{"not_picked":["Clash","Iron Wave"],"picked":"Clothesline","floor":2},{"not_picked":["Clothesline","Carnage"],"picked":"Anger","floor":4},{"not_picked":["True Grit","Clothesline"],"picked":"Whirlwind","floor":5},{"not_picked":["Blood for Blood","Perfected Strike"],"picked":"Evolve","floor":7},{"not_picked":["Anger","Perfected Strike","Havoc"],"picked":"SKIP","floor":10},{"not_picked":["Body Slam","Infernal Blade"],"picked":"Fiend Fire","floor":12},{"not_picked":["Limit Break","Brutality"],"picked":"Offering","floor":16},{"not_picked":["Sever Soul","Thunderclap"],"picked":"Feel No Pain","floor":18},{"not_picked":["Clash","Rampage+1"],"picked":"Inflame","floor":19},{"not_picked":["Clothesline","Feel No Pain"],"picked":"Sword Boomerang+1","floor":20},{"not_picked":["Uppercut","Flex+1"],"picked":"Battle Trance","floor":24}],"player_experience":2428480,"relics_obtained":[{"floor":3,"key":"Kunai"},{"floor":7,"key":"Turnip"},{"floor":9,"key":"Self Forming Clay"},{"floor":26,"key":"Frozen Egg 2"}],"event_choices":[{"damage_healed":0,"gold_gain":0,"player_choice":"Entered Light","damage_taken":23,"max_hp_gain":0,"max_hp_loss":0,"event_name":"Shining Light","floor":11,"gold_loss":0,"cards_upgraded":["Anger","Defend_R"]},{"damage_healed":0,"gold_gain":0,"player_choice":"Got Potions","damage_taken":0,"max_hp_gain":0,"max_hp_loss":0,"event_name":"Lab","floor":14,"gold_loss":0},{"damage_healed":0,"gold_gain":0,"cards_transformed":["Strike_R"],"player_choice":"Transformed","damage_taken":0,"max_hp_gain":0,"max_hp_loss":0,"event_name":"Transmorgrifier","floor":21,"gold_loss":0,"cards_obtained":["Armaments"]}],"is_beta":true,"boss_relics":[{"not_picked":["Lizard Tail","Empty Cage"],"picked":"Cursed Key"}],"items_purged_floors":[22],"is_endless":false,"potions_floor_spawned":[1,2,16],"killed_by":"Slavers","ascension_level":15}