{"gold_per_floor":[114,114,131,145,110,144,144,172,172,172,184,184,198,209,209,284,284,300,319,344,357,657,657,691,691,718,732,732,745,745,760,760,839,839,850,898,918,918,918,947,947,927,954,954,965,975,991,1004,1004,1004,1004],"floor_reached":51,"playtime":3944,"items_purged":[],"score":1422,"play_id":"2a797602-b0f4-43e5-a274-901557c83d97","local_time":"20190501073117","is_ascension_mode":true,"campfire_choices":[{"data":"Bash","floor":7.0,"key":"SMITH"},{"data":"Wild Strike","floor":10.0,"key":"SMITH"},{"data":"Feed","floor":12.0,"key":"SMITH"},{"data":"Flame Barrier","floor":15.0,"key":"SMITH"},{"floor":23.0,"key":"REST"},{"floor":25.0,"key":"REST"},{"data":"Juggernaut","floor":30.0,"key":"SMITH"},{"floor":32.0,"key":"DIG"},{"floor":41.0,"key":"REST"},{"floor":44.0,"key":"RECALL"},{"floor":49,"key":"REST"}],"neow_cost":"PERCENT_DAMAGE","seed_source_timestamp":736166226522959,"circlet_count":0,"master_deck":["AscendersBane","Strike_R","Strike_R","Strike_R","Strike_R","Strike_R","Defend_R","Defend_R","Defend_R","Defend_R","Bash+1","Feed+1","Wild Strike+1","Clothesline","Flame Barrier+1","Whirlwind+1","Carnage+1","Feel No Pain","Shrug It Off","Body Slam+1","Exhume","Shrug It Off","Spot Weakness","Feel No Pain","Disarm","Shrug It Off","Juggernaut+1","Feed+1","Flame Barrier","Warcry+1","Limit Break","Disarm","Limit Break","Feel No Pain","Shockwave","Spot Weakness","Secret Weapon","Sword Boomerang+1","Havoc+1","Havoc+1","Parasite","Shockwave"],"special_seed":0,"relics":["Black Blood","Mercury Hourglass","Shovel","Prayer Wheel","Molten Egg 2","Sozu","Red Mask","Old Coin","Lantern","Omamori","Pantograph","Bird Faced Urn","Girya","Darkstone Periapt"],"potions_floor_usage":[],"damage_taken":[{"damage":5.0,"enemies":"Small Slimes","floor":1.0,"turns":5.0},{"damage":4.0,"enemies":"Jaw Worm","floor":3.0,"turns":4.0},{"damage":2.0,"enemies":"2 Louse","floor":4.0,"turns":3.0},{"damage":24.0,"enemies":"Gremlin Nob","floor":6.0,"turns":4.0},{"damage":30.0,"enemies":"3 Sentries","floor":8.0,"turns":7.0},{"damage":14.0,"enemies":"Exordium Thugs","floor":11.0,"turns":2.0},{"damage":8.0,"enemies":"Blue Slaver","floor":13.0,"turns":2.0},{"damage":7.0,"enemies":"Looter","floor":14.0,"turns":5.0},{"damage":41.0,"enemies":"The Guardian","floor":16.0,"turns":15.0},{"damage":24.0,"enemies":"Shell Parasite","floor":18.0,"turns":7.0},{"damage":16.0,"enemies":"Chosen","floor":19.0,"turns":4.0},{"damage":14.0,"enemies":"Masked Bandits","floor":20.0,"turns":3.0},{"damage":20.0,"enemies":"Snake Plant","floor":21.0,"turns":3.0},{"damage":31.0,"enemies":"Slavers","floor":24.0,"turns":6.0},{"damage":11.0,"enemies":"Cultist and Chosen","floor":27.0,"turns":5.0},{"damage":26.0,"enemies":"Shelled Parasite and Fungi","floor":29.0,"turns":7.0},{"damage":0.0,"enemies":"Snecko","floor":31.0,"turns":3.0},{"damage":75.0,"enemies":"Automaton","floor":33.0,"turns":11.0},{"damage":22.0,"enemies":"Orb Walker","floor":35.0,"turns":4.0},{"damage":65.0,"enemies":"2 Orb Walkers","floor":36.0,"turns":6.0},{"damage":17.0,"enemies":"3 Shapes","floor":37.0,"turns":5.0},{"damage":77.0,"enemies":"Nemesis","floor":40.0,"turns":11.0},{"damage":38.0,"enemies":"Maw","floor":45.0,"turns":8.0},{"damage":33.0,"enemies":"Jaw Worm Horde","floor":46.0,"turns":6.0},{"damage":28.0,"enemies":"3 Darklings","floor":47.0,"turns":9.0},{"damage":5,"enemies":"Writhing Mass","floor":48,"turns":9},{"damage":97,"enemies":"Donu and Deca","floor":50,"turns":9},{"damage":65,"enemies":"Awakened One","floor":51,"turns":3}],"seed_played":"4391962057859675300","potions_obtained":[{"floor":1.0,"key":"Fire Potion"},{"floor":3.0,"key":"Strength Potion"},{"floor":14.0,"key":"Regen Potion"},{"floor":16.0,"key":"FearPotion"}],"is_trial":false,"path_per_floor":["M","?","M","M","?","E","R","E","T","R","M","R","M","M","R","B",null,"M","M","?","M","T","R","E","R","T","M","?","M","R","M","R","B",null,"M","?","M","?","?","E","R","?","T","R","M","M","M","M","R","B","B"],"character_chosen":"IRONCLAD","items_purchased":[],"campfire_rested":4,"item_purchase_floors":[],"current_hp_per_floor":[54,43,48,55,76,58,58,37,37,37,32,32,30,33,33,13,74,60,50,50,36,36,67,46,79,79,82,82,70,70,76,76,38,104,96,51,56,56,83,24,64,64,64,64,44,35,23,40,84,28,0],"gold":1004,"neow_bonus":"THREE_RARE_CARDS","is_prod":false,"is_daily":false,"chose_seed":false,"campfire_upgraded":5,"win_rate":0,"timestamp":1556710277,"path_taken":["M","?","M","M","?","E","R","E","T","R","M","R","M","M","R","BOSS","M","M","?","M","?","R","E","R","T","M","?","M","R","M","R","BOSS","M","?","M","?","?","E","R","?","T","R","?","M","?","M","R","BOSS","BOSS"],"build_version":"2019-01-23","purchased_purges":0,"victory":false,"max_hp_per_floor":[78,78,81,84,84,84,84,87,87,87,90,90,90,94,94,94,94,98,98,106,106,106,106,110,110,110,118,118,126,126,126,126,126,126,126,130,134,134,134,134,134,134,134,134,134,142,142,148,148,148,152],"card_choices":[{"not_picked":["Offering","Fiend Fire"],"picked":"Feed","floor":0.0},{"not_picked":["Rupture","Heavy Blade","Rage"],"picked":"SKIP","floor":1.0},{"not_picked":["Thunderclap","Cleave"],"picked":"Wild Strike","floor":3.0},{"not_picked":["Headbutt","Rage"],"picked":"Clothesline","floor":4.0},{"not_picked":["Seeing Red","Armaments","Clash"],"picked":"SKIP","floor":6.0},{"not_picked":["Havoc","Armaments","Thunderclap"],"picked":"SKIP","floor":8.0},{"not_picked":["Havoc","Twin Strike+1"],"picked":"Flame Barrier","floor":11.0},{"not_picked":["Seeing Red","Clothesline+1"],"picked":"Whirlwind+1","floor":11.0},{"not_picked":["Power Through","Warcry"],"picked":"Carnage+1","floor":13.0},{"not_picked":["Impervious","Shrug It Off"],"picked":"Feel No Pain","floor":13.0},{"not_picked":["Clash+1","Iron Wave+1"],"picked":"Shrug It Off","floor":14.0},{"not_picked":["Sword Boomerang+1","Rage"],"picked":"Body Slam+1","floor":14.0},{"not_picked":["Brutality","Impervious"],"picked":"Exhume","floor":16.0},{"not_picked":["Iron Wave+1","Intimidate+1","Clothesline+1"],"picked":"SKIP","floor":18.0},{"not_picked":["Clash+1","Body Slam+1","Flex+1"],"picked":"SKIP","floor":18.0},{"not_picked":["Iron Wave+1","Rupture"],"picked":"Shrug It Off","floor":19.0},{"not_picked":["Sword Boomerang+1","Cleave+1"],"picked":"Spot Weakness","floor":19.0},{"not_picked":["Thunderclap+1","Dual Wield"],"picked":"Feel No Pain","floor":20.0},{"not_picked":["Infernal Blade","Shrug It Off"],"picked":"Disarm","floor":21.0},{"not_picked":["Clash+1","Sentinel"],"picked":"Shrug It Off","floor":21.0},{"not_picked":["Headbutt+1","Iron Wave+1"],"picked":"Juggernaut","floor":24.0},{"not_picked":["Body Slam+1","Shrug It Off"],"picked":"Feed+1","floor":27.0},{"not_picked":["Flex","Burning Pact"],"picked":"Flame Barrier","floor":27.0},{"not_picked":["Pommel Strike+1","Iron Wave+1"],"picked":"Warcry+1","floor":29.0},{"not_picked":["Warcry","Clothesline+1","True Grit"],"picked":"SKIP","floor":29.0},{"not_picked":["Shrug It Off","True Grit"],"picked":"Limit Break","floor":31.0},{"not_picked":["Cleave+1","Evolve"],"picked":"Disarm","floor":31.0},{"not_picked":["Berserk","Juggernaut"],"picked":"Limit Break","floor":33.0},{"not_picked":["Twin Strike+1","Second Wind+1"],"picked":"Feel No Pain","floor":35.0},{"not_picked":["Shrug It Off","Havoc+1"],"picked":"Shockwave","floor":35.0},{"not_picked":["Carnage+1","True Grit"],"picked":"Spot Weakness","floor":37.0},{"not_picked":["Whirlwind+1","Clash+1","Fire Breathing"],"picked":"SKIP","floor":37.0},{"not_picked":["Mind Blast+1","Good Instincts"],"picked":"Secret Weapon","floor":38.0},{"not_picked":["Twin Strike+1","Body Slam+1","Dual Wield"],"picked":"SKIP","floor":40.0},{"not_picked":["Second Wind","Sentinel","Pommel Strike+1"],"picked":"SKIP","floor":45.0},{"not_picked":["Headbutt+1","Inflame","Infernal Blade"],"picked":"SKIP","floor":45.0},{"not_picked":["Iron Wave+1","Twin Strike+1"],"picked":"Sword Boomerang+1","floor":46.0},{"not_picked":["Clothesline+1","Wild Strike+1","Immolate+1"],"picked":"SKIP","floor":46.0},{"not_picked":["Thunderclap+1","Warcry"],"picked":"Havoc+1","floor":47.0},{"not_picked":["Intimidate","Clash+1"],"picked":"Havoc+1","floor":47.0},{"not_picked":["Perfected Strike+1","Warcry"],"picked":"Shockwave","floor":48},{"not_picked":["Intimidate","Clothesline+1","Cleave+1"],"picked":"SKIP","floor":48}],"player_experience":2190792,"relics_obtained":[{"floor":6.0,"key":"Shovel"},{"floor":8.0,"key":"Prayer Wheel"},{"floor":9.0,"key":"Molten Egg 2"},{"floor":20.0,"key":"Red Mask"},{"floor":22.0,"key":"Old Coin"},{"floor":24.0,"key":"Lantern"},{"floor":26.0,"key":"Omamori"},{"floor":32.0,"key":"Bird Faced Urn"},{"floor":36.0,"key":"Girya"},{"floor":40.0,"key":"Darkstone Periapt"}],"event_choices":[{"damage_healed":0.0,"max_hp_gain":0.0,"max_hp_loss":0.0,"gold_gain":0.0,"event_name":"Scrap Ooze","player_choice":"Success","floor":2.0,"gold_loss":0.0,"damage_taken":11.0,"relics_obtained":["Mercury Hourglass"]},{"damage_healed":21.0,"max_hp_gain":0.0,"max_hp_loss":0.0,"gold_gain":0.0,"event_name":"The Cleric","player_choice":"Healed","floor":5.0,"gold_loss":35.0,"damage_taken":0.0},{"damage_healed":0.0,"max_hp_gain":0.0,"max_hp_loss":0.0,"gold_gain":0.0,"event_name":"Masked Bandits","player_choice":"Fought Bandits","floor":20.0,"gold_loss":0.0,"damage_taken":0.0},{"damage_healed":0.0,"max_hp_gain":0.0,"max_hp_loss":0.0,"gold_gain":0.0,"event_name":"Addict","player_choice":"Stole Relic","floor":28.0,"gold_loss":0.0,"damage_taken":0.0,"relics_obtained":["Pantograph"],"cards_obtained":["Shame"]},{"damage_healed":0.0,"max_hp_gain":0.0,"max_hp_loss":0.0,"gold_gain":0.0,"event_name":"Mysterious Sphere","player_choice":"Fight","floor":36.0,"gold_loss":0.0,"damage_taken":0.0},{"damage_healed":0.0,"max_hp_gain":0.0,"max_hp_loss":0.0,"gold_gain":0.0,"event_name":"SensoryStone","player_choice":"Memory 1","floor":38.0,"gold_loss":0.0,"damage_taken":0.0},{"damage_healed":27.0,"max_hp_gain":0.0,"max_hp_loss":0.0,"gold_gain":0.0,"event_name":"Winding Halls","player_choice":"Writhe","floor":39.0,"gold_loss":0.0,"damage_taken":0.0,"cards_obtained":["Writhe"]},{"damage_healed":0.0,"max_hp_gain":0.0,"max_hp_loss":0.0,"gold_gain":0.0,"event_name":"The Woman in Blue","player_choice":"Bought 1 Potion","floor":42.0,"gold_loss":0.0,"damage_taken":0.0}],"is_beta":false,"boss_relics":[{"not_picked":["Orrery","Runic Cube"],"picked":"Sozu"},{"not_picked":["Snecko Eye","Philosopher\u0027s Stone"],"picked":"Black Blood"}],"items_purged_floors":[],"is_endless":false,"potions_floor_spawned":[1,3,14,16,19,20,21,36,37,45,47,48],"killed_by":"Awakened One","ascension_level":20}