{"gold_per_floor":[113,131,131,141,153,153,185,185,212,0,0,17,49,211,223,309,321,350,362,392,329,341,353,400,425,490,521,564,595,625,687,699,711],"floor_reached":33,"playtime":1912,"items_purged":["Strike_G"],"score":628,"play_id":"b0993b7e-67aa-47b6-a8d0-9f14fc2f7b56","local_time":"20190323013726","is_ascension_mode":true,"campfire_choices":[{"data":"Neutralize","floor":6,"key":"SMITH"},{"floor":8,"key":"REST"},{"data":"Dagger Spray","floor":11,"key":"SMITH"},{"data":"Footwork","floor":15,"key":"SMITH"},{"data":"Adrenaline","floor":23,"key":"SMITH"},{"data":"Wraith Form v2","floor":32,"key":"SMITH"}],"neow_cost":"NONE","seed_source_timestamp":517230408954252,"circlet_count":0,"master_deck":["AscendersBane","Defend_G+1","Defend_G+1","Defend_G+1","Defend_G+1","Defend_G+1","Strike_G+1","Strike_G+1","Strike_G+1","Strike_G+1","Survivor","Neutralize+1","Dagger Spray+1","Noxious Fumes","Noxious Fumes","Footwork","Corpse Explosion","Footwork+1","Dagger Spray+1","Dodge and Roll","Crippling Poison","Adrenaline+1","Leg Sweep","PiercingWail","Prepared+1","Wraith Form v2+1","Dodge and Roll","PiercingWail","Caltrops"],"relics":["Ring of the Snake","Bag of Preparation","Happy Flower","Strawberry","MawBank","Coffee Dripper","Question Card","Shovel","Omamori"],"potions_floor_usage":[13,13,24,28,30],"damage_taken":[{"damage":1,"enemies":"Small Slimes","floor":1,"turns":4},{"damage":1,"enemies":"2 Louse","floor":2,"turns":2},{"damage":7,"enemies":"Jaw Worm","floor":4,"turns":4},{"damage":15,"enemies":"Red Slaver","floor":5,"turns":4},{"damage":22,"enemies":"3 Sentries","floor":7,"turns":6},{"damage":0,"enemies":"3 Louse","floor":12,"turns":2},{"damage":0,"enemies":"Lagavulin","floor":13,"turns":7},{"damage":22,"enemies":"The Guardian","floor":16,"turns":9},{"damage":12,"enemies":"Shell Parasite","floor":18,"turns":6},{"damage":7,"enemies":"Chosen","floor":20,"turns":5},{"damage":11,"enemies":"Slavers","floor":24,"turns":5},{"damage":12,"enemies":"Shelled Parasite and Fungi","floor":25,"turns":6},{"damage":0,"enemies":"Sentry and Sphere","floor":27,"turns":5},{"damage":2,"enemies":"Book of Stabbing","floor":28,"turns":9},{"damage":12,"enemies":"Chosen and Byrds","floor":29,"turns":6},{"damage":0,"enemies":"3 Cultists","floor":30,"turns":3},{"damage":10,"enemies":"Automaton","floor":33,"turns":10}],"seed_played":"-2325098427575886569","potions_obtained":[{"floor":4,"key":"EssenceOfSteel"},{"floor":7,"key":"Dexterity Potion"},{"floor":18,"key":"Block Potion"},{"floor":25,"key":"SpeedPotion"},{"floor":28,"key":"Strength Potion"}],"is_trial":false,"path_per_floor":["M","M","?","M","M","R","E","R","T","$","R","M","E","?","R","B",null,"M","?","M","?","T","R","E","M","T","M","E","M","M","?","R","B"],"character_chosen":"THE_SILENT","items_purchased":["Footwork","Dagger Spray"],"campfire_rested":1,"item_purchase_floors":[10,10],"current_hp_per_floor":[58,57,57,50,35,35,13,32,39,39,39,39,39,39,39,17,59,47,47,40,40,40,40,29,17,17,17,15,3,3,3,3,0],"gold":711,"neow_bonus":"RANDOM_COMMON_RELIC","is_prod":false,"is_daily":false,"chose_seed":false,"campfire_upgraded":5,"win_rate":0,"timestamp":1553319446,"path_taken":["M","M","?","M","M","R","E","R","T","$","R","M","E","?","R","BOSS","M","?","M","?","?","R","E","M","T","?","E","M","M","?","R","BOSS"],"build_version":"2019-01-23","purchased_purges":1,"victory":false,"max_hp_per_floor":[66,66,66,66,66,66,66,66,73,73,73,73,73,73,73,73,73,73,73,73,73,73,73,73,73,73,73,73,73,73,73,73,73],"card_choices":[{"not_picked":["Blade Dance","Dagger Throw"],"picked":"Dagger Spray","floor":1},{"not_picked":["Bane","Acrobatics"],"picked":"Noxious Fumes","floor":2},{"not_picked":["Cloak And Dagger","Dagger Spray"],"picked":"Noxious Fumes","floor":4},{"not_picked":["Bane","Flying Knee"],"picked":"Footwork","floor":5},{"not_picked":["Acrobatics","Bane"],"picked":"Corpse Explosion","floor":7},{"not_picked":["Slice","Outmaneuver"],"picked":"Dodge and Roll","floor":12},{"not_picked":["Dagger Throw","Dodge and Roll"],"picked":"Crippling Poison","floor":13},{"not_picked":["Bullet Time","Glass Knife"],"picked":"Adrenaline","floor":16},{"not_picked":["Reflex","Bouncing Flask"],"picked":"Leg Sweep","floor":18},{"not_picked":["Dagger Throw","Quick Slash"],"picked":"PiercingWail","floor":20},{"not_picked":["Sucker Punch","Cloak And Dagger","Flying Knee"],"picked":"Prepared+1","floor":24},{"not_picked":["Sucker Punch","Underhanded Strike","Flying Knee"],"picked":"Wraith Form v2","floor":25},{"not_picked":["Slice","Terror","Masterful Stab"],"picked":"Dodge and Roll","floor":27},{"not_picked":["Bane","Masterful Stab","Tactician"],"picked":"PiercingWail","floor":28},{"not_picked":["Outmaneuver","Poisoned Stab","Cloak And Dagger"],"picked":"Caltrops","floor":29},{"not_picked":["Accuracy","Deadly Poison","Concentrate","Dagger Spray"],"picked":"SKIP","floor":30}],"player_experience":1358771,"relics_obtained":[{"floor":7,"key":"Happy Flower"},{"floor":9,"key":"Strawberry"},{"floor":13,"key":"MawBank"},{"floor":22,"key":"Question Card"},{"floor":24,"key":"Shovel"},{"floor":28,"key":"Omamori"}],"event_choices":[{"damage_healed":0,"gold_gain":0,"player_choice":"Grow","damage_taken":0,"max_hp_gain":0,"max_hp_loss":0,"event_name":"Living Wall","floor":3,"gold_loss":0,"cards_upgraded":["Dagger Spray"]},{"damage_healed":0,"gold_gain":150,"player_choice":"AGREE","damage_taken":0,"max_hp_gain":0,"max_hp_loss":0,"event_name":"Liars Game","floor":14,"gold_loss":0,"cards_obtained":["Doubt"]},{"damage_healed":0,"gold_gain":0,"player_choice":"Simplicity","damage_taken":0,"max_hp_gain":0,"max_hp_loss":0,"event_name":"Back to Basics","floor":19,"gold_loss":0,"cards_upgraded":["Defend_G","Defend_G","Defend_G","Defend_G","Defend_G","Strike_G","Strike_G","Strike_G","Strike_G"]},{"cards_removed":["Doubt"],"damage_healed":0,"gold_gain":0,"player_choice":"Gave Gold","damage_taken":0,"max_hp_gain":0,"max_hp_loss":0,"event_name":"Beggar","floor":21,"gold_loss":75},{"damage_healed":0,"gold_gain":50,"player_choice":"Stole From Cult","damage_taken":0,"max_hp_gain":0,"max_hp_loss":0,"event_name":"Nest","floor":31,"gold_loss":0}],"is_beta":false,"boss_relics":[{"not_picked":["Fusion Hammer","Orrery"],"picked":"Coffee Dripper"}],"items_purged_floors":[10],"is_endless":false,"potions_floor_spawned":[4,7,18,25,28],"killed_by":"Automaton","ascension_level":19}