{"gold_per_floor":[113,8,23,23,173,173,191,191,217,217,229,248,263,33,33,33],"floor_reached":16,"playtime":716,"items_purged":["Doubt"],"score":184,"play_id":"7f7544ea-98b0-44ff-a4f5-4f6008609988","local_time":"20190426033009","is_ascension_mode":true,"campfire_choices":[{"data":"Neutralize","floor":6,"key":"SMITH"},{"data":"Infinite Blades","floor":8,"key":"SMITH"},{"data":"Well Laid Plans","floor":15,"key":"SMITH"}],"neow_cost":"NONE","seed_source_timestamp":293257967795280,"circlet_count":0,"master_deck":["AscendersBane","Defend_G","Defend_G","Defend_G","Defend_G","Defend_G","Strike_G","Strike_G+1","Strike_G","Strike_G","Strike_G","Survivor","Neutralize+1","Dodge and Roll","Dagger Throw+1","Quick Slash","Infinite Blades+1","Dagger Spray","Predator","PiercingWail","Well Laid Plans+1","Backflip","Deflect"],"relics":["Ring of the Snake","Anchor"],"potions_floor_usage":[11,16,16],"damage_taken":[{"damage":3,"enemies":"Cultist","floor":1,"turns":5},{"damage":1,"enemies":"Small Slimes","floor":3,"turns":4},{"damage":5,"enemies":"Jaw Worm","floor":7,"turns":6},{"damage":13,"enemies":"Gremlin Gang","floor":11,"turns":5},{"damage":2,"enemies":"Large Slime","floor":12,"turns":5},{"damage":4,"enemies":"Looter","floor":13,"turns":3},{"damage":20,"enemies":"The Guardian","floor":16,"turns":8}],"seed_played":"-3487232792351894684","potions_obtained":[{"floor":3,"key":"Swift Potion"},{"floor":12,"key":"SkillPotion"}],"is_trial":false,"path_per_floor":["M","$","M","?","?","R","M","R","T","?","M","M","M","$","R","B"],"character_chosen":"THE_SILENT","items_purchased":["PowerPotion","Dagger Throw","Well Laid Plans","Backflip","Deflect"],"campfire_rested":0,"item_purchase_floors":[2,2,14,14,14],"current_hp_per_floor":[62,62,61,61,61,61,56,56,56,34,21,19,15,15,15,0],"gold":33,"neow_bonus":"TEN_PERCENT_HP_BONUS","is_prod":false,"is_daily":false,"chose_seed":false,"campfire_upgraded":3,"win_rate":0,"timestamp":1556263809,"path_taken":["M","$","M","?","?","R","M","R","T","?","?","M","M","$","R","BOSS"],"build_version":"2019-01-23","purchased_purges":1,"victory":false,"max_hp_per_floor":[72,72,72,72,72,72,72,72,72,72,72,72,72,72,72,72],"card_choices":[{"not_picked":["Flying Knee","Outmaneuver"],"picked":"Dodge and Roll","floor":1},{"not_picked":["Bane","Underhanded Strike"],"picked":"Quick Slash","floor":3},{"not_picked":["Eviscerate","Concentrate"],"picked":"Infinite Blades","floor":7},{"not_picked":["Dodge and Roll","Leg Sweep"],"picked":"Dagger Spray","floor":11},{"not_picked":["Flying Knee","Blade Dance"],"picked":"Predator","floor":12},{"not_picked":["Reflex","Escape Plan"],"picked":"PiercingWail","floor":13}],"player_experience":1942198,"relics_obtained":[{"floor":9,"key":"Anchor"}],"event_choices":[{"damage_healed":0,"gold_gain":0,"player_choice":"Leave","damage_taken":0,"max_hp_gain":0,"max_hp_loss":0,"event_name":"The Cleric","floor":4,"gold_loss":0},{"damage_healed":0,"gold_gain":150,"player_choice":"AGREE","damage_taken":0,"max_hp_gain":0,"max_hp_loss":0,"event_name":"Liars Game","floor":5,"gold_loss":0,"cards_obtained":["Doubt"]},{"damage_healed":0,"gold_gain":0,"player_choice":"Entered Light","damage_taken":22,"max_hp_gain":0,"max_hp_loss":0,"event_name":"Shining Light","floor":10,"gold_loss":0,"cards_upgraded":["Dagger Throw","Strike_G"]}],"is_beta":false,"boss_relics":[],"items_purged_floors":[14],"is_endless":false,"potions_floor_spawned":[3,12,13],"killed_by":"The Guardian","ascension_level":20}