{"gold_per_floor":[362,175,192,205,224,224,224,224,273,286,321,321,354,366,378,526,538,538,538,538,538,538,538,538,538],"floor_reached":25,"playtime":1428,"items_purged":[],"score":243,"play_id":"c543ed29-d1a8-41bc-84bb-e025c7e3f807","local_time":"20181115185311","is_ascension_mode":true,"campfire_choices":[{"floor":6.0,"key":"REST"},{"data":"Combust","floor":8.0,"key":"SMITH"},{"floor":12.0,"key":"REST"},{"floor":15.0,"key":"REST"},{"floor":23,"key":"REST"}],"neow_cost":"PERCENT_DAMAGE","seed_source_timestamp":0,"circlet_count":0,"master_deck":["Strike_R+1","Strike_R+1","Strike_R+1","Strike_R+1","Strike_R+1","Defend_R+1","Defend_R+1","Defend_R+1","Defend_R+1","Bash","Cleave","Combust+1","Flex","Rupture","Pommel Strike","Cleave","Combust","Shrug It Off","Limit Break","Flex","Body Slam+1","Armaments","Rampage"],"special_seed":0,"relics":["Burning Blood","Ancient Tea Set","Golden Idol","Smiling Mask","Art of War","MawBank","Ectoplasm","Blue Candle","Tiny Chest"],"potions_floor_usage":[],"damage_taken":[{"damage":2.0,"enemies":"Small Slimes","floor":1.0,"turns":4.0},{"damage":8.0,"enemies":"Cultist","floor":3.0,"turns":3.0},{"damage":10.0,"enemies":"Jaw Worm","floor":4.0,"turns":3.0},{"damage":19.0,"enemies":"Exordium Thugs","floor":5.0,"turns":3.0},{"damage":13.0,"enemies":"2 Fungi Beasts","floor":10.0,"turns":3.0},{"damage":52.0,"enemies":"Lagavulin","floor":11.0,"turns":7.0},{"damage":17.0,"enemies":"3 Sentries","floor":13.0,"turns":3.0},{"damage":49.0,"enemies":"Hexaghost","floor":16.0,"turns":9.0},{"damage":19,"enemies":"Chosen","floor":18,"turns":5},{"damage":21,"enemies":"Spheric Guardian","floor":19,"turns":4},{"damage":19,"enemies":"Shelled Parasite and Fungi","floor":22,"turns":5},{"damage":56,"enemies":"Gremlin Leader","floor":24,"turns":5},{"damage":3,"enemies":"Cultist and Chosen","floor":25,"turns":3}],"seed_played":"6813874666848005533","potions_obtained":[{"floor":4.0,"key":"Swift Potion"},{"floor":10.0,"key":"Regen Potion"},{"floor":19,"key":"Regen Potion"}],"is_trial":false,"path_per_floor":["M","$","M","M","M","R","?","R","T","M","E","R","E","?","R","B","B",null,"M","M","?","?","M","R","E","M"],"character_chosen":"IRONCLAD","items_purchased":["Combust","Ancient Tea Set"],"campfire_rested":4,"item_purchase_floors":[2,2],"current_hp_per_floor":[60,60,58,54,41,65,65,65,65,58,27,51,40,40,64,21,80,67,52,52,52,39,63,13,10],"gold":538,"neow_bonus":"TWO_FIFTY_GOLD","is_prod":false,"is_daily":false,"chose_seed":false,"campfire_upgraded":1,"win_rate":0,"timestamp":1542325991,"path_taken":["M","$","M","M","M","R","?","R","T","M","E","R","E","?","R","BOSS","BOSS","M","M","?","?","M","R","E","M"],"build_version":"2018-11-08","purchased_purges":0,"victory":false,"max_hp_per_floor":[80,80,80,80,80,80,80,80,80,80,80,80,80,80,80,80,80,80,80,80,80,80,80,80,80],"card_choices":[{"not_picked":["Sword Boomerang","Headbutt"],"picked":"Cleave","floor":1.0},{"not_picked":["Iron Wave","Cleave"],"picked":"Flex","floor":3.0},{"not_picked":["Headbutt","Disarm"],"picked":"Rupture","floor":4.0},{"not_picked":["Fire Breathing","Iron Wave"],"picked":"Pommel Strike","floor":5.0},{"not_picked":["Carnage","Dark Embrace"],"picked":"Cleave","floor":10.0},{"not_picked":["Pummel","Warcry"],"picked":"Combust","floor":11.0},{"not_picked":["Cleave","Bludgeon"],"picked":"Shrug It Off","floor":13.0},{"not_picked":["Fiend Fire","Bludgeon"],"picked":"Limit Break","floor":16},{"not_picked":["Twin Strike","Carnage+1"],"picked":"Flex","floor":18},{"not_picked":["Clothesline","Clash"],"picked":"Body Slam+1","floor":19},{"not_picked":["Hemokinesis","Thunderclap"],"picked":"Armaments","floor":22},{"not_picked":["Intimidate","Juggernaut"],"picked":"Rampage","floor":24}],"player_experience":313131,"relics_obtained":[{"floor":9.0,"key":"Smiling Mask"},{"floor":11.0,"key":"Art of War"},{"floor":13.0,"key":"MawBank"},{"floor":24,"key":"Tiny Chest"}],"event_choices":[{"damage_healed":0.0,"max_hp_gain":0.0,"max_hp_loss":0.0,"gold_gain":0.0,"event_name":"Golden Idol","player_choice":"Take Wound","floor":7.0,"gold_loss":0.0,"damage_taken":0.0,"relics_obtained":["Golden Idol"],"cards_obtained":["Injury"]},{"cards_removed":["Injury"],"damage_healed":0.0,"max_hp_gain":0.0,"max_hp_loss":0.0,"gold_gain":0.0,"event_name":"Fountain of Cleansing","player_choice":"Removed Curses","floor":14.0,"gold_loss":0.0,"damage_taken":0.0},{"damage_healed":0,"gold_gain":0,"player_choice":"Simplicity","damage_taken":0,"max_hp_gain":0,"max_hp_loss":0,"event_name":"Back to Basics","floor":20,"gold_loss":0,"cards_upgraded":["Strike_R","Strike_R","Strike_R","Strike_R","Strike_R","Defend_R","Defend_R","Defend_R","Defend_R"]},{"damage_healed":0,"gold_gain":0,"player_choice":"Gave Potion","damage_taken":0,"relics_obtained":["Blue Candle"],"max_hp_gain":0,"max_hp_loss":0,"event_name":"WeMeetAgain","floor":21,"gold_loss":0}],"is_beta":false,"boss_relics":[{"not_picked":["Astrolabe","Sozu"],"picked":"Ectoplasm"}],"items_purged_floors":[],"is_endless":false,"potions_floor_spawned":[4,10,19],"killed_by":"Cultist and Chosen","ascension_level":1}