{"path_per_floor":["M","M","?","T","M","E","R","M","T","M","M","R","M","E","R","B",null,"M","?","M","?","M","E","R","M","T","R","$","E","M","E","R","B",null,"M","M","M","?","T","E","R","E","T","M","M","R","?","M","R","B"],"character_chosen":"IRONCLAD","items_purchased":["Perfected Strike","Swift Strike","Bottled Lightning"],"gold_per_floor":[117,131,131,183,194,224,224,238,238,253,263,263,276,303,303,408,408,408,408,408,408,408,408,408,408,408,408,11,11,11,11,11,11,11,11,11,11,11,11,11,11,11,11,11,11,11,11,11,11,11],"floor_reached":51,"campfire_rested":0,"playtime":3547,"current_hp_per_floor":[73,73,57,57,59,48,48,50,50,52,54,54,56,58,58,39,80,80,80,80,94,93,84,84,86,93,93,93,81,83,85,85,84,101,101,100,98,101,101,84,84,86,86,78,77,77,72,74,74,93],"items_purged":[],"gold":11,"play_id":"2b95794d-9cd4-412e-9d89-78bf67990bb7","is_prod":false,"is_daily":false,"is_ascension_mode":false,"campfire_upgraded":9,"path_taken":["M","?","?","?","M","E","R","M","T","M","M","R","M","E","R","BOSS","M","?","M","?","M","E","R","M","T","R","$","E","M","E","R","BOSS","M","M","M","?","?","E","R","E","T","M","M","R","?","?","R","BOSS"],"build_version":"2018-02-01-PROD3","purchased_purges":1,"victory":true,"master_deck":["Strike_R+1","Strike_R+1","Strike_R+1","Strike_R+1","Strike_R+1","Defend_R+1","Defend_R+1","Defend_R+1","Defend_R+1","Bash+1","Clothesline","Pommel Strike","Fire Breathing+1","Perfected Strike+1","Clash","Heavy Blade+1","Pommel Strike","Clash","Double Tap+1","Metallicize+1","Shrug It Off+1","Dropkick+1","Perfected Strike+1","Swift Strike","Perfected Strike+1","Pommel Strike","Impervious+1","Clash+1","Inflame+1","Twin Strike","Pommel Strike+1","Infernal Blade+1"],"max_hp_per_floor":[80,80,80,80,80,80,80,80,80,80,80,80,80,80,80,80,80,80,80,80,94,94,94,94,94,101,101,101,101,101,101,101,101,101,101,101,101,101,101,101,101,101,101,101,101,101,101,101,101,101],"relics":["Sozu","Blood Vial","Pantograph","Happy Flower","Omamori","Ectoplasm","Mango","Calipers","Strawberry","Bottled Lightning","Anchor","Champion Belt","Runic Dome","Thread and Needle","Peace Pipe","Vajra","Toxic Egg 2","Ice Cream"],"card_choices":[{"not_picked":["Flex","Infernal Blade"],"picked":"Clothesline"},{"not_picked":["Battle Trance","Sever Soul"],"picked":"Pommel Strike"},{"not_picked":["Blood for Blood","Brutality"],"picked":"Fire Breathing"},{"not_picked":["Corruption","Clash"],"picked":"Perfected Strike"},{"not_picked":["Warcry","Shrug It Off"],"picked":"Clash"},{"not_picked":["Flame Barrier","Anger"],"picked":"Heavy Blade"},{"not_picked":["Rage","Iron Wave"],"picked":"Pommel Strike"},{"not_picked":["Thunderclap","Anger"],"picked":"Clash"},{"not_picked":["Fiend Fire","Reaper"],"picked":"Double Tap"},{"not_picked":["Juggernaut","Clothesline"],"picked":"Metallicize"},{"not_picked":["Bloodletting","Armaments"],"picked":"Shrug It Off"},{"not_picked":["Blood for Blood","Fire Breathing"],"picked":"Dropkick"},{"not_picked":["Rage","Iron Wave"],"picked":"Perfected Strike"},{"not_picked":["Rage","Pummel"],"picked":"Pommel Strike"},{"not_picked":["Berserk","Brutality"],"picked":"Impervious"},{"not_picked":["Armaments","Warcry"],"picked":"Clash"},{"not_picked":["Thunderclap","Clash"],"picked":"Inflame"},{"not_picked":["Pummel","Flame Barrier"],"picked":"Twin Strike"},{"not_picked":["Anger","Heavy Blade"],"picked":"Pommel Strike"},{"not_picked":["Shrug It Off","True Grit"],"picked":"Infernal Blade"}],"player_experience":53878,"potions_floor_usage":[],"damage_taken":[{"damage":7,"enemies":"Blue Slaver","floor":1,"turns":3},{"damage":0,"enemies":"Small Slimes","floor":2,"turns":2},{"damage":0,"enemies":"Cultist","floor":5,"turns":2},{"damage":13,"enemies":"Lagavulin","floor":6,"turns":5},{"damage":0,"enemies":"3 Louse","floor":8,"turns":3},{"damage":0,"enemies":"Exordium Thugs","floor":10,"turns":4},{"damage":0,"enemies":"Large Slime","floor":11,"turns":3},{"damage":0,"enemies":"2 Fungi Beasts","floor":13,"turns":2},{"damage":0,"enemies":"Gremlin Nob","floor":14,"turns":2},{"damage":41,"enemies":"Hexaghost","floor":16,"turns":7},{"damage":0,"enemies":"3 Byrds","floor":18,"turns":4},{"damage":0,"enemies":"Shell Parasite","floor":20,"turns":2},{"damage":1,"enemies":"3 Cultists","floor":22,"turns":4},{"damage":10,"enemies":"Gremlin Leader","floor":23,"turns":5},{"damage":0,"enemies":"Snake Plant","floor":25,"turns":3},{"damage":14,"enemies":"Slavers","floor":29,"turns":4},{"damage":0,"enemies":"Cultist and Chosen","floor":30,"turns":2},{"damage":0,"enemies":"Book of Stabbing","floor":31,"turns":3},{"damage":17,"enemies":"Champ","floor":33,"turns":6},{"damage":0,"enemies":"3 Shapes","floor":35,"turns":2},{"damage":1,"enemies":"3 Darklings","floor":36,"turns":3},{"damage":3,"enemies":"Sphere and 2 Shapes","floor":37,"turns":4},{"damage":17,"enemies":"Nemesis","floor":40,"turns":4},{"damage":0,"enemies":"Giant Head","floor":42,"turns":5},{"damage":10,"enemies":"4 Shapes","floor":44,"turns":4},{"damage":3,"enemies":"Maw","floor":45,"turns":3},{"damage":7,"enemies":"Mysterious Sphere","floor":47,"turns":3},{"damage":0,"enemies":"Sphere and 2 Shapes","floor":48,"turns":2},{"damage":8,"enemies":"Time Eater","floor":50,"turns":7}],"event_choices":[{"event_name":"Shining Light","player_choice":"Entered Light","floor":3,"damage_taken":0},{"event_name":"Back to Basics","player_choice":"Simplicity","floor":19,"damage_taken":0},{"event_name":"Accursed Blacksmith","player_choice":"Rummage","floor":21,"damage_taken":0},{"event_name":"Winding Halls","player_choice":"Writhe","floor":38,"damage_taken":0},{"event_name":"Mysterious Sphere","player_choice":"Fight","floor":47,"damage_taken":0}],"boss_relics":[{"not_picked":["Mark of Pain","Lizard Tail"],"picked":"Ectoplasm"},{"not_picked":["White Beast Statue","Tiny House"],"picked":"Runic Dome"}],"potions_floor_spawned":[2,6,8,16,22,23,29,33,37,45,47],"seed_played":"-2355848986715742460","ascension_level":0,"is_trial":false}