{"gold_per_floor":[119,63,63,63,213,213,193,193,193,249,264,274,274],"floor_reached":13,"playtime":187,"items_purged":[],"score":162,"play_id":"834bab7e-b41f-43ee-9108-df6626bfd9ba","local_time":"20190303112748","is_ascension_mode":true,"campfire_choices":[{"data":"Neutralize","floor":6,"key":"SMITH"},{"data":"Poisoned Stab","floor":8,"key":"SMITH"}],"neow_cost":"PERCENT_DAMAGE","seed_source_timestamp":173627820031580,"circlet_count":0,"master_deck":["AscendersBane","Defend_G","Defend_G","Defend_G","Defend_G","Defend_G","Strike_G","Strike_G","Strike_G","Strike_G","Survivor","Neutralize+1","Unload","Backstab","Poisoned Stab+1","Doubt","Quick Slash","Footwork"],"relics":["Ring of the Snake","Strawberry","Shovel","Tiny Chest"],"potions_floor_usage":[10,10,13],"damage_taken":[{"damage":0,"enemies":"2 Louse","floor":1,"turns":3},{"damage":30,"enemies":"Gremlin Nob","floor":10,"turns":4},{"damage":0,"enemies":"Small Slimes","floor":11,"turns":1},{"damage":0,"enemies":"Cultist","floor":12,"turns":2},{"damage":5,"enemies":"3 Sentries","floor":13,"turns":2}],"seed_played":"1604863824605185352","potions_obtained":[{"floor":1,"key":"GamblersBrew"},{"floor":7,"key":"Explosive Potion"},{"floor":10,"key":"SpeedPotion"},{"floor":11,"key":"FearPotion"}],"is_trial":false,"path_per_floor":["M","$","?","?","?","R","?","R","T","E","M","M","E"],"character_chosen":"THE_SILENT","items_purchased":["Poisoned Stab"],"campfire_rested":0,"item_purchase_floors":[2],"current_hp_per_floor":[44,44,40,33,33,33,33,33,33,3,3,3,0],"gold":274,"neow_bonus":"THREE_RARE_CARDS","is_prod":false,"is_daily":false,"chose_seed":false,"campfire_upgraded":2,"win_rate":0,"timestamp":1551637668,"path_taken":["M","$","?","?","?","R","?","R","T","E","M","?","E"],"build_version":"2019-02-06","purchased_purges":0,"victory":false,"max_hp_per_floor":[66,66,73,73,73,73,73,73,73,73,73,73,73],"card_choices":[{"not_picked":["Storm of Steel","Doppelganger"],"picked":"Unload","floor":0},{"not_picked":["Deadly Poison","Dagger Spray"],"picked":"Backstab","floor":1},{"not_picked":["Unload","Endless Agony"],"picked":"Quick Slash","floor":10},{"not_picked":["Calculated Gamble","PiercingWail"],"picked":"Footwork","floor":11},{"not_picked":["Slice","Dagger Throw","Acrobatics"],"picked":"SKIP","floor":12}],"player_experience":1145605,"relics_obtained":[{"floor":9,"key":"Shovel"},{"floor":10,"key":"Tiny Chest"}],"event_choices":[{"damage_healed":0,"gold_gain":0,"player_choice":"Success","damage_taken":11,"relics_obtained":["Strawberry"],"max_hp_gain":0,"max_hp_loss":0,"event_name":"Scrap Ooze","floor":3,"gold_loss":0},{"cards_removed":["Strike_G"],"damage_healed":0,"gold_gain":0,"player_choice":"Card Removal","damage_taken":7,"max_hp_gain":0,"max_hp_loss":0,"event_name":"Golden Wing","floor":4,"gold_loss":0},{"damage_healed":0,"gold_gain":150,"player_choice":"AGREE","damage_taken":0,"max_hp_gain":0,"max_hp_loss":0,"event_name":"Liars Game","floor":5,"gold_loss":0,"cards_obtained":["Doubt"]},{"damage_healed":0,"gold_gain":0,"player_choice":"Bought 1 Potion","damage_taken":0,"max_hp_gain":0,"max_hp_loss":0,"event_name":"The Woman in Blue","floor":7,"gold_loss":0}],"is_beta":true,"boss_relics":[],"items_purged_floors":[],"is_endless":false,"potions_floor_spawned":[1,10,11],"killed_by":"3 Sentries","ascension_level":20}