{"gold_per_floor":[109,129,148,193,208,208,240,240,314,346,346,346,155,131,131,131],"floor_reached":16,"playtime":315,"items_purged":["Strike_B"],"score":211,"play_id":"03532e6f-5d6a-49ab-ab82-2b7e612e79f5","local_time":"20181030164646","is_ascension_mode":true,"campfire_choices":[{"data":"Zap","floor":6,"key":"SMITH"},{"floor":8,"key":"REST"},{"data":"Fission","floor":11,"key":"SMITH"},{"data":"Defragment","floor":15,"key":"SMITH"}],"neow_cost":"NONE","seed_source_timestamp":837203114297407,"circlet_count":0,"master_deck":["Strike_B","Strike_B","Strike_B","Defend_B","Defend_B","Defend_B","Defend_B","Zap+1","Dualcast","AscendersBane","Fission+1","Streamline","Leap","Leap","Ball Lightning","Genetic Algorithm","Defragment+1","Reinforced Body","Hologram"],"relics":["Cracked Core","Centennial Puzzle","Art of War","Mercury Hourglass","Letter Opener"],"potions_floor_usage":[7,16],"damage_taken":[{"damage":0,"enemies":"Cultist","floor":1,"turns":3},{"damage":7,"enemies":"Jaw Worm","floor":2,"turns":4},{"damage":6,"enemies":"2 Louse","floor":3,"turns":2},{"damage":9,"enemies":"Red Slaver","floor":5,"turns":3},{"damage":32,"enemies":"Gremlin Nob","floor":7,"turns":4},{"damage":7,"enemies":"3 Sentries","floor":10,"turns":6},{"damage":24,"enemies":"Slime Boss","floor":16,"turns":6}],"seed_played":"-1285450886471367622","potions_obtained":[{"floor":2,"key":"Block Potion"},{"floor":10,"key":"Weak Potion"}],"is_trial":false,"path_per_floor":["M","M","M","T","M","R","E","R","T","E","R","?","$","$","R"],"character_chosen":"DEFECT","items_purchased":["Defragment","Reinforced Body","Hologram"],"campfire_rested":1,"item_purchase_floors":[13,13,14],"current_hp_per_floor":[64,57,51,51,42,42,10,31,31,24,24,24,24,24,24,0],"gold":131,"neow_bonus":"ONE_RANDOM_RARE_CARD","is_prod":false,"is_daily":false,"chose_seed":false,"campfire_upgraded":3,"win_rate":0,"timestamp":1540943206,"path_taken":["M","M","M","?","M","R","E","R","T","E","R","?","?","$","R","BOSS"],"build_version":"2018-10-29v2","purchased_purges":1,"victory":false,"max_hp_per_floor":[71,71,71,71,71,71,71,71,71,71,71,71,71,71,71,71],"card_choices":[{"not_picked":["Rebound","Darkness"],"picked":"Streamline","floor":1},{"not_picked":["Storm","Barrage"],"picked":"Leap","floor":2},{"not_picked":["Consume","Rebound"],"picked":"Leap","floor":3},{"not_picked":["Rip and Tear","Loop"],"picked":"Ball Lightning","floor":5},{"not_picked":["Creative AI","Go for the Eyes"],"picked":"Genetic Algorithm","floor":7},{"not_picked":["Skim","Scrape","Streamline"],"picked":"SKIP","floor":10}],"player_experience":947375,"relics_obtained":[{"floor":4,"key":"Centennial Puzzle"},{"floor":7,"key":"Art of War"},{"floor":9,"key":"Mercury Hourglass"},{"floor":10,"key":"Letter Opener"}],"event_choices":[{"damage_healed":0,"gold_gain":0,"player_choice":"Ignored","damage_taken":0,"max_hp_gain":0,"max_hp_loss":0,"event_name":"Liars Game","floor":12,"gold_loss":0}],"is_beta":true,"boss_relics":[],"items_purged_floors":[13],"is_endless":false,"potions_floor_spawned":[2,10],"killed_by":"Slime Boss","ascension_level":19}