{"gold_per_floor":[118,130,145,70,89,89,164,199,226,226,226,206,231,249,249,345,345,356,356,356,29,45,78,78,78,101,1,34,34,66,77,77,77],"floor_reached":33,"playtime":2828,"items_purged":["Strike_R","Strike_R"],"score":327,"play_id":"55c97796-a537-45da-adf9-3c44cca038d1","local_time":"20190511134232","is_ascension_mode":true,"campfire_choices":[{"data":"Armaments","floor":6,"key":"SMITH"},{"data":"Bash","floor":11,"key":"SMITH"},{"data":"Shrug It Off","floor":15,"key":"SMITH"},{"floor":24,"key":"REST"},{"floor":29,"key":"REST"},{"floor":32,"key":"REST"}],"neow_cost":"NONE","seed_source_timestamp":819692256955840,"circlet_count":0,"master_deck":["Strike_R","Strike_R","Defend_R+1","Defend_R","Defend_R","Defend_R+1","Bash+1","Searing Blow","Armaments+1","Fiend Fire+1","Anger","Inflame","Shrug It Off+1","Feed","Spot Weakness","True Grit","Warcry","Shrug It Off+1","Shrug It Off+1","Pummel"],"relics":["Burning Blood","Centennial Puzzle","Pen Nib","Juzu Bracelet","Fusion Hammer","Ginger","Bottled Flame","War Paint","Regal Pillow","Champion Belt"],"potions_floor_usage":[18,23,33],"damage_taken":[{"damage":1,"enemies":"2 Louse","floor":1,"turns":3},{"damage":1,"enemies":"Jaw Worm","floor":2,"turns":5},{"damage":1,"enemies":"Cultist","floor":3,"turns":3},{"damage":1,"enemies":"3 Louse","floor":5,"turns":7},{"damage":14,"enemies":"Gremlin Nob","floor":8,"turns":3},{"damage":22,"enemies":"Lagavulin","floor":13,"turns":6},{"damage":5,"enemies":"Exordium Thugs","floor":14,"turns":4},{"damage":29,"enemies":"The Guardian","floor":16,"turns":7},{"damage":10,"enemies":"3 Byrds","floor":18,"turns":5},{"damage":1,"enemies":"Shell Parasite","floor":22,"turns":5},{"damage":23,"enemies":"Book of Stabbing","floor":23,"turns":5},{"damage":43,"enemies":"Slavers","floor":28,"turns":7},{"damage":21,"enemies":"Book of Stabbing","floor":30,"turns":5},{"damage":11,"enemies":"Shelled Parasite and Fungi","floor":31,"turns":4},{"damage":102,"enemies":"Automaton","floor":33,"turns":10}],"seed_played":"-1994712685815190044","potions_obtained":[{"floor":1,"key":"Swift Potion"},{"floor":8,"key":"GamblersBrew"},{"floor":12,"key":"GamblersBrew"},{"floor":13,"key":"Fire Potion"},{"floor":14,"key":"Energy Potion"},{"floor":23,"key":"PowerPotion"}],"is_trial":false,"path_per_floor":["M","M","M","$","M","R","?","E","T","?","R","?","E","M","R","B",null,"M","?","?","$","M","E","R","?","T","$","E","R","E","M","R","B"],"character_chosen":"IRONCLAD","items_purchased":["Ginger","Warcry"],"campfire_rested":3,"item_purchase_floors":[21,21],"current_hp_per_floor":[80,80,80,80,80,80,69,61,61,61,61,61,45,46,46,23,80,76,76,76,76,84,70,87,87,87,87,50,87,72,70,90,0],"gold":77,"neow_bonus":"TRANSFORM_CARD","is_prod":false,"is_daily":false,"chose_seed":false,"campfire_upgraded":3,"win_rate":0,"timestamp":1557596552,"path_taken":["M","M","M","$","M","R","?","E","T","?","R","?","E","M","R","BOSS","M","?","?","$","M","E","R","?","T","$","E","R","E","M","R","BOSS"],"build_version":"2019-01-23","purchased_purges":2,"victory":false,"max_hp_per_floor":[80,80,80,80,80,80,80,80,80,80,80,80,80,80,80,80,80,80,80,80,80,84,87,87,87,87,87,87,87,87,90,90,90],"card_choices":[{"not_picked":["Disarm","Rage"],"picked":"Armaments","floor":1},{"not_picked":["Pommel Strike","Cleave"],"picked":"Fiend Fire","floor":2},{"not_picked":["Flex","Cleave"],"picked":"Anger","floor":3},{"not_picked":["Anger","Armaments","Searing Blow"],"picked":"SKIP","floor":5},{"not_picked":["Armaments","Sword Boomerang","Anger"],"picked":"SKIP","floor":8},{"not_picked":["Perfected Strike","Anger"],"picked":"Inflame","floor":13},{"not_picked":["Clash","Spot Weakness"],"picked":"Shrug It Off","floor":14},{"not_picked":["Dark Embrace","Bludgeon"],"picked":"Feed","floor":16},{"not_picked":["Shrug It Off","Evolve"],"picked":"Spot Weakness","floor":18},{"not_picked":["Flex","Hemokinesis","Warcry+1"],"picked":"SKIP","floor":22},{"not_picked":["Dark Embrace","True Grit+1"],"picked":"Shrug It Off+1","floor":23},{"not_picked":["Headbutt","Rage+1","Infernal Blade"],"picked":"SKIP","floor":28},{"not_picked":["Ghostly Armor","Immolate"],"picked":"Pummel","floor":30},{"not_picked":["Iron Wave+1","Warcry","Headbutt"],"picked":"SKIP","floor":31}],"player_experience":197429,"relics_obtained":[{"floor":8,"key":"Centennial Puzzle"},{"floor":9,"key":"Pen Nib"},{"floor":13,"key":"Juzu Bracelet"},{"floor":23,"key":"Bottled Flame"},{"floor":26,"key":"War Paint"},{"floor":28,"key":"Regal Pillow"},{"floor":30,"key":"Champion Belt"}],"event_choices":[{"damage_healed":0,"gold_gain":75,"player_choice":"Gather Gold","damage_taken":11,"max_hp_gain":0,"max_hp_loss":0,"event_name":"World of Goop","floor":7,"gold_loss":0},{"damage_healed":0,"gold_gain":0,"player_choice":"Grow","damage_taken":0,"max_hp_gain":0,"max_hp_loss":0,"event_name":"Living Wall","floor":10,"gold_loss":0,"cards_upgraded":["Fiend Fire"]},{"damage_healed":0,"gold_gain":0,"player_choice":"Bought 1 Potion","damage_taken":0,"max_hp_gain":0,"max_hp_loss":0,"event_name":"The Woman in Blue","floor":12,"gold_loss":0},{"damage_healed":0,"gold_gain":0,"player_choice":"Ignored","damage_taken":0,"max_hp_gain":0,"max_hp_loss":0,"event_name":"Ghosts","floor":19,"gold_loss":0},{"damage_healed":0,"gold_gain":0,"player_choice":"Read","damage_taken":0,"max_hp_gain":0,"max_hp_loss":0,"event_name":"The Library","floor":20,"gold_loss":0,"cards_obtained":["True Grit"]},{"damage_healed":0,"gold_gain":0,"player_choice":"Copied","damage_taken":0,"max_hp_gain":0,"max_hp_loss":0,"event_name":"Duplicator","floor":25,"gold_loss":0,"cards_obtained":["Shrug It Off"]}],"is_beta":false,"boss_relics":[{"not_picked":["Runic Dome","Runic Pyramid"],"picked":"Fusion Hammer"}],"items_purged_floors":[4,27],"is_endless":false,"potions_floor_spawned":[1,8,13,14,23],"killed_by":"Automaton","ascension_level":1}