{"gold_per_floor":[115,115,130,143,143,168,168,197,224,56,56,87,87,104,104,183,183,202,234,234,262,274,286,328,340,352,364,376,419,77,97,97,97],"floor_reached":33,"playtime":1669,"items_purged":["Writhe"],"score":648,"play_id":"3bb6074b-f073-4973-9c83-57b22a160cd9","local_time":"20190319053956","is_ascension_mode":true,"campfire_choices":[{"floor":7,"key":"REST"},{"data":"Perfected Strike","floor":11,"key":"SMITH"},{"data":"Clothesline","floor":13,"key":"SMITH"},{"data":"Bash","floor":15,"key":"SMITH"},{"data":"Seeing Red","floor":23,"key":"SMITH"},{"data":"Offering","floor":25,"key":"SMITH"},{"data":"Pommel Strike","floor":27,"key":"SMITH"},{"data":"Twin Strike","floor":32,"key":"SMITH"}],"neow_cost":"NONE","seed_source_timestamp":186397993353487,"circlet_count":0,"master_deck":["AscendersBane","Strike_R","Strike_R+1","Strike_R+1","Strike_R","Strike_R","Defend_R","Defend_R","Defend_R+1","Defend_R","Bash+1","Seeing Red+1","Shrug It Off","Perfected Strike+1","Clothesline+1","Headbutt+1","Shrug It Off","Limit Break","Twin Strike+1","Offering+1","Pommel Strike+1","Parasite","Parasite","Ghostly Armor+1","Shrug It Off+1","Seeing Red+1"],"relics":["Burning Blood","Potion Belt","PreservedInsect","Oddly Smooth Stone","Ancient Tea Set","Boot","Cursed Key","Red Mask","MawBank","Strawberry","Toxic Egg 2","Bird Faced Urn","Whetstone","Lee\u0027s Waffle"],"potions_floor_usage":[4,6,12,12,12,16,16,18,19,21,24,33,33],"damage_taken":[{"damage":11,"enemies":"Jaw Worm","floor":1,"turns":4},{"damage":5,"enemies":"2 Louse","floor":3,"turns":3},{"damage":0,"enemies":"Small Slimes","floor":4,"turns":3},{"damage":26,"enemies":"3 Sentries","floor":6,"turns":9},{"damage":22,"enemies":"Lagavulin","floor":8,"turns":5},{"damage":2,"enemies":"Gremlin Nob","floor":12,"turns":3},{"damage":0,"enemies":"Blue Slaver","floor":14,"turns":2},{"damage":31,"enemies":"Hexaghost","floor":16,"turns":8},{"damage":0,"enemies":"Chosen","floor":18,"turns":2},{"damage":29,"enemies":"Masked Bandits","floor":19,"turns":5},{"damage":6,"enemies":"Spheric Guardian","floor":21,"turns":2},{"damage":6,"enemies":"Gremlin Leader","floor":24,"turns":3},{"damage":14,"enemies":"Slavers","floor":29,"turns":3},{"damage":0,"enemies":"Centurion and Healer","floor":31,"turns":6},{"damage":112,"enemies":"Automaton","floor":33,"turns":14}],"seed_played":"4710101320570195263","potions_obtained":[{"floor":1,"key":"Fire Potion"},{"floor":4,"key":"Dexterity Potion"},{"floor":6,"key":"EssenceOfSteel"},{"floor":12,"key":"Block Potion"},{"floor":16,"key":"Fire Potion"},{"floor":18,"key":"Energy Potion"},{"floor":21,"key":"GamblersBrew"},{"floor":24,"key":"Fire Potion"},{"floor":31,"key":"Dexterity Potion"}],"is_trial":false,"path_per_floor":["M","?","M","M","?","E","R","E","T","$","R","E","R","M","R","B",null,"M","?","T","M","$","R","E","R","T","R","?","E","$","M","R","B"],"character_chosen":"IRONCLAD","items_purchased":["EntropicBrew","Shrug It Off","Lee\u0027s Waffle","Shrug It Off+1"],"campfire_rested":1,"item_purchase_floors":[10,10,30,30],"current_hp_per_floor":[63,68,69,75,51,31,55,39,39,39,39,52,52,58,58,33,68,74,51,51,51,51,51,58,58,58,58,58,50,94,94,94,0],"gold":97,"neow_bonus":"RANDOM_COMMON_RELIC","is_prod":false,"is_daily":false,"chose_seed":false,"campfire_upgraded":7,"win_rate":0,"timestamp":1552988396,"path_taken":["M","?","M","M","?","E","R","E","T","$","R","E","R","M","R","BOSS","M","?","?","M","?","R","E","R","T","R","?","E","?","M","R","BOSS"],"build_version":"2019-01-23","purchased_purges":1,"victory":false,"max_hp_per_floor":[75,80,80,80,80,80,80,80,80,80,80,80,80,80,80,80,80,80,80,80,80,80,80,87,87,87,87,87,87,94,94,94,94],"card_choices":[{"not_picked":["Twin Strike","Sword Boomerang"],"picked":"Seeing Red","floor":1},{"not_picked":["Headbutt","Anger"],"picked":"Shrug It Off","floor":3},{"not_picked":["Sword Boomerang","Flex"],"picked":"Perfected Strike","floor":4},{"not_picked":["Clash","Havoc"],"picked":"Clothesline","floor":6},{"not_picked":["Brutality","Wild Strike"],"picked":"Headbutt","floor":8},{"not_picked":["Barricade","Rage"],"picked":"Limit Break","floor":12},{"not_picked":["Iron Wave","Heavy Blade"],"picked":"Twin Strike","floor":14},{"not_picked":["Exhume","Dark Embrace"],"picked":"Offering","floor":16},{"not_picked":["Armaments","Anger","Thunderclap+1"],"picked":"SKIP","floor":18},{"not_picked":["Perfected Strike","Iron Wave"],"picked":"Pommel Strike","floor":19},{"not_picked":["Sentinel","Headbutt","Cleave"],"picked":"SKIP","floor":21},{"not_picked":["Wild Strike","Second Wind+1","Sword Boomerang+1"],"picked":"SKIP","floor":24},{"not_picked":["Searing Blow","Thunderclap"],"picked":"Ghostly Armor+1","floor":29},{"not_picked":["Havoc+1","Twin Strike"],"picked":"Seeing Red+1","floor":31}],"player_experience":1258085,"relics_obtained":[{"floor":6,"key":"PreservedInsect"},{"floor":8,"key":"Oddly Smooth Stone"},{"floor":9,"key":"Ancient Tea Set"},{"floor":12,"key":"Boot"},{"floor":19,"key":"Red Mask"},{"floor":20,"key":"MawBank"},{"floor":24,"key":"Strawberry"},{"floor":26,"key":"Toxic Egg 2"},{"floor":29,"key":"Whetstone"}],"event_choices":[{"damage_healed":0,"gold_gain":0,"player_choice":"Donut","damage_taken":0,"max_hp_gain":5,"max_hp_loss":0,"event_name":"Big Fish","floor":2,"gold_loss":0},{"damage_healed":0,"gold_gain":0,"player_choice":"Entered Light","damage_taken":24,"max_hp_gain":0,"max_hp_loss":0,"event_name":"Shining Light","floor":5,"gold_loss":0,"cards_upgraded":["Defend_R","Strike_R"]},{"damage_healed":0,"gold_gain":0,"player_choice":"Fought Bandits","damage_taken":0,"max_hp_gain":0,"max_hp_loss":0,"event_name":"Masked Bandits","floor":19,"gold_loss":0},{"damage_healed":0,"gold_gain":0,"player_choice":"Opened","damage_taken":0,"relics_obtained":["Bird Faced Urn"],"max_hp_gain":0,"max_hp_loss":0,"event_name":"The Mausoleum","floor":28,"gold_loss":0,"cards_obtained":["Writhe"]}],"is_beta":false,"boss_relics":[{"not_picked":["Orrery","Calling Bell"],"picked":"Cursed Key"}],"items_purged_floors":[30],"is_endless":false,"potions_floor_spawned":[1,4,6,12,16,18,21,24,31],"killed_by":"Automaton","ascension_level":20}