{"gold_per_floor":[15,33,33,33,33,33,51,51,51,76,76,76,106,118],"floor_reached":14,"playtime":349,"items_purged":[],"score":192,"play_id":"b0270147-e068-4893-9659-3d19e55af9f7","local_time":"20190330004557","is_ascension_mode":true,"campfire_choices":[{"data":"Consume","floor":6,"key":"SMITH"},{"data":"Zap","floor":8,"key":"SMITH"},{"data":"Rainbow","floor":11,"key":"SMITH"}],"neow_cost":"NO_GOLD","seed_source_timestamp":1120593832639777,"circlet_count":0,"master_deck":["AscendersBane","Strike_B","Strike_B","Strike_B","Strike_B","Defend_B","Defend_B","Defend_B","Defend_B","Zap+1","Dualcast","Rainbow+1","Barrage","Consume+1","Ball Lightning"],"relics":["Cracked Core","CultistMask","Ornamental Fan","MawBank"],"potions_floor_usage":[10],"damage_taken":[{"damage":6,"enemies":"Small Slimes","floor":1,"turns":4},{"damage":5,"enemies":"Cultist","floor":2,"turns":4},{"damage":8,"enemies":"2 Louse","floor":7,"turns":2},{"damage":14,"enemies":"Lagavulin","floor":10,"turns":6},{"damage":66,"enemies":"Gremlin Nob","floor":13,"turns":5},{"damage":12,"enemies":"Blue Slaver","floor":14,"turns":2}],"seed_played":"-6385009849109313465","potions_obtained":[{"floor":7,"key":"Regen Potion"}],"is_trial":false,"path_per_floor":["M","M","?","$","$","R","M","R","T","E","R","?","E","M"],"character_chosen":"DEFECT","items_purchased":[],"campfire_rested":0,"item_purchase_floors":[],"current_hp_per_floor":[58,53,53,53,53,53,45,45,45,46,46,69,3,0],"gold":118,"neow_bonus":"THREE_RARE_CARDS","is_prod":false,"is_daily":false,"chose_seed":false,"campfire_upgraded":3,"win_rate":0,"timestamp":1553921157,"path_taken":["M","M","?","?","$","R","M","R","T","E","R","?","E","M"],"build_version":"2019-01-23","purchased_purges":0,"victory":false,"max_hp_per_floor":[71,71,71,71,71,71,71,71,71,71,71,71,71,71],"card_choices":[{"not_picked":["All For One","Biased Cognition"],"picked":"Rainbow","floor":0},{"not_picked":["Steam","Gash"],"picked":"Barrage","floor":1},{"not_picked":["Steam","Stack"],"picked":"Consume","floor":2},{"not_picked":["Beam Cell","Redo"],"picked":"Ball Lightning","floor":7},{"not_picked":["Steam Power","Amplify","Beam Cell"],"picked":"SKIP","floor":10},{"not_picked":["Consume","Steam","Aggregate"],"picked":"SKIP","floor":13}],"player_experience":1493334,"relics_obtained":[{"floor":10,"key":"Ornamental Fan"},{"floor":13,"key":"MawBank"}],"event_choices":[{"damage_healed":0,"gold_gain":0,"player_choice":"Trade","damage_taken":0,"relics_obtained":["CultistMask"],"max_hp_gain":0,"max_hp_loss":0,"event_name":"FaceTrader","floor":3,"gold_loss":0},{"damage_healed":23,"gold_gain":0,"player_choice":"Banana","damage_taken":0,"max_hp_gain":0,"max_hp_loss":0,"event_name":"Big Fish","floor":12,"gold_loss":0}],"is_beta":false,"boss_relics":[],"items_purged_floors":[],"is_endless":false,"potions_floor_spawned":[7],"killed_by":"Blue Slaver","ascension_level":20}