{"path_per_floor":["M","?","?","M","?","E","?","R","T","E","R","?","R","E","R","B",null,"M","M","?","M","M","E","R","M","T","?","R","E","R"],"character_chosen":"DEFECT","items_purchased":[],"gold_per_floor":[113,63,163,176,176,205,205,205,205,237,237,237,237,272,272,344,344,355,372,372,392,411,436,436,446,446,446,446,508,508,508],"floor_reached":31,"campfire_rested":1,"playtime":688,"item_purchase_floors":[],"current_hp_per_floor":[64,64,64,64,64,64,64,64,64,34,34,9,30,30,30,29,61,61,61,61,53,53,46,46,24,24,24,24,6,6,0],"items_purged":[],"gold":508,"score":576,"play_id":"e75c1432-144e-4bfd-af86-d1e93539d55a","local_time":"20180613170418","is_prod":false,"is_daily":false,"chose_seed":false,"is_ascension_mode":true,"campfire_upgraded":6,"win_rate":0,"timestamp":1528934658,"campfire_choices":[{"data":"Zap","floor":8.0,"key":"SMITH"},{"data":"Defragment","floor":11,"key":"SMITH"},{"floor":13,"key":"REST"},{"data":"Dualcast","floor":15,"key":"SMITH"},{"data":"Electrodynamics","floor":24,"key":"SMITH"},{"data":"Stack","floor":28,"key":"SMITH"},{"data":"White Noise","floor":30,"key":"SMITH"}],"path_taken":["M","?","?","?","?","E","?","R","T","E","R","?","R","E","R","BOSS","M","M","?","M","?","E","R","M","T","?","R","E","R","M"],"build_version":"2018-06-13","seed_source_timestamp":285606565278080,"purchased_purges":0,"victory":false,"master_deck":["Strike_B","Strike_B","Defend_B","Defend_B","Defend_B","Defend_B","Zap+1","Dualcast+1","AscendersBane","Defragment+1","Leap","Sunder","Glacier","Coolheaded","Electrodynamics+1","Stack+1","Defragment+1","Ball Lightning","Ball Lightning","Loop+1","White Noise+1"],"max_hp_per_floor":[71,71,71,71,71,71,71,71,71,71,71,71,71,71,71,71,71,71,71,71,71,71,71,71,71,71,71,71,71,71,71],"special_seed":0,"relics":["Cracked Core","NeowsBlessing","Turnip","DataDisk","Mercury Hourglass","Torii","Vajra","Kunai","Coffee Dripper","Bottled Flame","Art of War","Tiny Chest"],"card_choices":[{"not_picked":["Conserve Battery","Sweeping Beam"],"picked":"Defragment","floor":1.0},{"not_picked":["BootSequence","Tempest"],"picked":"Leap","floor":4.0},{"not_picked":["Undo","Consume"],"picked":"Sunder","floor":6.0},{"not_picked":["Reprogram","Beam Cell"],"picked":"Glacier","floor":10},{"not_picked":["Tempest","Double Energy"],"picked":"Coolheaded","floor":14},{"not_picked":["Biased Cognition","Core Surge"],"picked":"Electrodynamics","floor":16},{"not_picked":["Barrage","Double Energy","Chaos"],"picked":"SKIP","floor":18},{"not_picked":["Reinforced Body","Turbo+1"],"picked":"Stack","floor":19},{"not_picked":["Gash","Steam Power+1","Static Discharge"],"picked":"SKIP","floor":21},{"not_picked":["Streamline","Hologram"],"picked":"Ball Lightning","floor":22},{"not_picked":["Lockon","Go for the Eyes"],"picked":"Ball Lightning","floor":23},{"not_picked":["FTL","Turbo"],"picked":"Loop","floor":25},{"not_picked":["Auto Shields","Loop"],"picked":"White Noise","floor":29}],"player_experience":654542,"potions_floor_usage":[22,23,31],"damage_taken":[{"damage":0.0,"enemies":"Small Slimes","floor":1.0,"turns":1.0},{"damage":0.0,"enemies":"2 Louse","floor":4.0,"turns":1.0},{"damage":0.0,"enemies":"Gremlin Nob","floor":6.0,"turns":1.0},{"damage":30,"enemies":"Lagavulin","floor":10,"turns":5},{"damage":0,"enemies":"3 Sentries","floor":14,"turns":4},{"damage":1,"enemies":"Hexaghost","floor":16,"turns":15},{"damage":0,"enemies":"Chosen","floor":18,"turns":4},{"damage":0,"enemies":"Spheric Guardian","floor":19,"turns":3},{"damage":8,"enemies":"Snecko","floor":21,"turns":3},{"damage":0,"enemies":"Cultist and Chosen","floor":22,"turns":6},{"damage":7,"enemies":"Slavers","floor":23,"turns":2},{"damage":22,"enemies":"Snake Plant","floor":25,"turns":2},{"damage":18,"enemies":"Gremlin Leader","floor":29,"turns":5},{"damage":13,"enemies":"Slaver and Parasite","floor":31,"turns":1}],"relics_obtained":[{"floor":6.0,"key":"Turnip"},{"floor":9.0,"key":"Mercury Hourglass"},{"floor":10,"key":"Torii"},{"floor":14,"key":"Kunai"},{"floor":23,"key":"Bottled Flame"},{"floor":26,"key":"Art of War"},{"floor":29,"key":"Tiny Chest"}],"event_choices":[{"event_name":"The Cleric","player_choice":"Card Removal","floor":2.0,"damage_taken":0.0},{"event_name":"Golden Shrine","player_choice":"Pray","floor":3.0,"damage_taken":0.0},{"event_name":"Bonfire Elementals","player_choice":"BASIC","floor":5.0,"damage_taken":0.0},{"event_name":"Dead Adventurer","player_choice":"Searched \u00271\u0027 times","floor":7.0,"damage_taken":0.0},{"event_name":"Scrap Ooze","player_choice":"success","floor":12,"damage_taken":25},{"event_name":"Duplicator","player_choice":"One dupe","floor":20,"damage_taken":0},{"event_name":"Upgrade Shrine","player_choice":"Upgraded","floor":27,"damage_taken":0}],"boss_relics":[{"not_picked":["Snecko Eye","Tiny House"],"picked":"Coffee Dripper"}],"items_purged_floors":[],"potions_floor_spawned":[1,16,21,29],"seed_played":"6578331995718504873","killed_by":"Slaver and Parasite","ascension_level":14,"potions_obtained":[{"floor":1.0,"key":"EssenceOfSteel"},{"floor":16,"key":"GamblersBrew"},{"floor":21,"key":"Strength Potion"},{"floor":29,"key":"Swift Potion"}],"is_trial":false}