{"gold_per_floor":[115,115,132,132,132,132,165,178,231,231,265,279,297,16,16,112,112,131,131,163,88,106,106,139,139,185,185,185,185,196,215,215,310,310,323,232,232,243,257,257,284,294,319,334,359,359,100,100,100,100],"floor_reached":50,"playtime":3662,"items_purged":["Barrage","Parasite"],"score":774,"play_id":"a2c24441-3261-4557-9a0c-4caa67d14fc1","local_time":"20190504115554","is_ascension_mode":true,"campfire_choices":[{"data":"Defragment","floor":6,"key":"SMITH"},{"data":"Reinforced Body","floor":10,"key":"SMITH"},{"data":"Loop","floor":15,"key":"SMITH"},{"floor":23,"key":"REST"},{"floor":25,"key":"REST"},{"data":"Fission","floor":29,"key":"SMITH"},{"floor":32,"key":"REST"},{"data":"Hologram","floor":40,"key":"SMITH"},{"floor":46,"key":"DIG"},{"floor":49,"key":"REST"}],"neow_cost":"NONE","seed_source_timestamp":56709599105021,"circlet_count":0,"master_deck":["Dualcast+1","Defragment+1","Loop+1","Reinforced Body+1","Steam Power","Cold Snap","Ball Lightning","Core Surge","Fission+1","Steam+1","Auto Shields+1","Auto Shields+1","Sweeping Beam","Necronomicurse","Capacitor","Consume+1","Sunder+1","Stack","Go for the Eyes","Chill","Seek","Hyperbeam+1","Reinforced Body","FTL","Hyperbeam","BootSequence","Conserve Battery+1","FTL","Hologram+1","Doom and Gloom+1","FTL"],"relics":["Cracked Core","Oddly Smooth Stone","Smiling Mask","War Paint","Emotion Chip","Lee\u0027s Waffle","Astrolabe","Necronomicon","Red Mask","Ancient Tea Set","Anchor","Pandora\u0027s Box","Shovel","Orichalcum","Bag of Marbles","The Courier","Shuriken"],"potions_floor_usage":[7,16,16,20,20,24,24,45,50],"damage_taken":[{"damage":0,"enemies":"2 Louse","floor":1,"turns":3},{"damage":4,"enemies":"Small Slimes","floor":3,"turns":3},{"damage":16,"enemies":"Lagavulin","floor":7,"turns":5},{"damage":0,"enemies":"Jaw Worm","floor":8,"turns":3},{"damage":29,"enemies":"3 Sentries","floor":11,"turns":6},{"damage":0,"enemies":"3 Louse","floor":12,"turns":4},{"damage":2,"enemies":"Exordium Wildlife","floor":13,"turns":3},{"damage":38,"enemies":"Hexaghost","floor":16,"turns":7},{"damage":0,"enemies":"Spheric Guardian","floor":18,"turns":5},{"damage":16,"enemies":"Masked Bandits","floor":20,"turns":5},{"damage":6,"enemies":"2 Thieves","floor":21,"turns":5},{"damage":26,"enemies":"3 Cultists","floor":22,"turns":6},{"damage":50,"enemies":"Slavers","floor":24,"turns":7},{"damage":0,"enemies":"Colosseum Slavers","floor":28,"turns":5},{"damage":8,"enemies":"Snecko","floor":30,"turns":3},{"damage":8,"enemies":"Chosen and Byrds","floor":31,"turns":5},{"damage":19,"enemies":"Champ","floor":33,"turns":18},{"damage":9,"enemies":"3 Darklings","floor":35,"turns":3},{"damage":0,"enemies":"3 Shapes","floor":38,"turns":2},{"damage":28,"enemies":"Maw","floor":39,"turns":9},{"damage":0,"enemies":"Reptomancer","floor":41,"turns":5},{"damage":11,"enemies":"Writhing Mass","floor":42,"turns":4},{"damage":0,"enemies":"3 Darklings","floor":44,"turns":3},{"damage":2,"enemies":"Nemesis","floor":45,"turns":9},{"damage":63,"enemies":"Time Eater","floor":50,"turns":9}],"seed_played":"-249299866878627720","potions_obtained":[{"floor":1,"key":"FocusPotion"},{"floor":3,"key":"LiquidBronze"},{"floor":8,"key":"PowerPotion"},{"floor":13,"key":"Energy Potion"},{"floor":18,"key":"Block Potion"},{"floor":20,"key":"Regen Potion"},{"floor":22,"key":"PowerPotion"},{"floor":31,"key":"Ancient Potion"},{"floor":33,"key":"LiquidBronze"},{"floor":38,"key":"Explosive Potion"},{"floor":41,"key":"GamblersBrew"},{"floor":45,"key":"Explosive Potion"}],"is_trial":false,"path_per_floor":["M","?","M","?","?","R","E","M","T","R","E","M","M","$","R","B",null,"M","?","?","M","M","R","E","R","T","?","?","R","M","M","R","B",null,"M","$","?","M","M","R","E","M","T","M","E","R","$","?","R","B"],"character_chosen":"DEFECT","items_purchased":["Lee\u0027s Waffle","Core Surge","FTL","Shuriken"],"campfire_rested":4,"item_purchase_floors":[14,14,36,47],"current_hp_per_floor":[68,53,49,54,54,54,38,38,38,38,9,9,7,87,87,49,78,78,62,46,40,14,40,5,31,31,31,31,31,23,15,41,22,71,62,62,62,62,34,34,34,23,23,23,21,21,21,21,46,0],"gold":100,"neow_bonus":"RANDOM_COMMON_RELIC","is_prod":false,"is_daily":false,"chose_seed":false,"campfire_upgraded":5,"win_rate":0,"timestamp":1556967354,"path_taken":["M","?","M","?","?","R","E","M","T","R","E","M","M","$","R","BOSS","M","?","?","M","M","R","E","R","T","?","?","R","?","?","R","BOSS","M","$","?","?","M","R","E","M","T","M","E","R","$","?","R","BOSS"],"build_version":"2019-01-23","purchased_purges":2,"victory":false,"max_hp_per_floor":[75,75,75,80,80,80,80,80,80,80,80,80,80,87,87,87,87,87,87,87,87,87,87,87,87,87,87,87,87,87,87,87,87,87,87,87,87,87,87,87,87,87,87,87,87,87,84,84,84,84],"card_choices":[{"not_picked":["Compile Driver","Rebound"],"picked":"Defragment","floor":1},{"not_picked":["Steam Power","Conserve Battery"],"picked":"Loop","floor":3},{"not_picked":["Redo","White Noise"],"picked":"Reinforced Body","floor":7},{"not_picked":["Beam Cell","Steam"],"picked":"Barrage","floor":8},{"not_picked":["Heatsinks","Tempest"],"picked":"Steam Power","floor":11},{"not_picked":["Rebound","Hologram"],"picked":"Cold Snap","floor":12},{"not_picked":["BootSequence","Heatsinks"],"picked":"Ball Lightning","floor":13},{"not_picked":["Thunder Strike","Buffer"],"picked":"Fission","floor":16},{"not_picked":["Redo","Barrage"],"picked":"Sweeping Beam","floor":18},{"not_picked":["Leap","Hologram"],"picked":"Capacitor","floor":20},{"not_picked":["Redo","Cold Snap"],"picked":"Consume+1","floor":21},{"not_picked":["Rip and Tear+1","Cold Snap"],"picked":"Sunder+1","floor":22},{"not_picked":["Steam","Fission"],"picked":"Stack","floor":24},{"not_picked":["Conserve Battery","Hello World"],"picked":"Go for the Eyes","floor":30},{"not_picked":["Coolheaded","Leap"],"picked":"Chill","floor":31},{"not_picked":["Meteor Strike","Multi-Cast"],"picked":"Seek","floor":33},{"not_picked":["Steam","Scrape"],"picked":"Conserve Battery+1","floor":35},{"not_picked":["Compile Driver","Coolheaded"],"picked":"Hologram","floor":38},{"not_picked":["Sunder","Fission"],"picked":"Doom and Gloom+1","floor":39},{"not_picked":["Gash","Defragment+1"],"picked":"FTL","floor":41},{"not_picked":["Darkness","Capacitor+1","Skim+1"],"picked":"SKIP","floor":42},{"not_picked":["Gash+1","Ball Lightning+1","Sweeping Beam"],"picked":"SKIP","floor":44},{"not_picked":["Blizzard","Biased Cognition","Leap+1"],"picked":"SKIP","floor":45}],"player_experience":294236,"relics_obtained":[{"floor":7,"key":"Smiling Mask"},{"floor":9,"key":"War Paint"},{"floor":11,"key":"Emotion Chip"},{"floor":19,"key":"Necronomicon"},{"floor":20,"key":"Red Mask"},{"floor":24,"key":"Ancient Tea Set"},{"floor":41,"key":"Shovel"},{"floor":43,"key":"Orichalcum"},{"floor":45,"key":"Bag of Marbles"},{"floor":46,"key":"The Courier"}],"event_choices":[{"damage_healed":0,"gold_gain":0,"player_choice":"Entered Light","damage_taken":15,"max_hp_gain":0,"max_hp_loss":0,"event_name":"Shining Light","floor":2,"gold_loss":0,"cards_upgraded":["Strike_B","Dualcast"]},{"damage_healed":0,"gold_gain":0,"player_choice":"Donut","damage_taken":0,"max_hp_gain":5,"max_hp_loss":0,"event_name":"Big Fish","floor":4,"gold_loss":0},{"damage_healed":0,"gold_gain":0,"player_choice":"Grow","damage_taken":0,"max_hp_gain":0,"max_hp_loss":0,"event_name":"Living Wall","floor":5,"gold_loss":0,"cards_upgraded":["Zap"]},{"damage_healed":0,"gold_gain":0,"player_choice":"Obtained Book","damage_taken":16,"max_hp_gain":0,"max_hp_loss":0,"event_name":"Cursed Tome","floor":19,"gold_loss":0},{"damage_healed":0,"gold_gain":0,"player_choice":"Fought Bandits","damage_taken":0,"max_hp_gain":0,"max_hp_loss":0,"event_name":"Masked Bandits","floor":20,"gold_loss":0},{"damage_healed":0,"gold_gain":0,"player_choice":"Opened","damage_taken":0,"relics_obtained":["Anchor"],"max_hp_gain":0,"max_hp_loss":0,"event_name":"The Mausoleum","floor":27,"gold_loss":0},{"damage_healed":0,"gold_gain":0,"player_choice":"Fight","damage_taken":0,"max_hp_gain":0,"max_hp_loss":0,"event_name":"Colosseum","floor":28,"gold_loss":0},{"damage_healed":0,"gold_gain":0,"player_choice":"Fled From Nobs","damage_taken":0,"max_hp_gain":0,"max_hp_loss":0,"event_name":"Colosseum","floor":28,"gold_loss":0},{"damage_healed":0,"gold_gain":0,"player_choice":"Upgraded","damage_taken":0,"max_hp_gain":0,"max_hp_loss":0,"event_name":"Upgrade Shrine","floor":37,"gold_loss":0,"cards_upgraded":["Hyperbeam"]},{"cards_removed":["Zap"],"damage_healed":0,"gold_gain":0,"player_choice":"Removed Skill","damage_taken":0,"max_hp_gain":0,"max_hp_loss":0,"event_name":"Falling","floor":48,"gold_loss":0}],"is_beta":false,"boss_relics":[{"not_picked":["Philosopher\u0027s Stone","Tiny House"],"picked":"Astrolabe"},{"not_picked":["FrozenCore","Runic Pyramid"],"picked":"Pandora\u0027s Box"}],"items_purged_floors":[36,47],"is_endless":false,"potions_floor_spawned":[1,3,8,13,18,20,22,31,33,38,41,45],"killed_by":"Time Eater","ascension_level":8}