{"gold_per_floor":[109,109,129,20,32,32,32,52,52,70,70,70,26,26,26,26],"floor_reached":16,"playtime":460,"items_purged":[],"score":167,"play_id":"5179a023-acdd-4d2a-99e2-174771d2b283","local_time":"20190110220846","is_ascension_mode":true,"campfire_choices":[{"data":"Bash","floor":6,"key":"SMITH"},{"data":"True Grit","floor":12,"key":"SMITH"},{"data":"Corruption","floor":15,"key":"SMITH"}],"neow_cost":"NONE","seed_source_timestamp":133579015550413,"circlet_count":0,"master_deck":["AscendersBane","Strike_R+1","Strike_R","Strike_R","Strike_R","Defend_R","Defend_R","Defend_R","Defend_R","Bash+1","Deep Breath","Shrug It Off","Pummel","Clothesline+1","True Grit+1","Pommel Strike","Warcry","Corruption+1"],"relics":["Burning Blood","Mummified Hand","Gremlin Horn"],"potions_floor_usage":[],"damage_taken":[{"damage":7,"enemies":"Cultist","floor":1,"turns":4},{"damage":3,"enemies":"2 Louse","floor":3,"turns":4},{"damage":4,"enemies":"Small Slimes","floor":5,"turns":4},{"damage":4,"enemies":"Blue Slaver","floor":8,"turns":5},{"damage":8,"enemies":"3 Louse","floor":10,"turns":4},{"damage":49,"enemies":"Slime Boss","floor":16,"turns":10}],"seed_played":"-8823539729456469594","potions_obtained":[{"floor":3,"key":"Ancient Potion"},{"floor":5,"key":"SpeedPotion"}],"is_trial":false,"path_per_floor":["M","T","M","$","M","R","?","M","T","M","?","R","$","?","R","B"],"character_chosen":"IRONCLAD","items_purchased":["Clothesline","True Grit","Corruption"],"campfire_rested":0,"item_purchase_floors":[4,4,13],"current_hp_per_floor":[67,67,70,70,72,72,49,51,51,49,49,49,49,49,49,0],"gold":26,"neow_bonus":"RANDOM_COLORLESS","is_prod":false,"is_daily":false,"chose_seed":false,"campfire_upgraded":3,"win_rate":0,"timestamp":1547183326,"path_taken":["M","?","M","$","M","R","?","M","T","M","?","R","?","?","R","BOSS"],"build_version":"2019-01-09","purchased_purges":0,"victory":false,"max_hp_per_floor":[75,75,75,75,75,75,75,75,75,75,75,75,75,75,75,75],"card_choices":[{"not_picked":["Inflame","Clothesline"],"picked":"Shrug It Off","floor":1},{"not_picked":["Seeing Red","Infernal Blade"],"picked":"Pummel","floor":3},{"not_picked":["Twin Strike","Clash","Headbutt"],"picked":"SKIP","floor":5},{"not_picked":["Havoc","Twin Strike"],"picked":"Pommel Strike","floor":8},{"not_picked":["Perfected Strike","Havoc"],"picked":"Warcry","floor":10}],"player_experience":1034922,"relics_obtained":[{"floor":2,"key":"Mummified Hand"},{"floor":9,"key":"Gremlin Horn"}],"event_choices":[{"damage_healed":0,"gold_gain":0,"player_choice":"Entered Light","damage_taken":23,"max_hp_gain":0,"max_hp_loss":0,"event_name":"Shining Light","floor":7,"gold_loss":0,"cards_upgraded":["Clothesline","Strike_R"]},{"cards_removed":["Strike_R"],"damage_healed":0,"gold_gain":0,"player_choice":"Forget","damage_taken":0,"max_hp_gain":0,"max_hp_loss":0,"event_name":"Living Wall","floor":11,"gold_loss":0},{"damage_healed":0,"gold_gain":0,"player_choice":"Ignored","damage_taken":0,"max_hp_gain":0,"max_hp_loss":0,"event_name":"Liars Game","floor":14,"gold_loss":0}],"is_beta":true,"boss_relics":[],"items_purged_floors":[],"is_endless":false,"potions_floor_spawned":[3,5,10],"killed_by":"Slime Boss","ascension_level":17}