{"path_per_floor":["M","?","M","?","M","E","R","M","T","M","T","?"],"character_chosen":"DEFECT","items_purchased":[],"gold_per_floor":[112,112,132,207,217,246,246,265,265,282,327,382,382],"floor_reached":13,"campfire_rested":0,"playtime":678,"item_purchase_floors":[],"current_hp_per_floor":[75,57,52,41,41,39,39,28,28,24,24,7,0],"items_purged":[],"gold":382,"score":85,"play_id":"4f79c5bb-e9c0-46e1-b5de-d7c181235d68","local_time":"20180609191530","is_prod":false,"is_daily":false,"chose_seed":false,"is_ascension_mode":false,"campfire_upgraded":1,"win_rate":0,"timestamp":1528586130,"campfire_choices":[{"data":"Creative AI","floor":7,"key":"SMITH"}],"path_taken":["M","?","M","?","M","E","R","M","T","M","?","?","M"],"build_version":"2018-06-07v3","seed_source_timestamp":296723997276912,"purchased_purges":0,"victory":false,"master_deck":["Strike_B","Strike_B","Strike_B","Defend_B","Defend_B","Defend_B","Defend_B","Zap","Dualcast","BootSequence","Auto Shields","Defragment","Creative AI+1","Cold Snap","Chaos","Rebound"],"max_hp_per_floor":[75,75,75,75,75,75,75,75,75,75,75,75,75],"relics":["Cracked Core","Regal Pillow","The Courier","Juzu Bracelet","Bag of Preparation","Gambling Chip"],"card_choices":[{"not_picked":["Force Field","White Noise"],"picked":"BootSequence","floor":1},{"not_picked":["Barrage","Hello World"],"picked":"Auto Shields","floor":3},{"not_picked":["Hello World","Melter"],"picked":"Defragment","floor":5},{"not_picked":["Blizzard","Conserve Battery"],"picked":"Creative AI","floor":6},{"not_picked":["Compile Driver","Self Repair"],"picked":"Cold Snap","floor":8},{"not_picked":["Skim","BootSequence"],"picked":"Chaos","floor":10},{"not_picked":["Coolheaded","Barrage"],"picked":"Rebound","floor":12}],"player_experience":937259,"potions_floor_usage":[6,8,13],"damage_taken":[{"damage":0,"enemies":"2 Louse","floor":1,"turns":3},{"damage":5,"enemies":"Small Slimes","floor":3,"turns":4},{"damage":0,"enemies":"Jaw Worm","floor":5,"turns":3},{"damage":2,"enemies":"Lagavulin","floor":6,"turns":7},{"damage":11,"enemies":"Large Slime","floor":8,"turns":5},{"damage":4,"enemies":"Blue Slaver","floor":10,"turns":4},{"damage":17,"enemies":"Lagavulin Event","floor":12,"turns":8},{"damage":7,"enemies":"3 Louse","floor":13,"turns":2}],"relics_obtained":[{"floor":6,"key":"The Courier"},{"floor":9,"key":"Juzu Bracelet"},{"floor":11,"key":"Bag of Preparation"},{"floor":12,"key":"Gambling Chip"}],"event_choices":[{"event_name":"Scrap Ooze","player_choice":"success","floor":2,"damage_taken":18},{"event_name":"World of Goop","player_choice":"Gather Gold","floor":4,"damage_taken":0},{"event_name":"Dead Adventurer","player_choice":"Searched \u00272\u0027 times","floor":12,"damage_taken":0}],"boss_relics":[],"items_purged_floors":[],"potions_floor_spawned":[1,5,10,12],"seed_played":"1779823480183605342","killed_by":"3 Louse","ascension_level":0,"potions_obtained":[{"floor":1,"key":"FearPotion"},{"floor":5,"key":"Explosive Potion"},{"floor":10,"key":"Energy Potion"},{"floor":12,"key":"SkillPotion"}],"is_trial":false}