{"gold_per_floor":[109,121,140,190,21,21,171,198,276,276,276],"floor_reached":11,"playtime":362,"items_purged":[],"score":142,"play_id":"89c1f9a2-e335-4412-b80f-d189e709a399","local_time":"20190318230844","is_ascension_mode":true,"campfire_choices":[{"data":"Feel No Pain","floor":6,"key":"SMITH"},{"data":"Carnage","floor":10,"key":"SMITH"}],"neow_cost":"NONE","seed_source_timestamp":164232832109228,"circlet_count":0,"master_deck":["AscendersBane","Strike_R","Strike_R","Strike_R","Strike_R","Strike_R","Defend_R","Defend_R","Defend_R","Defend_R","Bash","Twin Strike","Evolve","Feel No Pain+1","Doubt","Carnage+1"],"relics":["Burning Blood","Juzu Bracelet","Pen Nib","Bottled Tornado"],"potions_floor_usage":[11],"damage_taken":[{"damage":12,"enemies":"Jaw Worm","floor":1,"turns":5},{"damage":1,"enemies":"Cultist","floor":2,"turns":3},{"damage":7,"enemies":"Small Slimes","floor":3,"turns":4},{"damage":58,"enemies":"Gremlin Nob","floor":8,"turns":6},{"damage":25,"enemies":"Lagavulin","floor":11,"turns":4}],"seed_played":"2429120845195061311","potions_obtained":[{"floor":8,"key":"Swift Potion"}],"is_trial":false,"path_per_floor":["M","M","M","?","$","R","?","E","T","R","E"],"character_chosen":"IRONCLAD","items_purchased":["Juzu Bracelet"],"campfire_rested":0,"item_purchase_floors":[5],"current_hp_per_floor":[69,74,73,65,65,65,65,13,13,13,0],"gold":276,"neow_bonus":"TEN_PERCENT_HP_BONUS","is_prod":false,"is_daily":false,"chose_seed":false,"campfire_upgraded":2,"win_rate":0,"timestamp":1552964924,"path_taken":["M","M","M","?","?","R","?","E","T","R","E"],"build_version":"2019-01-23","purchased_purges":0,"victory":false,"max_hp_per_floor":[82,82,82,82,82,82,82,82,82,82,82],"card_choices":[{"not_picked":["Body Slam","Flex"],"picked":"Twin Strike","floor":1},{"not_picked":["Power Through","True Grit"],"picked":"Evolve","floor":2},{"not_picked":["Inflame","Whirlwind"],"picked":"Feel No Pain","floor":3},{"not_picked":["Warcry","Body Slam"],"picked":"Carnage","floor":8}],"player_experience":1237628,"relics_obtained":[{"floor":8,"key":"Pen Nib"},{"floor":9,"key":"Bottled Tornado"}],"event_choices":[{"damage_healed":0,"gold_gain":50,"player_choice":"Touch","damage_taken":8,"max_hp_gain":0,"max_hp_loss":0,"event_name":"FaceTrader","floor":4,"gold_loss":0},{"damage_healed":0,"gold_gain":150,"player_choice":"AGREE","damage_taken":0,"max_hp_gain":0,"max_hp_loss":0,"event_name":"Liars Game","floor":7,"gold_loss":0,"cards_obtained":["Doubt"]}],"is_beta":false,"boss_relics":[],"items_purged_floors":[],"is_endless":false,"potions_floor_spawned":[8],"killed_by":"Lagavulin","ascension_level":20}