{"gold_per_floor":[117,67,85,100,100,130,130,146,228,403,428,445,70,70,70,171,171,187,204,221,23,39,39,50,50,50,61,74,74,74,101,101,200,200,215,109,109,119,133,133],"floor_reached":40,"playtime":2070,"items_purged":["Doubt"],"score":420,"play_id":"f6bfb65a-8f68-4943-91d4-dbc9c42a06fe","local_time":"20190317210321","is_ascension_mode":false,"campfire_choices":[{"floor":7,"key":"REST"},{"data":"Defragment","floor":15,"key":"SMITH"},{"floor":23,"key":"REST"},{"data":"Amplify","floor":25,"key":"SMITH"},{"floor":29,"key":"REST"},{"floor":32,"key":"REST"}],"neow_cost":"NONE","seed_source_timestamp":408215021100912,"circlet_count":0,"master_deck":["Strike_B","Strike_B","Defend_B","Defend_B","Zap","Dualcast","Genetic Algorithm","Ball Lightning","FTL","Hologram","Defragment+1","Sweeping Beam","Loop","Ball Lightning","Echo Form","Leap","Stack","Conserve Battery","Amplify+1","Loop","Ball Lightning","Barrage","Creative AI","Leap","Defragment","Reboot","Conserve Battery+1","Loop","Double Energy","Steam+1"],"relics":["Cracked Core","NeowsBlessing","Thread and Needle","Gremlin Horn","Juzu Bracelet","OrangePellets","Philosopher\u0027s Stone","Anchor","White Beast Statue"],"potions_floor_usage":[20,20,20,24,24,31,33,40,40,40],"damage_taken":[{"damage":0,"enemies":"Jaw Worm","floor":1,"turns":1},{"damage":0,"enemies":"2 Louse","floor":3,"turns":1},{"damage":0,"enemies":"Cultist","floor":4,"turns":1},{"damage":37,"enemies":"Gremlin Nob","floor":6,"turns":4},{"damage":0,"enemies":"Red Slaver","floor":8,"turns":3},{"damage":17,"enemies":"Lagavulin","floor":11,"turns":5},{"damage":9,"enemies":"Exordium Wildlife","floor":12,"turns":4},{"damage":36,"enemies":"Hexaghost","floor":16,"turns":7},{"damage":15,"enemies":"3 Byrds","floor":18,"turns":3},{"damage":7,"enemies":"Spheric Guardian","floor":19,"turns":4},{"damage":27,"enemies":"Shelled Parasite and Fungi","floor":20,"turns":4},{"damage":3,"enemies":"Centurion and Healer","floor":22,"turns":6},{"damage":6,"enemies":"Snecko","floor":24,"turns":5},{"damage":23,"enemies":"Snake Plant","floor":27,"turns":4},{"damage":0,"enemies":"Chosen and Byrds","floor":28,"turns":4},{"damage":6,"enemies":"Gremlin Leader","floor":31,"turns":5},{"damage":20,"enemies":"Automaton","floor":33,"turns":7},{"damage":0,"enemies":"3 Shapes","floor":35,"turns":4},{"damage":18,"enemies":"Orb Walker","floor":38,"turns":3},{"damage":22,"enemies":"4 Shapes","floor":39,"turns":6},{"damage":43,"enemies":"Nemesis","floor":40,"turns":5}],"seed_played":"-3488570197443560257","potions_obtained":[{"floor":3,"key":"Strength Potion"},{"floor":4,"key":"LiquidBronze"},{"floor":12,"key":"FocusPotion"},{"floor":18,"key":"Regen Potion"},{"floor":20,"key":"SkillPotion"},{"floor":22,"key":"Weak Potion"},{"floor":27,"key":"Explosive Potion"},{"floor":31,"key":"Fire Potion"},{"floor":35,"key":"Explosive Potion"},{"floor":38,"key":"PowerPotion"},{"floor":39,"key":"Dexterity Potion"}],"is_trial":false,"path_per_floor":["M","?","M","M","?","E","R","M","T","?","E","M","$","?","R","B",null,"M","M","M","$","M","R","M","R","T","M","M","R","?","E","R","B",null,"M","$","?","M","M","E"],"character_chosen":"DEFECT","items_purchased":["Loop","OrangePellets","Ball Lightning","Amplify","Loop","Ball Lightning","Loop","Double Energy"],"campfire_rested":4,"item_purchase_floors":[13,13,13,21,21,21,36,36],"current_hp_per_floor":[75,75,75,75,68,31,53,53,53,53,36,27,27,75,75,39,75,60,53,38,38,35,57,51,51,51,28,28,50,50,44,66,46,75,75,75,75,57,35,0],"gold":133,"neow_bonus":"THREE_ENEMY_KILL","is_prod":false,"is_daily":false,"chose_seed":false,"campfire_upgraded":2,"win_rate":0,"timestamp":1552871001,"path_taken":["M","?","M","M","?","E","R","M","T","?","E","M","$","?","R","BOSS","M","M","M","$","M","R","M","R","T","M","M","R","?","E","R","BOSS","M","?","?","M","M","E"],"build_version":"2019-01-23","purchased_purges":1,"victory":false,"max_hp_per_floor":[75,75,75,75,75,75,75,75,75,75,75,75,75,75,75,75,75,75,75,75,75,75,75,75,75,75,75,75,75,75,75,75,75,75,75,75,75,75,75,75],"card_choices":[{"not_picked":["Barrage","Recycle"],"picked":"Genetic Algorithm","floor":1},{"not_picked":["Coolheaded","Beam Cell","Doom and Gloom"],"picked":"SKIP","floor":3},{"not_picked":["Melter","Hologram"],"picked":"Ball Lightning","floor":4},{"not_picked":["Darkness","Hello World"],"picked":"FTL","floor":6},{"not_picked":["Darkness","BootSequence"],"picked":"Hologram","floor":8},{"not_picked":["FTL","Hello World"],"picked":"Defragment","floor":11},{"not_picked":["Lockon","Chaos"],"picked":"Sweeping Beam","floor":12},{"not_picked":["Reboot","Amplify"],"picked":"Echo Form","floor":16},{"not_picked":["Tempest","Undo"],"picked":"Leap","floor":18},{"not_picked":["Fusion","Genetic Algorithm"],"picked":"Stack","floor":19},{"not_picked":["Sweeping Beam","BootSequence"],"picked":"Conserve Battery","floor":20},{"not_picked":["Redo+1","Leap"],"picked":"Barrage","floor":22},{"not_picked":["Darkness+1","Hello World+1","Rebound+1"],"picked":"SKIP","floor":24},{"not_picked":["Aggregate+1","Turbo+1"],"picked":"Creative AI","floor":27},{"not_picked":["Beam Cell","Gash"],"picked":"Leap","floor":28},{"not_picked":["Fusion","Coolheaded"],"picked":"Defragment","floor":31},{"not_picked":["All For One","Machine Learning"],"picked":"Reboot","floor":33},{"not_picked":["Beam Cell","Ball Lightning"],"picked":"Conserve Battery+1","floor":35},{"not_picked":["Sweeping Beam","Ball Lightning+1"],"picked":"Steam+1","floor":38},{"not_picked":["Rebound","Consume","Stack"],"picked":"SKIP","floor":39}],"player_experience":741781,"relics_obtained":[{"floor":6,"key":"Thread and Needle"},{"floor":9,"key":"Gremlin Horn"},{"floor":11,"key":"Juzu Bracelet"},{"floor":31,"key":"Anchor"}],"event_choices":[{"cards_removed":["Strike_B"],"damage_healed":0,"gold_gain":0,"player_choice":"Card Removal","damage_taken":0,"max_hp_gain":0,"max_hp_loss":0,"event_name":"The Cleric","floor":2,"gold_loss":50},{"cards_removed":["Defend_B"],"damage_healed":0,"gold_gain":0,"player_choice":"Card Removal","damage_taken":7,"max_hp_gain":0,"max_hp_loss":0,"event_name":"Golden Wing","floor":5,"gold_loss":0},{"damage_healed":0,"gold_gain":175,"player_choice":"AGREE","damage_taken":0,"max_hp_gain":0,"max_hp_loss":0,"event_name":"Liars Game","floor":10,"gold_loss":0,"cards_obtained":["Doubt"]},{"damage_healed":48,"gold_gain":0,"player_choice":"Full Heal","damage_taken":0,"max_hp_gain":0,"max_hp_loss":0,"event_name":"Wheel of Change","floor":14,"gold_loss":0},{"cards_removed":["Strike_B"],"damage_healed":0,"gold_gain":0,"player_choice":"Purged","damage_taken":0,"max_hp_gain":0,"max_hp_loss":0,"event_name":"Purifier","floor":30,"gold_loss":0},{"cards_removed":["Defend_B"],"damage_healed":0,"gold_gain":0,"player_choice":"Removed Skill","damage_taken":0,"max_hp_gain":0,"max_hp_loss":0,"event_name":"Falling","floor":37,"gold_loss":0}],"is_beta":false,"boss_relics":[{"not_picked":["Empty Cage","Fusion Hammer"],"picked":"Philosopher\u0027s Stone"},{"not_picked":["Orrery","FrozenCore"],"picked":"White Beast Statue"}],"items_purged_floors":[13],"is_endless":false,"potions_floor_spawned":[3,4,12,18,20,22,27,31,35,38,39],"killed_by":"Nemesis","ascension_level":0}