{"gold_per_floor":[367,367,66,82,100,100,118,132,132,145,179,179,191,222,222,324,324,335,0,17,35,50,50,50,50,50,60,60,70,133,150,150,252,252,265,314,314,314,25,25,0,0,0,0,14,14,26,57,57,57,57,57,14,39,39],"floor_reached":55,"playtime":3970,"items_purged":["Regret","Strike_B"],"score":729,"play_id":"ea8e657f-33cd-4cf6-991d-d39a22347674","local_time":"20190321230214","is_ascension_mode":false,"campfire_choices":[{"data":"Zap","floor":6.0,"key":"SMITH"},{"data":"FTL","floor":12.0,"key":"SMITH"},{"data":"Capacitor","floor":15.0,"key":"SMITH"},{"data":"Go for the Eyes","floor":23.0,"key":"SMITH"},{"data":"Coolheaded","floor":25.0,"key":"SMITH"},{"data":"Hologram","floor":28.0,"key":"SMITH"},{"data":"Dualcast","floor":32.0,"key":"SMITH"},{"data":"Storm","floor":40,"key":"SMITH"},{"floor":46,"key":"RECALL"},{"data":"Fusion","floor":49,"key":"SMITH"},{"data":"Thunder Strike","floor":52,"key":"SMITH"}],"neow_cost":"CURSE","seed_source_timestamp":0,"circlet_count":0,"master_deck":["Zap+1","Dualcast+1","Consume+1","Capacitor+1","FTL+1","Cold Snap","Ball Lightning","Coolheaded+1","Hologram+1","Ball Lightning","Cold Snap","Reboot","Go for the Eyes+1","Leap","Compile Driver","Ball Lightning+1","Conserve Battery","Ball Lightning+1","Stack+1","Barrage+1","Core Surge","Thunder Strike+1","Core Surge","Fusion+1","Core Surge","Storm+1","Heatsinks","Multi-Cast","Glacier","Leap+1","Writhe","Thinking Ahead","Self Repair","Compile Driver","Capacitor+1","Self Repair","Echo Form","Self Repair","Conserve Battery+1"],"special_seed":0,"relics":["Cracked Core","DataDisk","Bronze Scales","Art of War","Matryoshka","Coffee Dripper","Membership Card","PreservedInsect","Question Card","Tiny Chest","Pandora\u0027s Box","Ice Cream","OrangePellets","Cables","Red Mask","Kunai","Bag of Preparation","Meat on the Bone","Juzu Bracelet","Anchor"],"potions_floor_usage":[36,36,47,50,55,55],"damage_taken":[{"damage":3.0,"enemies":"Jaw Worm","floor":1.0,"turns":3.0},{"damage":0.0,"enemies":"Cultist","floor":4.0,"turns":3.0},{"damage":0.0,"enemies":"Small Slimes","floor":5.0,"turns":3.0},{"damage":2.0,"enemies":"3 Louse","floor":7.0,"turns":3.0},{"damage":2.0,"enemies":"Blue Slaver","floor":8.0,"turns":2.0},{"damage":9.0,"enemies":"Exordium Thugs","floor":10.0,"turns":4.0},{"damage":17.0,"enemies":"3 Sentries","floor":11.0,"turns":4.0},{"damage":7.0,"enemies":"Red Slaver","floor":13.0,"turns":2.0},{"damage":16.0,"enemies":"Gremlin Nob","floor":14.0,"turns":3.0},{"damage":16.0,"enemies":"Slime Boss","floor":16.0,"turns":6.0},{"damage":0.0,"enemies":"Spheric Guardian","floor":18.0,"turns":3.0},{"damage":11.0,"enemies":"2 Thieves","floor":20.0,"turns":3.0},{"damage":6.0,"enemies":"Centurion and Healer","floor":21.0,"turns":5.0},{"damage":0.0,"enemies":"Snake Plant","floor":22.0,"turns":3.0},{"damage":0.0,"enemies":"3 Cultists","floor":27.0,"turns":3.0},{"damage":1.0,"enemies":"Cultist and Chosen","floor":29.0,"turns":5.0},{"damage":10.0,"enemies":"Gremlin Leader","floor":30.0,"turns":4.0},{"damage":6.0,"enemies":"Snake Plant","floor":31.0,"turns":4.0},{"damage":35,"enemies":"Champ","floor":33,"turns":10},{"damage":0,"enemies":"Orb Walker","floor":35,"turns":3},{"damage":21,"enemies":"2 Orb Walkers","floor":36,"turns":4},{"damage":14,"enemies":"3 Shapes","floor":45,"turns":5},{"damage":11,"enemies":"3 Darklings","floor":47,"turns":4},{"damage":25,"enemies":"Giant Head","floor":48,"turns":7},{"damage":21,"enemies":"Time Eater","floor":50,"turns":8},{"damage":31,"enemies":"Shield and Spear","floor":54,"turns":6},{"damage":86,"enemies":"The Heart","floor":55,"turns":6}],"seed_played":"-4955862707228062502","potions_obtained":[{"floor":1.0,"key":"Swift Potion"},{"floor":4.0,"key":"Swift Potion"},{"floor":10.0,"key":"AttackPotion"},{"floor":13.0,"key":"AttackPotion"},{"floor":21.0,"key":"Weak Potion"},{"floor":22.0,"key":"SkillPotion"},{"floor":27.0,"key":"Fire Potion"},{"floor":30.0,"key":"Fire Potion"},{"floor":33,"key":"Weak Potion"},{"floor":35,"key":"Ancient Potion"},{"floor":45,"key":"SkillPotion"}],"is_trial":false,"path_per_floor":["M","?","$","M","M","R","M","M","T","M","E","R","M","E","R","B",null,"M","$","M","M","M","R","?","R","T","M","R","M","E","M","R","B",null,"M","?","?","?","$","R","$","?","T","T","M","R","M","E","R","B",null,"R","$","E","B"],"character_chosen":"DEFECT","items_purchased":["DataDisk","Capacitor","Membership Card","PreservedInsect","OrangePellets","Self Repair","Cables","PowerPotion","Compile Driver","Self Repair","SpeedPotion"],"campfire_rested":0,"item_purchase_floors":[3,3,19,19,39,39,39,39,41,53,53],"current_hp_per_floor":[72,72,72,72,72,72,70,68,68,59,42,42,35,19,19,3,75,75,75,64,58,58,58,58,58,58,58,58,57,47,41,41,6,75,75,54,73,73,73,73,73,73,73,73,66,66,62,63,63,42,75,75,75,65,0],"gold":39,"neow_bonus":"TWO_FIFTY_GOLD","is_prod":false,"is_daily":false,"chose_seed":false,"campfire_upgraded":10,"win_rate":0,"timestamp":1553223734,"path_taken":["M","?","$","M","M","R","M","M","T","M","E","R","?","E","R","BOSS","M","?","M","M","?","R","?","R","T","M","R","M","E","M","R","BOSS","M","?","?","?","?","R","$","?","T","?","M","R","M","E","R","BOSS","R","$","E","BOSS"],"build_version":"2019-01-23","purchased_purges":2,"victory":false,"max_hp_per_floor":[75,75,75,75,75,75,75,75,75,75,75,75,75,75,75,75,75,75,75,75,75,75,75,75,75,75,75,75,75,75,75,75,75,75,75,75,75,75,75,75,75,75,75,75,75,75,75,75,75,75,75,75,75,75,75],"card_choices":[{"not_picked":["Self Repair","Double Energy"],"picked":"Consume","floor":1.0},{"not_picked":["Fusion","Rip and Tear"],"picked":"FTL","floor":4.0},{"not_picked":["Turbo","Coolheaded"],"picked":"Cold Snap","floor":5.0},{"not_picked":["Steam","Stack"],"picked":"Ball Lightning","floor":7.0},{"not_picked":["FTL","Beam Cell","Steam"],"picked":"SKIP","floor":8.0},{"not_picked":["Undo","Stack"],"picked":"Coolheaded","floor":10.0},{"not_picked":["FTL","Sweeping Beam"],"picked":"Hologram","floor":11.0},{"not_picked":["Sunder","Streamline"],"picked":"Ball Lightning","floor":13.0},{"not_picked":["Amplify","Conserve Battery"],"picked":"Cold Snap","floor":14.0},{"not_picked":["Amplify","Fission"],"picked":"Reboot","floor":16.0},{"not_picked":["Conserve Battery","Streamline"],"picked":"Go for the Eyes","floor":18.0},{"not_picked":["Blizzard","Static Discharge"],"picked":"Leap","floor":20.0},{"not_picked":["Consume","Streamline+1"],"picked":"Compile Driver","floor":21.0},{"not_picked":["Rebound","Beam Cell+1"],"picked":"Ball Lightning+1","floor":22.0},{"not_picked":["Sweeping Beam","Darkness","Streamline+1"],"picked":"Conserve Battery","floor":27.0},{"not_picked":["Amplify","Streamline","Gash+1"],"picked":"Ball Lightning+1","floor":29.0},{"not_picked":["Cold Snap","Doom and Gloom+1","Genetic Algorithm"],"picked":"Stack+1","floor":30.0},{"not_picked":["Compile Driver","Double Energy+1","Streamline+1"],"picked":"Barrage+1","floor":31.0},{"not_picked":["Creative AI","Fission","Biased Cognition"],"picked":"Core Surge","floor":33},{"not_picked":["Gash","Chaos","Steam+1"],"picked":"Glacier","floor":35},{"not_picked":["Aggregate","Go for the Eyes","Consume"],"picked":"Leap+1","floor":36},{"not_picked":["Swift Strike","Enlightenment","Impatience"],"picked":"Thinking Ahead","floor":38},{"not_picked":["Go for the Eyes+1","Redo","Streamline+1"],"picked":"Capacitor+1","floor":45},{"not_picked":["Gash","Turbo","Chaos+1"],"picked":"Self Repair","floor":47},{"not_picked":["Turbo","Multi-Cast","Compile Driver+1"],"picked":"Echo Form","floor":48},{"not_picked":["Ball Lightning","Beam Cell","Double Energy+1"],"picked":"Conserve Battery+1","floor":54}],"player_experience":1316319,"relics_obtained":[{"floor":9.0,"key":"Bronze Scales"},{"floor":11.0,"key":"Art of War"},{"floor":14.0,"key":"Matryoshka"},{"floor":26.0,"key":"Question Card"},{"floor":30.0,"key":"Tiny Chest"},{"floor":36,"key":"Ice Cream"},{"floor":43,"key":"Kunai"},{"floor":43,"key":"Bag of Preparation"},{"floor":44,"key":"Meat on the Bone"},{"floor":48,"key":"Juzu Bracelet"},{"floor":54,"key":"Anchor"}],"event_choices":[{"damage_healed":0.0,"max_hp_gain":0.0,"max_hp_loss":0.0,"gold_gain":0.0,"event_name":"Upgrade Shrine","player_choice":"Upgraded","floor":2.0,"gold_loss":0.0,"damage_taken":0.0,"cards_upgraded":["Consume"]},{"damage_healed":0.0,"max_hp_gain":0.0,"max_hp_loss":0.0,"gold_gain":0.0,"event_name":"Beggar","player_choice":"Ignored","floor":24.0,"gold_loss":0.0,"damage_taken":0.0},{"damage_healed":0,"gold_gain":0,"player_choice":"Fight","damage_taken":0,"max_hp_gain":0,"max_hp_loss":0,"event_name":"Mysterious Sphere","floor":36,"gold_loss":0},{"damage_healed":19,"gold_gain":0,"player_choice":"Writhe","damage_taken":0,"max_hp_gain":0,"max_hp_loss":0,"event_name":"Winding Halls","floor":37,"gold_loss":0,"cards_obtained":["Writhe"]},{"damage_healed":0,"gold_gain":0,"player_choice":"Memory 1","damage_taken":0,"max_hp_gain":0,"max_hp_loss":0,"event_name":"SensoryStone","floor":38,"gold_loss":0},{"damage_healed":0,"gold_gain":0,"player_choice":"Paid","damage_taken":0,"relics_obtained":["Red Mask"],"max_hp_gain":0,"max_hp_loss":0,"event_name":"Tomb of Lord Red Mask","floor":42,"gold_loss":0}],"is_beta":false,"boss_relics":[{"not_picked":["Ectoplasm","Fusion Hammer"],"picked":"Coffee Dripper"},{"not_picked":["Runic Dome","Snecko Eye"],"picked":"Pandora\u0027s Box"}],"items_purged_floors":[3,19],"is_endless":false,"potions_floor_spawned":[1,4,10,13,21,22,27,30,33,35,45],"killed_by":"The Heart","ascension_level":0}