{"gold_per_floor":[214,232,245,295,312,312,312,344,369,398,412,40,40],"floor_reached":13,"playtime":789,"items_purged":[],"score":190,"play_id":"6112168f-97ea-467b-a866-606dcbfef824","local_time":"20190429002138","is_ascension_mode":true,"campfire_choices":[{"data":"Loop","floor":6,"key":"SMITH"}],"neow_cost":"NONE","seed_source_timestamp":541093091010173,"circlet_count":0,"master_deck":["AscendersBane","Strike_B","Strike_B","Strike_B","Strike_B","Defend_B","Defend_B","Defend_B","Defend_B","Zap+1","Dualcast","Leap","Cold Snap","Echo Form","Loop+1","Lockon","Go for the Eyes"],"relics":["Cracked Core","Ancient Tea Set","Smiling Mask","Regal Pillow","Gambling Chip"],"potions_floor_usage":[8,10,11,11,11,13],"damage_taken":[{"damage":3,"enemies":"2 Louse","floor":1,"turns":2},{"damage":1,"enemies":"Cultist","floor":2,"turns":4},{"damage":0,"enemies":"Small Slimes","floor":3,"turns":3},{"damage":4,"enemies":"Blue Slaver","floor":5,"turns":4},{"damage":20,"enemies":"3 Sentries","floor":8,"turns":5},{"damage":15,"enemies":"Lagavulin","floor":10,"turns":5},{"damage":11,"enemies":"Gremlin Gang","floor":11,"turns":5},{"damage":11,"enemies":"3 Sentries","floor":13,"turns":2}],"seed_played":"-735150031854322588","potions_obtained":[{"floor":3,"key":"FocusPotion"},{"floor":5,"key":"Poison Potion"},{"floor":8,"key":"EntropicBrew"}],"is_trial":false,"path_per_floor":["M","M","M","?","M","R","?","E","T","E","M","$","E"],"character_chosen":"DEFECT","items_purchased":["Gambling Chip","AttackPotion"],"campfire_rested":0,"item_purchase_floors":[12,12],"current_hp_per_floor":[61,60,60,53,49,49,49,29,29,14,3,3,0],"gold":40,"neow_bonus":"HUNDRED_GOLD","is_prod":false,"is_daily":false,"chose_seed":false,"campfire_upgraded":1,"win_rate":0,"timestamp":1556511698,"path_taken":["M","M","M","?","?","R","?","E","T","E","M","$","E"],"build_version":"2019-01-23","purchased_purges":0,"victory":false,"max_hp_per_floor":[71,71,71,71,71,71,71,71,71,71,71,71,71],"card_choices":[{"not_picked":["Redo","Scrape"],"picked":"Leap","floor":1},{"not_picked":["Redo","Sunder"],"picked":"Cold Snap","floor":2},{"not_picked":["Compile Driver","Melter"],"picked":"Echo Form","floor":3},{"not_picked":["Stack","Sunder"],"picked":"Loop","floor":5},{"not_picked":["Hyperbeam","Coolheaded"],"picked":"Lockon","floor":8},{"not_picked":["Barrage","Fission","Beam Cell"],"picked":"SKIP","floor":10},{"not_picked":["Barrage","Turbo"],"picked":"Go for the Eyes","floor":11}],"player_experience":2069093,"relics_obtained":[{"floor":8,"key":"Ancient Tea Set"},{"floor":9,"key":"Smiling Mask"},{"floor":10,"key":"Regal Pillow"}],"event_choices":[{"damage_healed":0,"gold_gain":50,"player_choice":"Touch","damage_taken":7,"max_hp_gain":0,"max_hp_loss":0,"event_name":"FaceTrader","floor":4,"gold_loss":0},{"damage_healed":0,"gold_gain":0,"player_choice":"Grow","damage_taken":0,"max_hp_gain":0,"max_hp_loss":0,"event_name":"Living Wall","floor":7,"gold_loss":0,"cards_upgraded":["Zap"]}],"is_beta":false,"boss_relics":[],"items_purged_floors":[],"is_endless":false,"potions_floor_spawned":[3,5,8],"killed_by":"3 Sentries","ascension_level":20}