{"gold_per_floor":[111,111,124,124,137,137,166,166,166,131,166,186,10,57,57,129,129,148,167,92,92,108,126,126,126,126,68,100,100,120,130,130,130],"floor_reached":33,"playtime":1303,"items_purged":["Defend_B"],"score":481,"play_id":"573587bb-670a-4a30-84d4-899a48c84047","local_time":"20190403225500","is_ascension_mode":true,"campfire_choices":[{"data":"Zap","floor":6,"key":"SMITH"},{"floor":8,"key":"REST"},{"data":"Buffer","floor":15,"key":"SMITH"},{"floor":25,"key":"REST"},{"floor":32,"key":"REST"}],"neow_cost":"NONE","seed_source_timestamp":1856038334739633,"circlet_count":0,"master_deck":["AscendersBane","Defend_B","Defend_B+1","Defend_B","Zap+1","Dualcast","Cold Snap","Compile Driver","Buffer+1","Cold Snap","All For One","Gash","Core Surge","Steam","BootSequence","Steam","Redo+1","Beam Cell+1","Defragment","Self Repair","Hologram+1"],"relics":["White Beast Statue","Mummified Hand","Art of War","Gremlin Horn","Lantern","Empty Cage","The Courier","Bag of Marbles"],"potions_floor_usage":[7,7,11,19,23,28,30,31,33,33],"damage_taken":[{"damage":4,"enemies":"2 Louse","floor":1,"turns":3},{"damage":0,"enemies":"Jaw Worm","floor":3,"turns":4},{"damage":0,"enemies":"Cultist","floor":5,"turns":4},{"damage":11,"enemies":"3 Sentries","floor":7,"turns":7},{"damage":1,"enemies":"Gremlin Nob","floor":11,"turns":5},{"damage":10,"enemies":"2 Fungi Beasts","floor":12,"turns":3},{"damage":8,"enemies":"The Guardian","floor":16,"turns":13},{"damage":3,"enemies":"Chosen","floor":18,"turns":6},{"damage":14,"enemies":"3 Byrds","floor":19,"turns":5},{"damage":0,"enemies":"Cultist and Chosen","floor":22,"turns":6},{"damage":1,"enemies":"3 Cultists","floor":23,"turns":7},{"damage":35,"enemies":"Slavers","floor":28,"turns":7},{"damage":4,"enemies":"Sentry and Sphere","floor":30,"turns":7},{"damage":4,"enemies":"Shelled Parasite and Fungi","floor":31,"turns":5},{"damage":41,"enemies":"Collector","floor":33,"turns":13}],"seed_played":"-7972046069247970776","potions_obtained":[{"floor":1,"key":"Dexterity Potion"},{"floor":3,"key":"FearPotion"},{"floor":5,"key":"Poison Potion"},{"floor":7,"key":"Weak Potion"},{"floor":11,"key":"FocusPotion"},{"floor":12,"key":"Explosive Potion"},{"floor":19,"key":"Block Potion"},{"floor":23,"key":"Energy Potion"},{"floor":28,"key":"EssenceOfSteel"},{"floor":30,"key":"SkillPotion"},{"floor":31,"key":"PowerPotion"}],"is_trial":false,"path_per_floor":["M","?","M","?","M","R","E","R","T","?","E","M","$","T","R","B",null,"M","M","$","?","M","M","?","R","T","$","E","?","M","M","R","B"],"character_chosen":"DEFECT","items_purchased":["All For One","Gash","Defragment"],"campfire_rested":3,"item_purchase_floors":[13,13,27],"current_hp_per_floor":[60,39,39,32,32,32,21,42,42,59,58,48,48,48,48,40,63,60,46,46,46,46,45,25,47,47,47,12,12,15,18,40,0],"gold":130,"neow_bonus":"BOSS_RELIC","is_prod":false,"is_daily":false,"chose_seed":false,"campfire_upgraded":2,"win_rate":0,"timestamp":1554346500,"path_taken":["M","?","M","?","M","R","E","R","T","?","E","M","$","?","R","BOSS","M","?","$","?","?","M","?","R","T","$","E","?","M","M","R","BOSS"],"build_version":"2019-03-15","purchased_purges":1,"victory":false,"max_hp_per_floor":[71,71,71,71,71,71,71,71,71,71,71,71,71,71,71,71,71,71,71,71,71,71,71,76,76,76,76,76,76,76,76,76,76],"card_choices":[{"not_picked":["Storm","Redo","Barrage"],"picked":"SKIP","floor":1},{"not_picked":["Rip and Tear","Reinforced Body"],"picked":"Cold Snap","floor":3},{"not_picked":["Loop","Beam Cell"],"picked":"Compile Driver","floor":5},{"not_picked":["Beam Cell","Force Field"],"picked":"Buffer","floor":7},{"not_picked":["Recycle","Redo","Scrape"],"picked":"SKIP","floor":11},{"not_picked":["Stack","Scrape"],"picked":"Cold Snap","floor":12},{"not_picked":["Fission","All For One"],"picked":"Core Surge","floor":16},{"not_picked":["Tempest","Barrage"],"picked":"Steam","floor":18},{"not_picked":["Stack","Cold Snap+1"],"picked":"BootSequence","floor":19},{"not_picked":["Storm","Beam Cell"],"picked":"Redo+1","floor":22},{"not_picked":["Chill","Turbo"],"picked":"Beam Cell+1","floor":23},{"not_picked":["Redo","Conserve Battery"],"picked":"Self Repair","floor":28},{"not_picked":["Compile Driver","Beam Cell","Lockon"],"picked":"SKIP","floor":30},{"not_picked":["Reprogram+1","Undo"],"picked":"Hologram+1","floor":31}],"player_experience":2353445,"relics_obtained":[{"floor":7,"key":"Mummified Hand"},{"floor":9,"key":"Art of War"},{"floor":11,"key":"Gremlin Horn"},{"floor":14,"key":"Lantern"},{"floor":26,"key":"The Courier"},{"floor":28,"key":"Bag of Marbles"}],"event_choices":[{"damage_healed":0,"gold_gain":0,"player_choice":"Entered Light","damage_taken":21,"max_hp_gain":0,"max_hp_loss":0,"event_name":"Shining Light","floor":2,"gold_loss":0,"cards_upgraded":["Strike_B","Defend_B"]},{"cards_removed":["Strike_B"],"damage_healed":0,"gold_gain":0,"player_choice":"Card Removal","damage_taken":7,"max_hp_gain":0,"max_hp_loss":0,"event_name":"Golden Wing","floor":4,"gold_loss":0},{"damage_healed":17,"gold_gain":0,"player_choice":"Healed","damage_taken":0,"max_hp_gain":0,"max_hp_loss":0,"event_name":"The Cleric","floor":10,"gold_loss":35},{"damage_healed":0,"gold_gain":0,"cards_transformed":["Strike_B"],"player_choice":"Transformed","damage_taken":0,"max_hp_gain":0,"max_hp_loss":0,"event_name":"Transmorgrifier","floor":21,"gold_loss":0,"cards_obtained":["Steam"]},{"damage_healed":0,"gold_gain":0,"player_choice":"Shed Blood","damage_taken":25,"max_hp_gain":5,"max_hp_loss":0,"event_name":"Forgotten Altar","floor":24,"gold_loss":0},{"damage_healed":0,"gold_gain":0,"player_choice":"Ignored","damage_taken":0,"max_hp_gain":0,"max_hp_loss":0,"event_name":"The Mausoleum","floor":29,"gold_loss":0}],"is_beta":true,"boss_relics":[{"not_picked":["Sozu","Busted Crown"],"picked":"Empty Cage"}],"items_purged_floors":[20],"is_endless":false,"potions_floor_spawned":[1,3,5,7,11,12,16,18,19,22,23,28,30,31],"killed_by":"Collector","ascension_level":15}