{"path_per_floor":["M","?","$","?","$","R","M","R","T","M","R","M","?","?","R","B",null,"M","?","?","?","M","R"],"character_chosen":"IRONCLAD","items_purchased":[],"gold_per_floor":[115,190,115,115,15,15,30,30,100,113,113,127,127,77,77,179,179,193,193,193,193,209,209,209],"floor_reached":24,"campfire_rested":2,"playtime":398,"current_hp_per_floor":[38,27,27,27,27,51,51,51,51,46,70,66,59,59,59,37,80,57,57,80,32,37,37,0],"items_purged":["Defend_R","Strike_R"],"gold":209,"score":182,"play_id":"c7ae6073-c020-45eb-9e1e-3cc19b328e88","local_time":"20180414115136","is_prod":false,"is_daily":false,"chose_seed":false,"is_ascension_mode":false,"campfire_upgraded":3,"timestamp":1523731896,"path_taken":["M","?","$","?","$","R","M","R","T","?","R","M","?","?","R","BOSS","M","?","?","?","?","R","E"],"build_version":"2018-04-12","seed_source_timestamp":225988803757789,"purchased_purges":3,"victory":false,"master_deck":["Strike_R","Strike_R","Strike_R","Bash+1","Pommel Strike+1","Brutality","Dramatic Entrance","Good Instincts","Dark Shackles","Dramatic Entrance","Dark Shackles","Rage+1"],"max_hp_per_floor":[80,80,80,80,80,80,80,80,80,80,80,80,80,80,80,80,80,80,80,80,80,80,80,80],"relics":["Black Blood"],"card_choices":[{"not_picked":["Iron Wave","Power Through"],"picked":"Pommel Strike","floor":1},{"not_picked":["Feel No Pain","Thunderclap"],"picked":"Warcry","floor":12},{"not_picked":["Immolate","Juggernaut"],"picked":"Brutality","floor":16},{"not_picked":["Body Slam","Power Through"],"picked":"Rage","floor":22}],"player_experience":466590,"potions_floor_usage":[16,16,24],"damage_taken":[{"damage":8,"enemies":"Small Slimes","floor":1,"turns":3},{"damage":6,"enemies":"2 Louse","floor":7,"turns":3},{"damage":11,"enemies":"Jaw Worm","floor":10,"turns":2},{"damage":10,"enemies":"Looter","floor":12,"turns":2},{"damage":43,"enemies":"Slime Boss","floor":16,"turns":9},{"damage":33,"enemies":"Spheric Guardian","floor":18,"turns":4},{"damage":5,"enemies":"3 Byrds","floor":22,"turns":5},{"damage":38,"enemies":"Slavers","floor":24,"turns":3}],"event_choices":[{"event_name":"World of Goop","player_choice":"Gather Gold","floor":2,"damage_taken":0},{"event_name":"Shining Light","player_choice":"Ignored","floor":4,"damage_taken":0},{"event_name":"Golden Wing","player_choice":"Card Removal","floor":13,"damage_taken":0},{"event_name":"The Cleric","player_choice":"Card Removal","floor":14,"damage_taken":0},{"event_name":"Purifier","player_choice":"One Purge","floor":19,"damage_taken":0},{"event_name":"The Library","player_choice":"Heal","floor":20,"damage_taken":0},{"event_name":"Knowing Skull","player_choice":"CARD CARD CARD CARD CARD ","floor":21,"damage_taken":0}],"boss_relics":[{"not_picked":["Runic Pyramid","Snecko Eye"],"picked":"Black Blood"}],"potions_floor_spawned":[7,10,12,18],"seed_played":"12220746163201723","killed_by":"Slavers","ascension_level":0,"is_trial":false}