{"gold_per_floor":[113,113,113,32,32,57,57,89,89,106,106,181,181,198,198,272,272,285,285,200,200,47,47],"floor_reached":23,"playtime":724,"items_purged":[],"score":511,"play_id":"d29f25b4-47fa-4bad-9fca-e4295337e4b9","local_time":"20190504010213","is_ascension_mode":true,"campfire_choices":[{"data":"Neutralize","floor":7.0,"key":"SMITH"},{"data":"Dagger Spray","floor":11.0,"key":"SMITH"},{"data":"Deadly Poison","floor":13.0,"key":"SMITH"},{"data":"Poisoned Stab","floor":15.0,"key":"SMITH"}],"neow_cost":"NONE","seed_source_timestamp":975303230517710,"circlet_count":0,"master_deck":["AscendersBane","Defend_G","Defend_G","Defend_G","Defend_G","Defend_G","Survivor","Neutralize+1","Deadly Poison+1","Dagger Spray+1","Caltrops","Calculated Gamble+1","Backflip+1","Poisoned Stab+1","Die Die Die","Leg Sweep+1","Bite","Bite","Bite","Bite","Bite","Corpse Explosion+1"],"special_seed":0,"relics":["Ring of the Snake","NeowsBlessing","Dream Catcher","Toxic Egg 2","Ice Cream","Gambling Chip","Eternal Feather","Dodecahedron","Ninja Scroll"],"potions_floor_usage":[],"damage_taken":[{"damage":0.0,"enemies":"Cultist","floor":1.0,"turns":1.0},{"damage":0.0,"enemies":"Lagavulin","floor":6.0,"turns":1.0},{"damage":0.0,"enemies":"3 Sentries","floor":8.0,"turns":2.0},{"damage":0.0,"enemies":"2 Louse","floor":10.0,"turns":2.0},{"damage":5.0,"enemies":"Small Slimes","floor":14.0,"turns":3.0},{"damage":24.0,"enemies":"Slime Boss","floor":16.0,"turns":9.0},{"damage":21.0,"enemies":"Shell Parasite","floor":18.0,"turns":5.0},{"damage":36,"enemies":"Book of Stabbing","floor":23,"turns":3}],"seed_played":"-311704684942130491","potions_obtained":[{"floor":8.0,"key":"Energy Potion"},{"floor":16.0,"key":"Explosive Potion"},{"floor":18.0,"key":"SteroidPotion"}],"is_trial":false,"path_per_floor":["M","T","$","$","?","E","R","E","T","M","R","?","R","M","R","B",null,"M","?","?","T","$","E"],"character_chosen":"THE_SILENT","items_purchased":["Dagger Spray","SteroidPotion","Corpse Explosion+1"],"campfire_rested":0,"item_purchase_floors":[4,4,22],"current_hp_per_floor":[59,59,59,59,59,59,59,59,59,59,59,48,48,43,43,19,54,33,33,33,33,33,0],"gold":47,"neow_bonus":"THREE_ENEMY_KILL","is_prod":false,"is_daily":false,"chose_seed":false,"campfire_upgraded":4,"win_rate":0,"timestamp":1556946133,"path_taken":["M","?","?","$","?","E","R","E","T","M","R","?","R","M","R","BOSS","M","?","?","?","?","E"],"build_version":"2019-01-23","purchased_purges":0,"victory":false,"max_hp_per_floor":[66,66,66,66,66,66,66,66,66,66,66,66,66,66,66,66,66,66,46,46,46,46,46],"card_choices":[{"not_picked":["PiercingWail","Flying Knee"],"picked":"Deadly Poison","floor":1.0},{"not_picked":["Accuracy","Flying Knee"],"picked":"Caltrops","floor":6.0},{"not_picked":["Underhanded Strike","Slice"],"picked":"Calculated Gamble+1","floor":8.0},{"not_picked":["Blade Dance+1","Dagger Throw"],"picked":"Backflip+1","floor":10.0},{"not_picked":["Flechettes","Underhanded Strike"],"picked":"Poisoned Stab","floor":14.0},{"not_picked":["Envenom","Unload"],"picked":"Die Die Die","floor":16.0},{"not_picked":["Riddle With Holes","Distraction+1"],"picked":"Leg Sweep+1","floor":18.0}],"player_experience":2327802,"relics_obtained":[{"floor":2.0,"key":"Dream Catcher"},{"floor":6.0,"key":"Toxic Egg 2"},{"floor":8.0,"key":"Ice Cream"},{"floor":9.0,"key":"Gambling Chip"},{"floor":21.0,"key":"Ninja Scroll"}],"event_choices":[{"damage_healed":0.0,"max_hp_gain":0.0,"max_hp_loss":0.0,"gold_gain":0.0,"event_name":"The Cleric","player_choice":"Leave","floor":5.0,"gold_loss":0.0,"damage_taken":0.0},{"damage_healed":0.0,"max_hp_gain":0.0,"max_hp_loss":0.0,"gold_gain":75.0,"event_name":"World of Goop","player_choice":"Gather Gold","floor":12.0,"gold_loss":0.0,"damage_taken":11.0},{"damage_healed":0.0,"max_hp_gain":0.0,"max_hp_loss":20.0,"gold_gain":0.0,"event_name":"Vampires","player_choice":"Became a vampire","floor":19.0,"gold_loss":0.0,"damage_taken":0.0,"cards_obtained":["Bite","Bite","Bite","Bite","Bite"]},{"damage_healed":0.0,"max_hp_gain":0.0,"max_hp_loss":0.0,"gold_gain":0.0,"event_name":"Addict","player_choice":"Obtained Relic","floor":20.0,"gold_loss":85.0,"damage_taken":0.0,"relics_obtained":["Dodecahedron"]}],"is_beta":false,"boss_relics":[{"not_picked":["WristBlade","Lizard Tail"],"picked":"Eternal Feather"}],"items_purged_floors":[],"is_endless":false,"potions_floor_spawned":[8,10,16,18],"killed_by":"Book of Stabbing","ascension_level":20}