{"gold_per_floor":[17,32,32,32,45,45,106,106,106,106,125,154,166,207,219,309,321,347,370,397,34,34,34,61,31,58,58,76,76,88,167,167,242,242,260,260,260],"floor_reached":37,"playtime":1935,"items_purged":["Strike_B"],"score":810,"play_id":"ea3f72c0-ec63-49c1-b687-6fe66c431501","local_time":"20190507210224","is_ascension_mode":true,"campfire_choices":[{"data":"Chill","floor":6,"key":"SMITH"},{"floor":10,"key":"REST"},{"floor":13,"key":"REST"},{"data":"Biased Cognition","floor":15,"key":"SMITH"},{"data":"Defragment","floor":23,"key":"SMITH"},{"floor":29,"key":"REST"},{"data":"Capacitor","floor":32,"key":"SMITH"}],"neow_cost":"NO_GOLD","seed_source_timestamp":36830728204323,"circlet_count":0,"master_deck":["AscendersBane","Strike_B","Defend_B","Defend_B","Defend_B","Defend_B","Zap","Dualcast","Biased Cognition+1","Cold Snap","Chill+1","Coolheaded","Auto Shields","Ball Lightning","Ball Lightning+1","Defragment+1","Self Repair","Capacitor+1","Consume","Turbo+1","Leap","Core Surge+1","Self Repair","Coolheaded","Stack","Go for the Eyes+1","Stack","Fission","Glacier"],"relics":["Cracked Core","Blood Vial","Kunai","MawBank","Molten Egg 2","Orrery","Matryoshka","Bottled Flame","Ornamental Fan","Regal Pillow","Ancient Tea Set","Bottled Tornado","Coffee Dripper"],"potions_floor_usage":[8],"damage_taken":[{"damage":1,"enemies":"Cultist","floor":1,"turns":3},{"damage":5,"enemies":"Jaw Worm","floor":2,"turns":4},{"damage":8,"enemies":"2 Louse","floor":5,"turns":2},{"damage":30,"enemies":"Gremlin Nob","floor":7,"turns":5},{"damage":0,"enemies":"Gremlin Nob","floor":8,"turns":3},{"damage":8,"enemies":"Exordium Thugs","floor":11,"turns":6},{"damage":15,"enemies":"3 Sentries","floor":12,"turns":14},{"damage":7,"enemies":"Gremlin Nob","floor":14,"turns":4},{"damage":25,"enemies":"Hexaghost","floor":16,"turns":9},{"damage":19,"enemies":"Shell Parasite","floor":18,"turns":6},{"damage":4,"enemies":"Spheric Guardian","floor":19,"turns":6},{"damage":23,"enemies":"Shelled Parasite and Fungi","floor":20,"turns":7},{"damage":22,"enemies":"Slavers","floor":24,"turns":8},{"damage":11,"enemies":"Centurion and Healer","floor":28,"turns":8},{"damage":9,"enemies":"3 Cultists","floor":30,"turns":7},{"damage":61,"enemies":"Automaton","floor":33,"turns":13},{"damage":0,"enemies":"3 Shapes","floor":35,"turns":7},{"damage":94,"enemies":"2 Orb Walkers","floor":37,"turns":7}],"seed_played":"-629172896321666124","potions_obtained":[{"floor":5,"key":"Energy Potion"},{"floor":7,"key":"SmokeBomb"},{"floor":12,"key":"Dexterity Potion"}],"is_trial":false,"path_per_floor":["M","M","?","$","M","R","?","E","T","R","M","E","R","E","R","B",null,"M","M","M","$","?","R","E","$","T","$","M","R","M","T","R","B",null,"M","$","?"],"character_chosen":"DEFECT","items_purchased":["Self Repair","Matryoshka","Stack"],"campfire_rested":3,"item_purchase_floors":[21,21,25],"current_hp_per_floor":[63,58,51,51,43,43,13,15,15,36,30,17,38,33,33,10,56,46,51,37,37,37,37,31,31,31,31,36,71,69,69,69,24,59,71,71,0],"gold":260,"neow_bonus":"THREE_RARE_CARDS","is_prod":false,"is_daily":false,"chose_seed":false,"campfire_upgraded":4,"win_rate":0,"timestamp":1557255744,"path_taken":["M","M","?","$","M","R","?","E","T","R","M","E","R","E","R","BOSS","M","M","M","$","?","R","E","?","T","$","?","R","M","?","R","BOSS","M","$","?"],"build_version":"2019-01-23","purchased_purges":1,"victory":false,"max_hp_per_floor":[71,71,71,71,71,71,71,71,71,71,71,71,71,71,71,71,71,71,71,71,71,71,71,71,71,71,71,71,71,71,71,71,71,71,71,71,71],"card_choices":[{"not_picked":["Machine Learning","Creative AI"],"picked":"Biased Cognition","floor":0},{"not_picked":["Turbo","Aggregate"],"picked":"Cold Snap","floor":1},{"not_picked":["Cold Snap","Scrape"],"picked":"Chill","floor":2},{"not_picked":["Hello World","Heatsinks"],"picked":"Coolheaded","floor":5},{"not_picked":["Aggregate","Hologram"],"picked":"Auto Shields","floor":7},{"not_picked":["Beam Cell","Compile Driver"],"picked":"Ball Lightning","floor":11},{"not_picked":["Sunder","Double Energy","Chill"],"picked":"SKIP","floor":12},{"not_picked":["Steam","Coolheaded"],"picked":"Ball Lightning","floor":14},{"not_picked":["Skim","Leap"],"picked":"Defragment","floor":17},{"not_picked":["Gash+1","Stack"],"picked":"Self Repair","floor":17},{"not_picked":["Storm","Recycle"],"picked":"Capacitor","floor":17},{"not_picked":["Coolheaded","Rebound+1"],"picked":"Consume","floor":17},{"not_picked":["Beam Cell+1","Steam Power+1"],"picked":"Turbo+1","floor":18},{"not_picked":["Storm","Ball Lightning+1"],"picked":"Leap","floor":19},{"not_picked":["Gash+1","Stack"],"picked":"Core Surge+1","floor":20},{"not_picked":["Streamline+1","Tempest"],"picked":"Coolheaded","floor":24},{"not_picked":["Steam","Fusion"],"picked":"Go for the Eyes+1","floor":28},{"not_picked":["Conserve Battery","Sweeping Beam+1"],"picked":"Stack","floor":30},{"not_picked":["All For One+1","Thunder Strike+1"],"picked":"Fission","floor":33},{"not_picked":["Undo","Rebound+1"],"picked":"Glacier","floor":35}],"player_experience":338981,"relics_obtained":[{"floor":7,"key":"Blood Vial"},{"floor":9,"key":"Kunai"},{"floor":12,"key":"MawBank"},{"floor":14,"key":"Molten Egg 2"},{"floor":24,"key":"Bottled Flame"},{"floor":26,"key":"Ornamental Fan"},{"floor":26,"key":"Regal Pillow"},{"floor":31,"key":"Ancient Tea Set"},{"floor":31,"key":"Bottled Tornado"}],"event_choices":[{"cards_removed":["Strike_B"],"damage_healed":0,"gold_gain":0,"player_choice":"Card Removal","damage_taken":7,"max_hp_gain":0,"max_hp_loss":0,"event_name":"Golden Wing","floor":3,"gold_loss":0},{"damage_healed":0,"gold_gain":0,"player_choice":"Searched \u00271\u0027 times","damage_taken":0,"max_hp_gain":0,"max_hp_loss":0,"event_name":"Dead Adventurer","floor":7,"gold_loss":0},{"cards_removed":["Strike_B"],"damage_healed":0,"gold_gain":0,"player_choice":"Purged","damage_taken":0,"max_hp_gain":0,"max_hp_loss":0,"event_name":"Purifier","floor":22,"gold_loss":0},{"damage_healed":0,"gold_gain":0,"player_choice":"Fight","damage_taken":0,"max_hp_gain":0,"max_hp_loss":0,"event_name":"Mysterious Sphere","floor":37,"gold_loss":0}],"is_beta":false,"boss_relics":[{"not_picked":["Lizard Tail","Astrolabe"],"picked":"Orrery"},{"not_picked":["Velvet Choker","Snecko Eye"],"picked":"Coffee Dripper"}],"items_purged_floors":[21],"is_endless":false,"potions_floor_spawned":[5,7,8,12,19,20],"killed_by":"2 Orb Walkers","ascension_level":20}