{"gold_per_floor":[114,114,132,132,142,142,158,158,208,241,254,19,38,50,50,155,155,168,179,195,195,214,214,214],"floor_reached":24,"playtime":1017,"items_purged":["Strike_B"],"score":202,"play_id":"5f3f42c5-9e55-497a-947a-d9939e0f4802","local_time":"20190319181425","is_ascension_mode":false,"campfire_choices":[{"data":"Streamline","floor":6,"key":"SMITH"},{"floor":15,"key":"REST"},{"floor":23,"key":"REST"}],"neow_cost":"NONE","seed_source_timestamp":571929482446798,"circlet_count":0,"master_deck":["Strike_B","Strike_B","Strike_B","Defend_B","Defend_B","Defend_B","Defend_B","Zap","Dualcast","Storm","Streamline+1","Turbo","Sweeping Beam","Buffer","Defragment","Amplify","Loop","Ball Lightning","Machine Learning","Thunder Strike","Conserve Battery","Force Field+1","Storm"],"relics":["Cracked Core","Bag of Preparation","Smiling Mask","Busted Crown"],"potions_floor_usage":[10,10,16,16,16],"damage_taken":[{"damage":8,"enemies":"Small Slimes","floor":1,"turns":3},{"damage":8,"enemies":"Jaw Worm","floor":3,"turns":3},{"damage":0,"enemies":"2 Louse","floor":5,"turns":1},{"damage":6,"enemies":"Gremlin Gang","floor":7,"turns":4},{"damage":49,"enemies":"Lagavulin","floor":10,"turns":6},{"damage":8,"enemies":"Red Slaver","floor":11,"turns":3},{"damage":20,"enemies":"Exordium Thugs","floor":13,"turns":4},{"damage":0,"enemies":"Looter","floor":14,"turns":2},{"damage":29,"enemies":"Hexaghost","floor":16,"turns":7},{"damage":27,"enemies":"3 Byrds","floor":18,"turns":3},{"damage":27,"enemies":"Shell Parasite","floor":19,"turns":4},{"damage":12,"enemies":"Snecko","floor":20,"turns":5},{"damage":25,"enemies":"Snake Plant","floor":22,"turns":3},{"damage":31,"enemies":"3 Cultists","floor":24,"turns":4}],"seed_played":"-441513733963487155","potions_obtained":[{"floor":1,"key":"Regen Potion"},{"floor":5,"key":"Dexterity Potion"},{"floor":7,"key":"Regen Potion"},{"floor":11,"key":"FearPotion"},{"floor":13,"key":"SteroidPotion"},{"floor":16,"key":"SpeedPotion"},{"floor":20,"key":"Ancient Potion"},{"floor":22,"key":"Fire Potion"}],"is_trial":false,"path_per_floor":["M","?","M","?","M","R","M","?","T","E","M","$","M","M","R","B",null,"M","M","M","?","M","R","M"],"character_chosen":"DEFECT","items_purchased":["Amplify","Loop"],"campfire_rested":2,"item_purchase_floors":[12,12],"current_hp_per_floor":[67,55,47,72,72,72,66,66,66,47,39,39,19,19,41,12,75,48,21,9,34,9,31,0],"gold":214,"neow_bonus":"THREE_CARDS","is_prod":false,"is_daily":false,"chose_seed":false,"campfire_upgraded":1,"win_rate":0,"timestamp":1553033665,"path_taken":["M","?","M","?","M","R","M","?","T","E","?","?","?","M","R","BOSS","M","M","M","?","M","R","M"],"build_version":"2019-01-23","purchased_purges":1,"victory":false,"max_hp_per_floor":[75,75,75,75,75,75,75,75,75,75,75,75,75,75,75,75,75,75,75,75,75,75,75,75],"card_choices":[{"not_picked":["Go for the Eyes","Glacier"],"picked":"Storm","floor":0},{"not_picked":["Force Field","Gash"],"picked":"Streamline","floor":1},{"not_picked":["Barrage","Redo"],"picked":"Turbo","floor":3},{"not_picked":["Lockon","Cold Snap","Recycle"],"picked":"SKIP","floor":5},{"not_picked":["Gash","Go for the Eyes"],"picked":"Sweeping Beam","floor":7},{"not_picked":["Redo","Sweeping Beam"],"picked":"Buffer","floor":10},{"not_picked":["Compile Driver","Coolheaded"],"picked":"Defragment","floor":11},{"not_picked":["Auto Shields","Gash"],"picked":"Ball Lightning","floor":13},{"not_picked":["Recycle","Compile Driver"],"picked":"Machine Learning","floor":14},{"not_picked":["Rainbow","Fission"],"picked":"Thunder Strike","floor":16},{"not_picked":["Go for the Eyes+1"],"picked":"SKIP","floor":18},{"not_picked":[],"picked":"Conserve Battery","floor":19},{"not_picked":[],"picked":"Force Field+1","floor":20},{"not_picked":[],"picked":"Storm","floor":22}],"player_experience":747915,"relics_obtained":[{"floor":10,"key":"Smiling Mask"}],"event_choices":[{"damage_healed":0,"gold_gain":0,"player_choice":"Success","damage_taken":12,"relics_obtained":["Bag of Preparation"],"max_hp_gain":0,"max_hp_loss":0,"event_name":"Scrap Ooze","floor":2,"gold_loss":0},{"damage_healed":25,"gold_gain":0,"player_choice":"Banana","damage_taken":0,"max_hp_gain":0,"max_hp_loss":0,"event_name":"Big Fish","floor":4,"gold_loss":0},{"damage_healed":0,"gold_gain":0,"player_choice":"Got Potions","damage_taken":0,"max_hp_gain":0,"max_hp_loss":0,"event_name":"Lab","floor":8,"gold_loss":0},{"damage_healed":25,"gold_gain":0,"player_choice":"Heal","damage_taken":0,"max_hp_gain":0,"max_hp_loss":0,"event_name":"The Library","floor":21,"gold_loss":0}],"is_beta":false,"boss_relics":[{"not_picked":["Fusion Hammer","White Beast Statue"],"picked":"Busted Crown"}],"items_purged_floors":[12],"is_endless":false,"potions_floor_spawned":[1,5,7,11,13,16,20,22],"killed_by":"3 Cultists","ascension_level":0}