{"gold_per_floor":[115,125,137,151,251,277,4,4,4,4,23,1,30,48,48,153,153,169,180,190,190,203,236,236,247,270,270],"floor_reached":27,"playtime":1428,"items_purged":["Strike_B"],"score":297,"play_id":"66fe5006-c390-48a1-aa94-6d18a170c655","local_time":"20190320044248","is_ascension_mode":false,"campfire_choices":[{"data":"Zap","floor":8,"key":"SMITH"},{"data":"Storm","floor":15,"key":"SMITH"},{"floor":24,"key":"REST"}],"neow_cost":"NONE","seed_source_timestamp":269613544755630,"circlet_count":0,"master_deck":["Defend_B","Defend_B","Defend_B","Defend_B","Zap+1","Dualcast","Cold Snap+1","Hello World+1","Creative AI+1","Loop","Streamline","Leap","Consume","Cold Snap","Storm+1","Cold Snap","Ball Lightning","Defragment","Biased Cognition","Cold Snap+1","Aggregate+1","Bite","Bite","Bite","Bite","Bite","Ball Lightning","Skim+1"],"relics":["Astrolabe","Emotion Chip","ClockworkSouvenir","Mango","Incense Burner","Black Star","Shovel","Bottled Flame"],"potions_floor_usage":[11,13,16,23],"damage_taken":[{"damage":6,"enemies":"Jaw Worm","floor":1,"turns":4},{"damage":3,"enemies":"Cultist","floor":2,"turns":6},{"damage":11,"enemies":"Small Slimes","floor":3,"turns":3},{"damage":5,"enemies":"Blue Slaver","floor":4,"turns":4},{"damage":11,"enemies":"3 Sentries","floor":6,"turns":9},{"damage":2,"enemies":"Lots of Slimes","floor":11,"turns":5},{"damage":10,"enemies":"Gremlin Nob","floor":13,"turns":4},{"damage":5,"enemies":"Large Slime","floor":14,"turns":3},{"damage":13,"enemies":"Hexaghost","floor":16,"turns":9},{"damage":7,"enemies":"3 Byrds","floor":18,"turns":4},{"damage":10,"enemies":"Chosen","floor":19,"turns":4},{"damage":5,"enemies":"Sentry and Sphere","floor":20,"turns":3},{"damage":19,"enemies":"Snake Plant","floor":22,"turns":4},{"damage":43,"enemies":"Slavers","floor":23,"turns":5},{"damage":11,"enemies":"Shelled Parasite and Fungi","floor":25,"turns":5},{"damage":21,"enemies":"3 Cultists","floor":27,"turns":4}],"seed_played":"8177840007634210474","potions_obtained":[{"floor":1,"key":"Block Potion"},{"floor":11,"key":"Swift Potion"},{"floor":13,"key":"EssenceOfSteel"},{"floor":22,"key":"Swift Potion"}],"is_trial":false,"path_per_floor":["M","M","M","M","?","E","$","R","T","?","M","$","E","M","R","B",null,"M","M","M","?","M","E","R","M","T","M"],"character_chosen":"DEFECT","items_purchased":["ClockworkSouvenir","Cold Snap"],"campfire_rested":1,"item_purchase_floors":[7,12],"current_hp_per_floor":[69,66,55,50,50,39,39,39,53,53,51,51,41,36,36,23,89,82,72,67,62,43,6,24,15,15,0],"gold":270,"neow_bonus":"BOSS_RELIC","is_prod":false,"is_daily":false,"chose_seed":false,"campfire_upgraded":2,"win_rate":0,"timestamp":1553071368,"path_taken":["M","M","M","M","?","E","?","R","T","?","M","?","E","M","R","BOSS","M","M","?","?","M","E","R","M","T","M"],"build_version":"2019-01-23","purchased_purges":1,"victory":false,"max_hp_per_floor":[75,75,75,75,75,75,75,75,89,89,89,89,89,89,89,89,89,89,89,89,62,62,62,62,62,62,62],"card_choices":[{"not_picked":["Reinforced Body","Leap"],"picked":"Loop","floor":1},{"not_picked":["Redo","Reprogram"],"picked":"Streamline","floor":2},{"not_picked":["Hello World","Tempest"],"picked":"Leap","floor":3},{"not_picked":["Stack","Rebound"],"picked":"Consume","floor":4},{"not_picked":["Hello World","Rebound"],"picked":"Cold Snap","floor":6},{"not_picked":["Turbo","Rebound"],"picked":"Storm","floor":11},{"not_picked":["Steam","Double Energy"],"picked":"Ball Lightning","floor":13},{"not_picked":["Turbo","Recycle"],"picked":"Defragment","floor":14},{"not_picked":["Meteor Strike","Machine Learning"],"picked":"Biased Cognition","floor":16},{"not_picked":["Rebound+1","Leap+1"],"picked":"Cold Snap+1","floor":18},{"not_picked":["Turbo","Sunder","Leap"],"picked":"SKIP","floor":19},{"not_picked":["Rebound","Beam Cell"],"picked":"Aggregate+1","floor":20},{"not_picked":["Glacier","Reinforced Body"],"picked":"Ball Lightning","floor":22},{"not_picked":["Redo","Streamline+1"],"picked":"Skim+1","floor":23},{"not_picked":["Genetic Algorithm","Go for the Eyes","All For One"],"picked":"SKIP","floor":25}],"player_experience":1291163,"relics_obtained":[{"floor":6,"key":"Emotion Chip"},{"floor":9,"key":"Mango"},{"floor":13,"key":"Incense Burner"},{"floor":23,"key":"Shovel"},{"floor":23,"key":"Bottled Flame"}],"event_choices":[{"damage_healed":0,"gold_gain":100,"player_choice":"Pray","damage_taken":0,"max_hp_gain":0,"max_hp_loss":0,"event_name":"Golden Shrine","floor":5,"gold_loss":0},{"damage_healed":0,"gold_gain":0,"player_choice":"Leave","damage_taken":0,"max_hp_gain":0,"max_hp_loss":0,"event_name":"The Cleric","floor":10,"gold_loss":0},{"damage_healed":0,"gold_gain":0,"player_choice":"Became a vampire","damage_taken":0,"max_hp_gain":0,"max_hp_loss":27,"event_name":"Vampires","floor":21,"gold_loss":0,"cards_obtained":["Bite","Bite","Bite","Bite","Bite"]}],"is_beta":false,"boss_relics":[{"not_picked":["Eternal Feather","Lizard Tail"],"picked":"Black Star"}],"items_purged_floors":[7],"is_endless":false,"potions_floor_spawned":[1,11,13,22],"killed_by":"3 Cultists","ascension_level":0}