{"gold_per_floor":[119,137,149,149,149,174,174,207,207,207,207,222,256,256],"floor_reached":14,"playtime":501,"items_purged":[],"score":216,"play_id":"14dc51fb-6a26-4e82-8e7e-bf1975654f1e","local_time":"20190430032451","is_ascension_mode":true,"campfire_choices":[{"data":"Anger","floor":7,"key":"SMITH"},{"floor":10,"key":"REST"}],"neow_cost":"NONE","seed_source_timestamp":638773390008285,"circlet_count":0,"master_deck":["AscendersBane","Strike_R","Strike_R","Strike_R","Strike_R","Defend_R","Defend_R+1","Defend_R","Defend_R","Bash+1","Headbutt","Anger+1","Iron Wave","Heavy Blade","Shrug It Off","Seeing Red"],"relics":["Burning Blood","Paper Frog","Prayer Wheel","Champion Belt","PreservedInsect","Potion Belt"],"potions_floor_usage":[6,14,14],"damage_taken":[{"damage":7,"enemies":"Small Slimes","floor":1,"turns":3},{"damage":9,"enemies":"Jaw Worm","floor":2,"turns":5},{"damage":0,"enemies":"2 Louse","floor":3,"turns":2},{"damage":19,"enemies":"Lagavulin","floor":6,"turns":5},{"damage":27,"enemies":"Gremlin Nob","floor":8,"turns":4},{"damage":7,"enemies":"Looter","floor":12,"turns":3},{"damage":20,"enemies":"Lagavulin","floor":13,"turns":4},{"damage":16,"enemies":"Exordium Thugs","floor":14,"turns":3}],"seed_played":"5927257507127726081","potions_obtained":[{"floor":1,"key":"Block Potion"},{"floor":8,"key":"Weak Potion"},{"floor":13,"key":"SneckoOil"}],"is_trial":false,"path_per_floor":["M","M","M","?","?","E","R","E","T","R","?","M","E","M"],"character_chosen":"IRONCLAD","items_purchased":[],"campfire_rested":1,"item_purchase_floors":[],"current_hp_per_floor":[74,71,77,70,45,32,32,11,11,35,30,29,15,0],"gold":256,"neow_bonus":"TEN_PERCENT_HP_BONUS","is_prod":false,"is_daily":false,"chose_seed":false,"campfire_upgraded":1,"win_rate":0,"timestamp":1556609091,"path_taken":["M","M","M","?","?","E","R","E","T","R","?","M","E","M"],"build_version":"2019-01-23","purchased_purges":0,"victory":false,"max_hp_per_floor":[82,82,82,82,82,82,82,82,82,82,82,82,82,82],"card_choices":[{"not_picked":["Power Through","Sword Boomerang"],"picked":"Headbutt","floor":1},{"not_picked":["Headbutt","Sentinel"],"picked":"Anger","floor":2},{"not_picked":["Cleave","Flex"],"picked":"Iron Wave","floor":3},{"not_picked":["Flex","Rage","Wild Strike"],"picked":"SKIP","floor":6},{"not_picked":["Pummel","Ghostly Armor"],"picked":"Heavy Blade","floor":8},{"not_picked":["Bludgeon","Infernal Blade"],"picked":"Shrug It Off","floor":12},{"not_picked":["Burning Pact","Combust","Wild Strike"],"picked":"SKIP","floor":12},{"not_picked":["Burning Pact","Combust","Wild Strike"],"picked":"SKIP","floor":12},{"not_picked":["Sword Boomerang","Second Wind"],"picked":"Seeing Red","floor":13}],"player_experience":2134271,"relics_obtained":[{"floor":6,"key":"Paper Frog"},{"floor":8,"key":"Prayer Wheel"},{"floor":9,"key":"Champion Belt"},{"floor":13,"key":"Potion Belt"}],"event_choices":[{"cards_removed":["Strike_R"],"damage_healed":0,"gold_gain":0,"player_choice":"Card Removal","damage_taken":7,"max_hp_gain":0,"max_hp_loss":0,"event_name":"Golden Wing","floor":4,"gold_loss":0},{"damage_healed":0,"gold_gain":0,"player_choice":"Entered Light","damage_taken":25,"max_hp_gain":0,"max_hp_loss":0,"event_name":"Shining Light","floor":5,"gold_loss":0,"cards_upgraded":["Defend_R","Bash"]},{"damage_healed":0,"gold_gain":0,"player_choice":"Success","damage_taken":5,"relics_obtained":["PreservedInsect"],"max_hp_gain":0,"max_hp_loss":0,"event_name":"Scrap Ooze","floor":11,"gold_loss":0}],"is_beta":false,"boss_relics":[],"items_purged_floors":[],"is_endless":false,"potions_floor_spawned":[1,8,13],"killed_by":"Exordium Thugs","ascension_level":20}