{"gold_per_floor":[111,111,111,126,140,140,140,153,179,179,179,205,205,231,231,308,308,325,425,425,15,28,28,62,62,62,96,96,130,142,161,161,161],"floor_reached":33,"playtime":1987,"items_purged":[],"score":600,"play_id":"cd2f660f-07ae-47e9-879a-dbaa424c3949","local_time":"20190312221057","is_ascension_mode":true,"campfire_choices":[{"data":"Warcry","floor":6,"key":"SMITH"},{"data":"Clothesline","floor":11,"key":"SMITH"},{"data":"Bash","floor":13,"key":"SMITH"},{"data":"Hemokinesis","floor":15,"key":"SMITH"},{"data":"Feed","floor":23,"key":"SMITH"},{"data":"Battle Trance","floor":25,"key":"SMITH"},{"data":"Power Through","floor":28,"key":"SMITH"},{"data":"Armaments","floor":32,"key":"SMITH"}],"neow_cost":"NONE","seed_source_timestamp":816290200907305,"circlet_count":0,"master_deck":["AscendersBane","Strike_R","Strike_R","Strike_R","Strike_R","Defend_R","Defend_R","Defend_R+1","Bash+1","Warcry+1","Clothesline+1","Flame Barrier+1","Battle Trance+1","Impervious","Hemokinesis+1","Feed+1","True Grit+1","Flame Barrier+1","Havoc+1","Power Through+1","Evolve+1","Iron Wave+1","Heavy Blade","Armaments+1"],"relics":["Burning Blood","Orichalcum","War Paint","Blood Vial","Bag of Marbles","Meat on the Bone","Runic Dome","Ginger","Dodecahedron","Membership Card","Mango","Du-Vu Doll","Dream Catcher","Incense Burner","Strawberry"],"potions_floor_usage":[12,12,16,19,22,24,29,33],"damage_taken":[{"damage":11,"enemies":"Jaw Worm","floor":1,"turns":6},{"damage":4,"enemies":"Small Slimes","floor":4,"turns":5},{"damage":0,"enemies":"2 Louse","floor":5,"turns":2},{"damage":9,"enemies":"Red Slaver","floor":8,"turns":5},{"damage":13,"enemies":"Lagavulin","floor":12,"turns":9},{"damage":17,"enemies":"Gremlin Nob","floor":14,"turns":4},{"damage":37,"enemies":"Hexaghost","floor":16,"turns":12},{"damage":7,"enemies":"2 Thieves","floor":18,"turns":4},{"damage":13,"enemies":"Colosseum Slavers","floor":19,"turns":5},{"damage":12,"enemies":"Colosseum Nobs","floor":19,"turns":6},{"damage":9,"enemies":"Shell Parasite","floor":22,"turns":3},{"damage":59,"enemies":"Gremlin Leader","floor":24,"turns":13},{"damage":14,"enemies":"Book of Stabbing","floor":27,"turns":7},{"damage":26,"enemies":"Slavers","floor":29,"turns":7},{"damage":2,"enemies":"Cultist and Chosen","floor":30,"turns":6},{"damage":16,"enemies":"Snake Plant","floor":31,"turns":4},{"damage":66,"enemies":"Collector","floor":33,"turns":8}],"seed_played":"-5838628000297890681","potions_obtained":[{"floor":4,"key":"Block Potion"},{"floor":8,"key":"PowerPotion"},{"floor":12,"key":"Dexterity Potion"},{"floor":18,"key":"Ancient Potion"},{"floor":19,"key":"FearPotion"},{"floor":27,"key":"BloodPotion"},{"floor":30,"key":"Poison Potion"}],"is_trial":false,"path_per_floor":["M","?","?","M","M","R","?","M","T","?","R","E","R","E","R","B",null,"M","?","?","$","M","R","E","R","T","E","R","E","M","M","R","B"],"character_chosen":"IRONCLAD","items_purchased":["Membership Card","Mango","PowerPotion"],"campfire_rested":0,"item_purchase_floors":[21,21,21],"current_hp_per_floor":[63,63,63,65,71,71,64,61,61,50,50,45,45,36,36,19,61,65,59,59,73,72,72,33,33,33,39,39,49,71,63,63,0],"gold":161,"neow_bonus":"REMOVE_CARD","is_prod":false,"is_daily":false,"chose_seed":false,"campfire_upgraded":8,"win_rate":0,"timestamp":1552443057,"path_taken":["M","?","?","M","M","R","?","?","T","?","R","E","R","E","R","BOSS","M","?","?","$","M","R","E","R","T","E","R","E","M","?","R","BOSS"],"build_version":"2019-01-23","purchased_purges":0,"victory":false,"max_hp_per_floor":[75,75,75,75,75,75,75,75,75,75,75,75,75,75,75,75,75,78,81,81,95,95,95,95,95,95,95,95,102,106,106,106,106],"card_choices":[{"not_picked":["Sword Boomerang","Corruption"],"picked":"Warcry","floor":1},{"not_picked":["Dual Wield","Clash"],"picked":"Clothesline","floor":4},{"not_picked":["Warcry","Perfected Strike"],"picked":"Flame Barrier","floor":5},{"not_picked":["Searing Blow","Body Slam"],"picked":"Battle Trance","floor":8},{"not_picked":["Sentinel","Body Slam"],"picked":"Impervious","floor":12},{"not_picked":["Iron Wave","Disarm"],"picked":"Hemokinesis","floor":14},{"not_picked":["Bludgeon","Reaper"],"picked":"Feed","floor":16},{"not_picked":["Wild Strike","Dropkick","Twin Strike"],"picked":"SKIP","floor":18},{"not_picked":["Twin Strike","Power Through"],"picked":"True Grit+1","floor":19},{"not_picked":["Clothesline","Thunderclap"],"picked":"Havoc+1","floor":22},{"not_picked":["True Grit","Flex"],"picked":"Power Through","floor":24},{"not_picked":["Wild Strike","Double Tap"],"picked":"Evolve+1","floor":27},{"not_picked":["Flex","Uppercut"],"picked":"Iron Wave+1","floor":29},{"not_picked":["Sword Boomerang","Perfected Strike"],"picked":"Heavy Blade","floor":30},{"not_picked":["Pommel Strike+1","Immolate"],"picked":"Armaments","floor":31}],"player_experience":1053699,"relics_obtained":[{"floor":9,"key":"War Paint"},{"floor":12,"key":"Bag of Marbles"},{"floor":14,"key":"Meat on the Bone"},{"floor":19,"key":"Ginger"},{"floor":19,"key":"Dodecahedron"},{"floor":24,"key":"Du-Vu Doll"},{"floor":26,"key":"Dream Catcher"},{"floor":27,"key":"Incense Burner"},{"floor":29,"key":"Strawberry"}],"event_choices":[{"damage_healed":0,"gold_gain":0,"player_choice":"Box","damage_taken":0,"relics_obtained":["Orichalcum"],"max_hp_gain":0,"max_hp_loss":0,"event_name":"Big Fish","floor":2,"gold_loss":0,"cards_obtained":["Regret"]},{"cards_removed":["Regret"],"damage_healed":0,"gold_gain":0,"player_choice":"Forget","damage_taken":0,"max_hp_gain":0,"max_hp_loss":0,"event_name":"Living Wall","floor":3,"gold_loss":0},{"cards_removed":["Defend_R"],"damage_healed":0,"gold_gain":0,"player_choice":"Card Removal","damage_taken":7,"max_hp_gain":0,"max_hp_loss":0,"event_name":"Golden Wing","floor":7,"gold_loss":0},{"damage_healed":0,"gold_gain":0,"player_choice":"Success","damage_taken":11,"relics_obtained":["Blood Vial"],"max_hp_gain":0,"max_hp_loss":0,"event_name":"Scrap Ooze","floor":10,"gold_loss":0},{"damage_healed":0,"gold_gain":0,"player_choice":"Fight","damage_taken":0,"max_hp_gain":0,"max_hp_loss":0,"event_name":"Colosseum","floor":19,"gold_loss":0},{"damage_healed":0,"gold_gain":0,"player_choice":"Fought Nobs","damage_taken":0,"max_hp_gain":0,"max_hp_loss":0,"event_name":"Colosseum","floor":19,"gold_loss":0},{"damage_healed":0,"gold_gain":0,"player_choice":"Copied","damage_taken":0,"max_hp_gain":0,"max_hp_loss":0,"event_name":"Duplicator","floor":20,"gold_loss":0,"cards_obtained":["Flame Barrier"]}],"is_beta":false,"boss_relics":[{"not_picked":["White Beast Statue","Fusion Hammer"],"picked":"Runic Dome"}],"items_purged_floors":[],"is_endless":false,"potions_floor_spawned":[4,8,12,18,19,27,30],"killed_by":"Collector","ascension_level":17}