{"gold_per_floor":[112,112,112,130,130,130,165,91,159,159,179,211,211,211,211,288,288,301,301,301,318,331,331,358,372,422,450,450,460,460,39,39,113,113,130,145,145,57,75,75,95,120,120,120,120,140,140,174,174,174,174,174,174,22,55,55],"floor_reached":56,"playtime":3326,"items_purged":["Strike_G"],"score":2002,"play_id":"f8e4586a-bf5f-4082-bb64-02ed1e714218","local_time":"20190407000916","is_ascension_mode":true,"campfire_choices":[{"data":"Catalyst","floor":6,"key":"SMITH"},{"floor":10,"key":"REST"},{"data":"Crippling Poison","floor":13,"key":"SMITH"},{"data":"Neutralize","floor":15,"key":"SMITH"},{"floor":23,"key":"REST"},{"floor":28,"key":"REST"},{"data":"Catalyst","floor":30,"key":"SMITH"},{"data":"1","floor":32,"key":"LIFT"},{"floor":40,"key":"RECALL"},{"data":"2","floor":44,"key":"LIFT"},{"data":"After Image","floor":47,"key":"SMITH"},{"data":"3","floor":49,"key":"LIFT"},{"data":"Dodge and Roll","floor":53,"key":"SMITH"}],"neow_cost":"NONE","seed_source_timestamp":479362875208359,"circlet_count":0,"master_deck":["AscendersBane","Defend_G","Defend_G+1","Defend_G","Defend_G","Defend_G","Strike_G+1","Survivor","Neutralize+1","Deadly Poison+1","Catalyst+1","Crippling Poison+1","PiercingWail+1","After Image+1","Backflip","Deadly Poison+1","Catalyst+1","Expertise","Bouncing Flask+1","Dodge and Roll+1","Well Laid Plans+1","Blur","After Image+1","Blur+1","Storm of Steel+1","Terror+1","Well Laid Plans+1","Footwork+1","Crippling Poison","Dodge and Roll","A Thousand Cuts+1","PiercingWail","Riddle With Holes+1","Caltrops+1","Dodge and Roll+1"],"relics":["Ring of the Snake","Girya","Gambling Chip","Mercury Hourglass","Pen Nib","Runic Dome","Frozen Egg 2","Strawberry","PreservedInsect","Anchor","Astrolabe","Gremlin Horn","Art of War","War Paint"],"potions_floor_usage":[24,29,33,39,46,50,55],"damage_taken":[{"damage":5,"enemies":"Cultist","floor":1,"turns":5},{"damage":2,"enemies":"Jaw Worm","floor":4,"turns":4},{"damage":15,"enemies":"Lagavulin","floor":7,"turns":6},{"damage":6,"enemies":"2 Louse","floor":11,"turns":2},{"damage":17,"enemies":"3 Sentries","floor":12,"turns":6},{"damage":4,"enemies":"Hexaghost","floor":16,"turns":7},{"damage":10,"enemies":"Spheric Guardian","floor":18,"turns":4},{"damage":6,"enemies":"Shell Parasite","floor":21,"turns":4},{"damage":5,"enemies":"Snecko","floor":22,"turns":4},{"damage":9,"enemies":"Book of Stabbing","floor":24,"turns":4},{"damage":1,"enemies":"3 Cultists","floor":25,"turns":3},{"damage":20,"enemies":"Gremlin Leader","floor":27,"turns":4},{"damage":0,"enemies":"Centurion and Healer","floor":29,"turns":3},{"damage":4,"enemies":"Automaton","floor":33,"turns":6},{"damage":0,"enemies":"Orb Walker","floor":35,"turns":4},{"damage":0,"enemies":"3 Shapes","floor":36,"turns":4},{"damage":16,"enemies":"Jaw Worm Horde","floor":39,"turns":5},{"damage":8,"enemies":"Spire Growth","floor":41,"turns":3},{"damage":1,"enemies":"Nemesis","floor":42,"turns":5},{"damage":0,"enemies":"Sphere and 2 Shapes","floor":46,"turns":6},{"damage":0,"enemies":"Giant Head","floor":48,"turns":5},{"damage":30,"enemies":"Donu and Deca","floor":50,"turns":12},{"damage":9,"enemies":"Time Eater","floor":51,"turns":6},{"damage":47,"enemies":"Shield and Spear","floor":55,"turns":6},{"damage":51,"enemies":"The Heart","floor":56,"turns":2}],"seed_played":"1758333598804532588","potions_obtained":[{"floor":12,"key":"GamblersBrew"},{"floor":16,"key":"EssenceOfSteel"},{"floor":24,"key":"GamblersBrew"},{"floor":36,"key":"Explosive Potion"},{"floor":42,"key":"Ancient Potion"},{"floor":48,"key":"Block Potion"}],"is_trial":false,"path_per_floor":["M","?","?","M","T","R","E","?","T","R","M","E","R","?","R","B",null,"M","?","?","M","M","R","E","M","T","E","R","M","R","$","R","B",null,"M","M","?","$","M","R","M","E","T","R","?","M","R","E","R","B","B",null,"R","$","E","B"],"character_chosen":"THE_SILENT","items_purchased":["Well Laid Plans+1","Blur","Anchor","Energy Potion","Footwork+1","Caltrops+1","Dodge and Roll","AttackPotion"],"campfire_rested":3,"item_purchase_floors":[31,31,31,31,38,54,54,54],"current_hp_per_floor":[60,38,38,36,36,36,21,21,21,42,36,19,19,19,19,15,58,48,28,28,22,17,40,31,30,37,17,42,42,42,42,42,38,73,73,73,73,73,57,57,49,48,48,48,94,94,94,94,94,64,55,84,84,84,37,0],"gold":55,"neow_bonus":"TEN_PERCENT_HP_BONUS","is_prod":false,"is_daily":false,"chose_seed":false,"campfire_upgraded":6,"win_rate":0,"timestamp":1554610156,"path_taken":["M","?","?","M","?","R","E","?","T","R","M","E","R","?","R","BOSS","M","?","?","?","M","R","E","M","T","E","R","M","R","$","R","BOSS","M","?","?","$","?","R","M","E","T","R","?","M","R","E","R","BOSS","BOSS","R","$","E","BOSS"],"build_version":"2019-01-23","purchased_purges":1,"victory":false,"max_hp_per_floor":[72,72,72,72,72,72,72,72,72,72,72,72,72,72,72,72,72,72,77,77,77,77,77,77,77,84,84,84,84,84,84,84,84,84,84,84,84,84,84,84,84,84,84,84,94,94,94,94,94,94,94,94,94,94,94,94],"card_choices":[{"not_picked":["Dagger Throw","Slice"],"picked":"Deadly Poison","floor":1},{"not_picked":["Dagger Throw","Dodge and Roll"],"picked":"Catalyst","floor":4},{"not_picked":["Sucker Punch","Setup"],"picked":"Crippling Poison","floor":7},{"not_picked":["Deflect","Masterful Stab"],"picked":"PiercingWail","floor":11},{"not_picked":["Predator","Deflect"],"picked":"Die Die Die","floor":12},{"not_picked":["Bullet Time","Wraith Form v2"],"picked":"After Image","floor":16},{"not_picked":["Predator","Slice","Dash"],"picked":"SKIP","floor":18},{"not_picked":["Flechettes","Outmaneuver"],"picked":"Backflip","floor":21},{"not_picked":["Dagger Throw","Infinite Blades"],"picked":"Deadly Poison+1","floor":22},{"not_picked":["Deflect","Dagger Spray"],"picked":"Catalyst","floor":24},{"not_picked":["Dash","Sucker Punch"],"picked":"Expertise","floor":25},{"not_picked":["Deadly Poison","Slice"],"picked":"Bouncing Flask+1","floor":27},{"not_picked":["Bane+1","Slice+1"],"picked":"Dodge and Roll","floor":29},{"not_picked":["Corpse Explosion","Adrenaline"],"picked":"After Image+1","floor":33},{"not_picked":["Deadly Poison","Sucker Punch"],"picked":"Well Laid Plans+1","floor":35},{"not_picked":["Slice","Eviscerate+1","Dagger Throw+1"],"picked":"SKIP","floor":36},{"not_picked":["Bane","Flying Knee"],"picked":"Crippling Poison","floor":39},{"not_picked":["Sucker Punch","Underhanded Strike"],"picked":"Dodge and Roll","floor":41},{"not_picked":["Dash","Poisoned Stab"],"picked":"A Thousand Cuts+1","floor":42},{"not_picked":["Quick Slash","Leg Sweep"],"picked":"PiercingWail","floor":46},{"not_picked":["Underhanded Strike","Sucker Punch"],"picked":"Riddle With Holes+1","floor":48},{"not_picked":["Riddle With Holes","Dagger Spray","Setup"],"picked":"SKIP","floor":55}],"player_experience":1670074,"relics_obtained":[{"floor":5,"key":"Girya"},{"floor":7,"key":"Gambling Chip"},{"floor":9,"key":"Mercury Hourglass"},{"floor":12,"key":"Pen Nib"},{"floor":24,"key":"Frozen Egg 2"},{"floor":26,"key":"Strawberry"},{"floor":27,"key":"PreservedInsect"},{"floor":42,"key":"Gremlin Horn"},{"floor":48,"key":"Art of War"},{"floor":55,"key":"War Paint"}],"event_choices":[{"damage_healed":0,"gold_gain":0,"player_choice":"Entered Light","damage_taken":22,"max_hp_gain":0,"max_hp_loss":0,"event_name":"Shining Light","floor":2,"gold_loss":0,"cards_upgraded":["Strike_G","Defend_G"]},{"damage_healed":0,"gold_gain":0,"player_choice":"Grow","damage_taken":0,"max_hp_gain":0,"max_hp_loss":0,"event_name":"Living Wall","floor":3,"gold_loss":0,"cards_upgraded":["Deadly Poison"]},{"damage_healed":0,"gold_gain":0,"player_choice":"Left Gold","damage_taken":0,"max_hp_gain":0,"max_hp_loss":0,"event_name":"World of Goop","floor":8,"gold_loss":74},{"damage_healed":0,"gold_gain":0,"player_choice":"Ignored","damage_taken":0,"max_hp_gain":0,"max_hp_loss":0,"event_name":"Liars Game","floor":14,"gold_loss":0},{"damage_healed":0,"gold_gain":0,"player_choice":"Shed Blood","damage_taken":25,"max_hp_gain":5,"max_hp_loss":0,"event_name":"Forgotten Altar","floor":19,"gold_loss":0},{"damage_healed":0,"gold_gain":0,"player_choice":"Got Potions","damage_taken":0,"max_hp_gain":0,"max_hp_loss":0,"event_name":"Lab","floor":20,"gold_loss":0},{"damage_healed":0,"gold_gain":0,"player_choice":"Ignored","damage_taken":0,"max_hp_gain":0,"max_hp_loss":0,"event_name":"SecretPortal","floor":37,"gold_loss":0},{"cards_removed":["Die Die Die"],"damage_healed":36,"gold_gain":0,"player_choice":"Offered Rare","damage_taken":0,"max_hp_gain":10,"max_hp_loss":0,"event_name":"Bonfire Elementals","floor":45,"gold_loss":0}],"is_beta":false,"boss_relics":[{"not_picked":["Orrery","Snecko Eye"],"picked":"Runic Dome"},{"not_picked":["Sozu","Calling Bell"],"picked":"Astrolabe"}],"items_purged_floors":[31],"is_endless":false,"potions_floor_spawned":[12,16,21,22,24,36,42,48],"killed_by":"The Heart","ascension_level":20}