{"gold_per_floor":[110,185,201,201,212,239,239,273,299,380,380,396,396,416,416,493,493,512,523,305,405,419,449,449,777,803,819,819,117,147,159,171,255,267,292,304,33,80,96,128,128,160,160,195,195,195,207,221,221,221,221,221,221,12,44,44],"floor_reached":56,"playtime":11781,"items_purged":["Strike_R","Strike_R","Pain"],"score":2077,"play_id":"d5536289-fea5-4ba1-9f6a-7b0cefe91930","local_time":"20190504125556","is_ascension_mode":true,"campfire_choices":[{"data":"Spot Weakness","floor":7.0,"key":"SMITH"},{"data":"Fiend Fire","floor":11.0,"key":"SMITH"},{"data":"Flame Barrier","floor":13.0,"key":"SMITH"},{"data":"Battle Trance","floor":15.0,"key":"SMITH"},{"data":"Whirlwind","floor":24.0,"key":"SMITH"},{"data":"True Grit","floor":28.0,"key":"SMITH"},{"data":"Immolate","floor":32.0,"key":"SMITH"},{"data":"Strike_R","floor":41.0,"key":"PURGE"},{"floor":46.0,"key":"REST"},{"floor":49.0,"key":"RECALL"},{"data":"Flame Barrier","floor":53.0,"key":"SMITH"}],"neow_cost":"NONE","seed_source_timestamp":0,"circlet_count":0,"master_deck":["AscendersBane","Defend_R+1","Defend_R","Defend_R","Defend_R+1","Bash+1","Flame Barrier+1","Battle Trance+1","Pummel","Spot Weakness+1","Fiend Fire+1","Bludgeon","Armaments+1","Uppercut+1","Shrug It Off","Whirlwind+1","Feel No Pain","True Grit+1","Battle Trance","Immolate+1","Reaper","Flame Barrier+1","Seeing Red+1","Havoc+1","Fiend Fire","Battle Trance+1","Shrug It Off+1","Battle Trance+1","Spot Weakness+1","Shrug It Off+1"],"special_seed":0,"relics":["Burning Blood","Pen Nib","Blood Vial","War Paint","Pantograph","Sozu","Incense Burner","Singing Bowl","Blue Candle","Old Coin","Bag of Preparation","Ice Cream","Pear","MawBank","Mark of Pain","WarpedTongs","Bronze Scales","Peace Pipe","Mummified Hand","Toxic Egg 2","Whetstone","Anchor","Unceasing Top"],"potions_floor_usage":[56],"damage_taken":[{"damage":4.0,"enemies":"Small Slimes","floor":1.0,"turns":4.0},{"damage":7.0,"enemies":"Jaw Worm","floor":3.0,"turns":4.0},{"damage":3.0,"enemies":"2 Louse","floor":5.0,"turns":4.0},{"damage":35.0,"enemies":"3 Sentries","floor":6.0,"turns":12.0},{"damage":8.0,"enemies":"Gremlin Nob","floor":8.0,"turns":3.0},{"damage":5.0,"enemies":"Blue Slaver","floor":12.0,"turns":2.0},{"damage":11.0,"enemies":"Exordium Thugs","floor":14.0,"turns":5.0},{"damage":15.0,"enemies":"The Guardian","floor":16.0,"turns":6.0},{"damage":10.0,"enemies":"Chosen","floor":18.0,"turns":5.0},{"damage":4.0,"enemies":"3 Byrds","floor":19.0,"turns":4.0},{"damage":11.0,"enemies":"Colosseum Slavers","floor":21.0,"turns":5.0},{"damage":8.0,"enemies":"Colosseum Nobs","floor":21.0,"turns":5.0},{"damage":0.0,"enemies":"Centurion and Healer","floor":22.0,"turns":5.0},{"damage":12.0,"enemies":"Book of Stabbing","floor":23.0,"turns":4.0},{"damage":15.0,"enemies":"Gremlin Leader","floor":25.0,"turns":3.0},{"damage":16.0,"enemies":"Sentry and Sphere","floor":27.0,"turns":4.0},{"damage":22.0,"enemies":"Slavers","floor":30.0,"turns":5.0},{"damage":66.0,"enemies":"Automaton","floor":33.0,"turns":10.0},{"damage":0.0,"enemies":"Orb Walker","floor":35.0,"turns":1.0},{"damage":49.0,"enemies":"2 Orb Walkers","floor":38.0,"turns":3.0},{"damage":0.0,"enemies":"3 Shapes","floor":39.0,"turns":2.0},{"damage":33.0,"enemies":"Giant Head","floor":40.0,"turns":7.0},{"damage":31.0,"enemies":"Nemesis","floor":42.0,"turns":5.0},{"damage":33.0,"enemies":"Giant Head","floor":44.0,"turns":7.0},{"damage":9.0,"enemies":"Sphere and 2 Shapes","floor":47.0,"turns":10.0},{"damage":7.0,"enemies":"3 Darklings","floor":48.0,"turns":2.0},{"damage":8.0,"enemies":"Awakened One","floor":50.0,"turns":14.0},{"damage":33.0,"enemies":"Donu and Deca","floor":51.0,"turns":9.0},{"damage":57.0,"enemies":"Shield and Spear","floor":55.0,"turns":7.0},{"damage":105,"enemies":"The Heart","floor":56,"turns":5}],"seed_played":"4710792857242839754","potions_obtained":[{"floor":1.0,"key":"SteroidPotion"},{"floor":5.0,"key":"SteroidPotion"},{"floor":8.0,"key":"Swift Potion"},{"floor":14.0,"key":"Regen Potion"}],"is_trial":false,"path_per_floor":["M","?","M","?","M","E","R","E","T","T","R","M","R","M","R","B",null,"M","M","$","?","M","E","R","E","T","M","R","$","E","?","R","B",null,"M","?","$","?","M","E","R","E","T","E","?","R","M","M","R","B","B",null,"R","$","E","B"],"character_chosen":"IRONCLAD","items_purchased":["Shrug It Off","Whirlwind","Ice Cream","Pear","Bronze Scales","Spot Weakness+1","Anchor"],"campfire_rested":1,"item_purchase_floors":[20,20,29,29,37,54,54],"current_hp_per_floor":[70,59,58,63,66,37,37,35,35,35,35,38,38,35,35,53,73,71,75,75,72,80,76,76,69,69,63,63,73,59,59,59,26,77,85,85,85,54,74,59,59,49,49,24,24,52,72,97,97,98,71,91,91,91,62,0],"gold":44,"neow_bonus":"UPGRADE_CARD","is_prod":false,"is_daily":false,"chose_seed":false,"campfire_upgraded":8,"win_rate":0,"timestamp":1556999756,"path_taken":["M","?","M","?","M","E","R","E","T","?","R","M","R","M","R","BOSS","BOSS","M","M","$","?","M","E","R","E","T","M","R","$","E","?","R","BOSS","M","?","?","?","M","E","R","E","T","E","?","R","M","M","R","BOSS","BOSS","R","$","E","BOSS"],"build_version":"2019-04-23","purchased_purges":3,"victory":false,"max_hp_per_floor":[75,75,75,80,80,80,80,80,80,80,80,80,80,80,80,80,80,80,80,80,80,80,82,82,82,82,84,84,94,94,94,94,94,94,94,94,94,94,94,96,96,96,96,96,96,96,98,98,98,98,98,98,98,98,98,98],"card_choices":[{"not_picked":["Iron Wave","Clothesline"],"picked":"Flame Barrier","floor":1.0},{"not_picked":["Body Slam","Warcry"],"picked":"Battle Trance","floor":3.0},{"not_picked":["Ghostly Armor","Headbutt"],"picked":"Pummel","floor":5.0},{"not_picked":["Armaments","Rupture"],"picked":"Spot Weakness","floor":6.0},{"not_picked":["Twin Strike","Searing Blow"],"picked":"Fiend Fire","floor":8.0},{"not_picked":["Wild Strike","Rupture","Perfected Strike"],"picked":"SKIP","floor":12.0},{"not_picked":["Warcry","Burning Pact","Pommel Strike"],"picked":"SKIP","floor":14.0},{"not_picked":["Juggernaut","Berserk"],"picked":"Bludgeon","floor":16.0},{"not_picked":["Twin Strike","Warcry"],"picked":"Armaments+1","floor":18.0},{"not_picked":["Clothesline","Rupture"],"picked":"Uppercut","floor":19.0},{"not_picked":["Pommel Strike+1","Havoc"],"picked":"Feel No Pain","floor":21.0},{"not_picked":["Cleave","Sword Boomerang+1"],"picked":"True Grit","floor":22.0},{"not_picked":["Wild Strike","Anger","Perfected Strike"],"picked":"Singing Bowl","floor":23.0},{"not_picked":["Brutality","Perfected Strike"],"picked":"Battle Trance","floor":25.0},{"not_picked":["Anger","Cleave","Dual Wield"],"picked":"Singing Bowl","floor":27.0},{"not_picked":["Perfected Strike","Iron Wave"],"picked":"Immolate","floor":30.0},{"not_picked":["Exhume","Impervious"],"picked":"Reaper","floor":33.0},{"not_picked":["Uppercut","Body Slam"],"picked":"Flame Barrier","floor":35.0},{"not_picked":["Cleave","Reckless Charge"],"picked":"Seeing Red+1","floor":38.0},{"not_picked":["Twin Strike","Sword Boomerang"],"picked":"Havoc+1","floor":39.0},{"not_picked":["Headbutt","Twin Strike","Armaments+1"],"picked":"Singing Bowl","floor":40.0},{"not_picked":["Warcry+1","Hemokinesis"],"picked":"Fiend Fire","floor":42.0},{"not_picked":["Evolve","Pummel"],"picked":"Battle Trance+1","floor":44.0},{"not_picked":["Warcry+1","Reckless Charge+1","Carnage"],"picked":"Singing Bowl","floor":47.0},{"not_picked":["Iron Wave+1","Heavy Blade"],"picked":"Battle Trance+1","floor":48.0},{"not_picked":["Cleave+1","Clothesline"],"picked":"Shrug It Off+1","floor":55.0}],"player_experience":1503271,"relics_obtained":[{"floor":6.0,"key":"Pen Nib"},{"floor":8.0,"key":"Blood Vial"},{"floor":9.0,"key":"War Paint"},{"floor":10.0,"key":"Pantograph"},{"floor":21.0,"key":"Incense Burner"},{"floor":21.0,"key":"Singing Bowl"},{"floor":23.0,"key":"Blue Candle"},{"floor":25.0,"key":"Old Coin"},{"floor":26.0,"key":"Bag of Preparation"},{"floor":30.0,"key":"MawBank"},{"floor":38.0,"key":"Peace Pipe"},{"floor":40.0,"key":"Mummified Hand"},{"floor":42.0,"key":"Toxic Egg 2"},{"floor":44.0,"key":"Whetstone"},{"floor":55.0,"key":"Unceasing Top"}],"event_choices":[{"damage_healed":0.0,"max_hp_gain":0.0,"max_hp_loss":0.0,"gold_gain":75.0,"event_name":"World of Goop","player_choice":"Gather Gold","floor":2.0,"gold_loss":0.0,"damage_taken":11.0},{"damage_healed":0.0,"max_hp_gain":5.0,"max_hp_loss":0.0,"gold_gain":0.0,"event_name":"Big Fish","player_choice":"Donut","floor":4.0,"gold_loss":0.0,"damage_taken":0.0},{"damage_healed":0.0,"max_hp_gain":0.0,"max_hp_loss":0.0,"gold_gain":0.0,"event_name":"Colosseum","player_choice":"Fight","floor":21.0,"gold_loss":0.0,"damage_taken":0.0},{"damage_healed":0.0,"max_hp_gain":0.0,"max_hp_loss":0.0,"gold_gain":0.0,"event_name":"Colosseum","player_choice":"Fought Nobs","floor":21.0,"gold_loss":0.0,"damage_taken":0.0},{"cards_removed":["Strike_R"],"damage_healed":0.0,"max_hp_gain":0.0,"max_hp_loss":0.0,"gold_gain":0.0,"event_name":"Back to Basics","player_choice":"Elegance","floor":31.0,"gold_loss":0.0,"damage_taken":0.0},{"damage_healed":0.0,"max_hp_gain":0.0,"max_hp_loss":0.0,"gold_gain":0.0,"event_name":"Accursed Blacksmith","player_choice":"Rummage","floor":36.0,"gold_loss":0.0,"damage_taken":0.0,"relics_obtained":["WarpedTongs"],"cards_obtained":["Pain"]},{"damage_healed":0.0,"max_hp_gain":0.0,"max_hp_loss":0.0,"gold_gain":0.0,"event_name":"Mysterious Sphere","player_choice":"Fight","floor":38.0,"gold_loss":0.0,"damage_taken":0.0},{"damage_healed":0.0,"max_hp_gain":0.0,"max_hp_loss":0.0,"gold_gain":0.0,"cards_transformed":["Strike_R"],"event_name":"Transmorgrifier","player_choice":"Transformed","floor":45.0,"gold_loss":0.0,"damage_taken":0.0,"cards_obtained":["Shrug It Off"]}],"is_beta":true,"boss_relics":[{"not_picked":["Ectoplasm","Black Blood"],"picked":"Sozu"},{"not_picked":["Lizard Tail","Tiny House"],"picked":"Mark of Pain"}],"items_purged_floors":[20,29,37],"is_endless":false,"potions_floor_spawned":[1,5,8,14,18,21,25,27,33,38,39,42,44,48],"killed_by":"The Heart","ascension_level":20}