{"gold_per_floor":[109,128,128,148,148,148,158,187,235,235,252,252,32,47,47,151,151,168,99,118,118,134,164,164,216,291,291,134,134],"floor_reached":29,"playtime":1115,"items_purged":[],"score":268,"play_id":"a712847a-93f1-48f6-b471-f8b18e2735d2","local_time":"20190214005815","is_ascension_mode":false,"campfire_choices":[{"data":"Noxious Fumes","floor":6,"key":"SMITH"},{"data":"Caltrops","floor":10,"key":"SMITH"},{"floor":15,"key":"REST"},{"floor":24,"key":"REST"}],"neow_cost":"NONE","seed_source_timestamp":717021448399075,"circlet_count":0,"master_deck":["Defend_G+1","Defend_G","Defend_G","Defend_G","Defend_G","Strike_G","Strike_G","Strike_G","Strike_G","Survivor+1","Neutralize","Quick Slash","Noxious Fumes+1","Cloak And Dagger","Caltrops+1","All Out Attack","Accuracy","Corpse Explosion","Accuracy","Decay","Bouncing Flask","Burst"],"relics":["Ring of the Snake","War Paint","Singing Bowl","Bag of Preparation","Bronze Scales","Pen Nib","Black Star","Blood Vial","Happy Flower","Juzu Bracelet","Meat on the Bone","Vajra"],"potions_floor_usage":[8,16,23,23,29],"damage_taken":[{"damage":5,"enemies":"Jaw Worm","floor":1,"turns":5},{"damage":0,"enemies":"2 Louse","floor":2,"turns":2},{"damage":2,"enemies":"Cultist","floor":4,"turns":4},{"damage":14,"enemies":"Lots of Slimes","floor":7,"turns":4},{"damage":0,"enemies":"Lagavulin","floor":8,"turns":7},{"damage":5,"enemies":"Looter","floor":11,"turns":3},{"damage":7,"enemies":"Exordium Wildlife","floor":14,"turns":4},{"damage":38,"enemies":"Slime Boss","floor":16,"turns":9},{"damage":22,"enemies":"Chosen","floor":18,"turns":5},{"damage":12,"enemies":"Shell Parasite","floor":20,"turns":5},{"damage":17,"enemies":"Snecko","floor":22,"turns":5},{"damage":20,"enemies":"Gremlin Leader","floor":23,"turns":5},{"damage":67,"enemies":"Slavers","floor":29,"turns":3}],"seed_played":"169655901690471327","potions_obtained":[{"floor":4,"key":"Dexterity Potion"},{"floor":7,"key":"SkillPotion"},{"floor":14,"key":"Weak Potion"},{"floor":18,"key":"GhostInAJar"},{"floor":22,"key":"FearPotion"}],"is_trial":false,"path_per_floor":["M","M","?","M","?","R","M","E","T","R","M","?","$","M","R","B",null,"M","$","M","?","M","E","R","T","T","?","$","E"],"character_chosen":"THE_SILENT","items_purchased":["Accuracy","Pen Nib","Accuracy","Vajra"],"campfire_rested":2,"item_purchase_floors":[13,13,19,28],"current_hp_per_floor":[65,65,65,63,56,56,44,44,44,44,41,41,41,36,58,20,76,56,56,46,46,29,9,33,33,33,59,59,0],"gold":134,"neow_bonus":"RANDOM_COMMON_RELIC","is_prod":false,"is_daily":false,"chose_seed":false,"campfire_upgraded":2,"win_rate":0,"timestamp":1550123895,"path_taken":["M","M","?","M","?","R","M","E","T","R","?","?","$","?","R","BOSS","M","$","?","?","M","E","R","?","T","?","$","E"],"build_version":"2019-01-23","purchased_purges":0,"victory":false,"max_hp_per_floor":[70,70,70,70,70,70,72,72,72,72,74,74,74,76,76,76,76,78,78,80,80,80,80,80,80,80,80,80,80],"card_choices":[{"not_picked":["Acrobatics","Crippling Poison"],"picked":"Quick Slash","floor":1},{"not_picked":["Blade Dance","Dodge and Roll"],"picked":"Noxious Fumes","floor":2},{"not_picked":["Well Laid Plans","Slice"],"picked":"Cloak And Dagger","floor":4},{"not_picked":["Prepared","Calculated Gamble","Quick Slash"],"picked":"Singing Bowl","floor":7},{"not_picked":["Grand Finale","Slice"],"picked":"Caltrops","floor":8},{"not_picked":["Flying Knee","Quick Slash","Tactician"],"picked":"Singing Bowl","floor":11},{"not_picked":["Masterful Stab","Dash","Prepared"],"picked":"Singing Bowl","floor":14},{"not_picked":["Burst","Tools of the Trade"],"picked":"Corpse Explosion","floor":16},{"not_picked":["Quick Slash","Crippling Poison","Acrobatics"],"picked":"Singing Bowl","floor":18},{"not_picked":["Bane","Crippling Poison","Poisoned Stab+1"],"picked":"Singing Bowl","floor":20},{"not_picked":["Tactician+1","Choke"],"picked":"Bouncing Flask","floor":22},{"not_picked":["Flechettes+1","Deadly Poison+1"],"picked":"Burst","floor":23}],"player_experience":569830,"relics_obtained":[{"floor":8,"key":"Bag of Preparation"},{"floor":9,"key":"Bronze Scales"},{"floor":23,"key":"Blood Vial"},{"floor":23,"key":"Happy Flower"},{"floor":25,"key":"Juzu Bracelet"},{"floor":26,"key":"Meat on the Bone"}],"event_choices":[{"damage_healed":0,"gold_gain":0,"player_choice":"Box","damage_taken":0,"relics_obtained":["Singing Bowl"],"max_hp_gain":0,"max_hp_loss":0,"event_name":"Big Fish","floor":3,"gold_loss":0,"cards_obtained":["Regret"]},{"cards_removed":["Regret"],"damage_healed":0,"gold_gain":0,"player_choice":"Card Removal","damage_taken":7,"max_hp_gain":0,"max_hp_loss":0,"event_name":"Golden Wing","floor":5,"gold_loss":0},{"damage_healed":0,"gold_gain":0,"cards_transformed":["Strike_G"],"player_choice":"Transformed","damage_taken":0,"max_hp_gain":0,"max_hp_loss":0,"event_name":"Transmorgrifier","floor":12,"gold_loss":0,"cards_obtained":["All Out Attack"]},{"damage_healed":0,"gold_gain":0,"player_choice":"Smashed Altar","damage_taken":0,"max_hp_gain":0,"max_hp_loss":0,"event_name":"Forgotten Altar","floor":21,"gold_loss":0,"cards_obtained":["Decay"]},{"damage_healed":26,"gold_gain":0,"player_choice":"Heal","damage_taken":0,"max_hp_gain":0,"max_hp_loss":0,"event_name":"The Library","floor":27,"gold_loss":0}],"is_beta":false,"boss_relics":[{"not_picked":["Calling Bell","Runic Dome"],"picked":"Black Star"}],"items_purged_floors":[],"is_endless":false,"potions_floor_spawned":[4,7,14,18,22],"killed_by":"Slavers","ascension_level":0}