{"gold_per_floor":[112,127,127,139,139,169,169,184,184,195,195],"floor_reached":11,"playtime":1837,"items_purged":[],"score":75,"play_id":"f08a09a3-2fda-42db-ba3c-36d40eddb468","local_time":"20180707135746","is_ascension_mode":false,"campfire_choices":[{"floor":7,"key":"REST"}],"neow_cost":"TEN_PERCENT_HP_LOSS","seed_source_timestamp":47053896110996,"circlet_count":0,"master_deck":["Defend_G","Defend_G","Defend_G","Defend_G","Defend_G","Strike_G","Strike_G","Strike_G","Strike_G","Strike_G","Survivor","Neutralize","Poisoned Stab","Poisoned Stab","Bane","Regret","Poisoned Stab+1","Finisher+1","Choke+1"],"relics":["Ring of the Snake","Incense Burner","Toxic Egg 2","Molten Egg 2","Bottled Lightning"],"potions_floor_usage":[],"damage_taken":[{"damage":3,"enemies":"Jaw Worm","floor":1,"turns":5},{"damage":2,"enemies":"2 Louse","floor":2,"turns":2},{"damage":0,"enemies":"Small Slimes","floor":4,"turns":3},{"damage":32,"enemies":"Lagavulin","floor":6,"turns":7},{"damage":19,"enemies":"Exordium Thugs","floor":8,"turns":4},{"damage":8,"enemies":"3 Louse","floor":10,"turns":3},{"damage":32,"enemies":"Lagavulin Event","floor":11,"turns":3}],"seed_played":"-303400807761214621","potions_obtained":[{"floor":6,"key":"LiquidBronze"},{"floor":10,"key":"Explosive Potion"}],"is_trial":false,"path_per_floor":["M","M","?","M","?","E","R","M","T","M"],"character_chosen":"THE_SILENT","items_purchased":[],"campfire_rested":1,"item_purchase_floors":[],"current_hp_per_floor":[60,58,58,58,58,26,44,25,25,17,0],"gold":195,"neow_bonus":"ONE_RARE_RELIC","is_prod":false,"is_daily":false,"chose_seed":false,"campfire_upgraded":0,"win_rate":0,"timestamp":1530986266,"path_taken":["M","M","?","M","?","E","R","M","T","M","?"],"build_version":"2018-06-28","purchased_purges":0,"victory":false,"max_hp_per_floor":[63,63,63,63,63,63,63,63,63,63,63],"card_choices":[{"not_picked":["Outmaneuver","Dodge and Roll"],"picked":"Poisoned Stab","floor":1},{"not_picked":["Sucker Punch","Eviscerate"],"picked":"Poisoned Stab","floor":2},{"not_picked":["Quick Slash","Envenom"],"picked":"Bane","floor":4},{"not_picked":["Flying Knee","Flechettes"],"picked":"Poisoned Stab","floor":6},{"not_picked":["Dagger Spray+1","Dodge and Roll+1"],"picked":"Finisher+1","floor":8},{"not_picked":["Well Laid Plans","All Out Attack+1"],"picked":"Choke+1","floor":10}],"player_experience":43109,"relics_obtained":[{"floor":6,"key":"Molten Egg 2"},{"floor":9,"key":"Bottled Lightning"}],"event_choices":[{"event_name":"The Cleric","player_choice":"Leave","floor":3,"damage_taken":0},{"event_name":"Big Fish","player_choice":"Box","floor":5,"damage_taken":0},{"event_name":"Dead Adventurer","player_choice":"Searched \u00271\u0027 times","floor":11,"damage_taken":0}],"boss_relics":[],"items_purged_floors":[],"is_endless":false,"potions_floor_spawned":[6,10],"killed_by":"Lagavulin Event","ascension_level":0}