{"path_per_floor":["M","?","T","M","?","R","E","?","T","E","R","E","M","?","R"],"character_chosen":"IRONCLAD","items_purchased":[],"gold_per_floor":[109,109,135,146,146,146,180,145,199,233,233,265,276,296,296,296],"floor_reached":16,"campfire_rested":1,"playtime":686,"current_hp_per_floor":[66,43,43,45,45,45,24,24,24,17,39,33,39,38,38,0],"items_purged":[],"gold":296,"score":203,"play_id":"8ed0dd78-126d-463d-8914-a6b03c8e0833","local_time":"20180418233702","is_prod":false,"is_daily":false,"chose_seed":false,"is_ascension_mode":true,"campfire_upgraded":2,"timestamp":1524109022,"path_taken":["M","?","?","?","?","R","E","?","T","E","R","E","M","?","R","BOSS"],"build_version":"2018-04-12","seed_source_timestamp":294821564261563,"purchased_purges":0,"victory":false,"master_deck":["Strike_R","Strike_R+1","Strike_R+1","Strike_R+1","Strike_R","Defend_R","Defend_R+1","Defend_R","Defend_R","Bash+1","AscendersBane","Metallicize+1","Headbutt+1","Injury","Clothesline+1","Feel No Pain","Perfected Strike"],"max_hp_per_floor":[75,75,75,75,75,75,75,75,75,75,75,75,75,75,75,75],"relics":["Burning Blood","Whetstone","Juzu Bracelet","Tiny Chest","Smiling Mask","Bag of Marbles","Odd Mushroom"],"card_choices":[{"not_picked":["Perfected Strike","Shockwave"],"picked":"Metallicize","floor":1},{"not_picked":["Intimidate","Iron Wave"],"picked":"Headbutt","floor":4},{"not_picked":["Intimidate","Havoc"],"picked":"Clothesline","floor":7},{"not_picked":["Impervious","Blood for Blood"],"picked":"Feel No Pain","floor":10},{"not_picked":["Headbutt","Intimidate"],"picked":"Perfected Strike","floor":14}],"player_experience":900674,"potions_floor_usage":[7,12,14,16],"damage_taken":[{"damage":8,"enemies":"2 Louse","floor":1,"turns":3},{"damage":4,"enemies":"Jaw Worm","floor":4,"turns":4},{"damage":27,"enemies":"Lagavulin","floor":7,"turns":5},{"damage":13,"enemies":"3 Sentries","floor":10,"turns":9},{"damage":12,"enemies":"Lagavulin","floor":12,"turns":7},{"damage":0,"enemies":"Cultist","floor":13,"turns":2},{"damage":7,"enemies":"The Mushroom Lair","floor":14,"turns":4},{"damage":42,"enemies":"Slime Boss","floor":16,"turns":11}],"event_choices":[{"event_name":"Shining Light","player_choice":"Entered Light","floor":2,"damage_taken":0},{"event_name":"Accursed Blacksmith","player_choice":"Forge","floor":5,"damage_taken":0},{"event_name":"World of Goop","player_choice":"Left","floor":8,"damage_taken":0},{"event_name":"Mushrooms","player_choice":"Fought Mushrooms","floor":14,"damage_taken":0}],"boss_relics":[],"potions_floor_spawned":[1,7,13,14],"seed_played":"6894677149993947722","killed_by":"Slime Boss","ascension_level":15,"is_trial":false}