{"gold_per_floor":[111,36,36,36,56,56,89,89,89,121,121,121,162,192,192,192],"floor_reached":16,"playtime":423,"items_purged":[],"score":228,"play_id":"df5bcdb5-a295-4e03-955f-eed16f757b12","local_time":"20190302121452","is_ascension_mode":true,"campfire_choices":[{"data":"Anger","floor":6,"key":"SMITH"},{"data":"True Grit","floor":8,"key":"SMITH"},{"data":"Defend_R","floor":11,"key":"SMITH"},{"floor":15,"key":"REST"}],"neow_cost":"NONE","seed_source_timestamp":89813040930182,"circlet_count":0,"master_deck":["AscendersBane","Strike_R","Strike_R","Strike_R","Defend_R","Defend_R","Defend_R","Defend_R+1","Bash+1","Ghostly Armor","Anger+1","Headbutt","True Grit+1","Whirlwind","Shockwave"],"relics":["Burning Blood","Singing Bowl","StoneCalendar","Kunai","Golden Idol","Self Forming Clay","Odd Mushroom"],"potions_floor_usage":[7,10,13,13,14],"damage_taken":[{"damage":0,"enemies":"Small Slimes","floor":1,"turns":4},{"damage":0,"enemies":"2 Louse","floor":5,"turns":4},{"damage":32,"enemies":"Gremlin Nob","floor":7,"turns":4},{"damage":28,"enemies":"Lagavulin","floor":10,"turns":7},{"damage":29,"enemies":"Gremlin Nob","floor":13,"turns":4},{"damage":15,"enemies":"The Mushroom Lair","floor":14,"turns":5},{"damage":32,"enemies":"The Guardian","floor":16,"turns":10}],"seed_played":"5086514741000522870","potions_obtained":[{"floor":1,"key":"EntropicBrew"},{"floor":10,"key":"Energy Potion"},{"floor":13,"key":"BloodPotion"}],"is_trial":false,"path_per_floor":["M","?","$","?","M","R","E","R","T","E","R","?","E","?","R","B"],"character_chosen":"IRONCLAD","items_purchased":[],"campfire_rested":1,"item_purchase_floors":[],"current_hp_per_floor":[74,74,74,74,75,75,49,49,49,29,29,29,13,11,32,0],"gold":192,"neow_bonus":"UPGRADE_CARD","is_prod":false,"is_daily":false,"chose_seed":false,"campfire_upgraded":3,"win_rate":0,"timestamp":1551554092,"path_taken":["M","?","$","?","M","R","E","R","T","E","R","?","E","?","R","BOSS"],"build_version":"2019-02-06","purchased_purges":0,"victory":false,"max_hp_per_floor":[75,75,75,75,75,75,75,75,75,77,77,70,70,70,70,70],"card_choices":[{"not_picked":["Intimidate","Thunderclap"],"picked":"Ghostly Armor","floor":1},{"not_picked":["Anger","Heavy Blade"],"picked":"Headbutt","floor":5},{"not_picked":["Warcry","Dark Embrace"],"picked":"True Grit","floor":7},{"not_picked":["Headbutt","Iron Wave","Flex"],"picked":"Singing Bowl","floor":10},{"not_picked":["Reckless Charge","Thunderclap"],"picked":"Whirlwind","floor":13},{"not_picked":["Thunderclap","Sword Boomerang"],"picked":"Shockwave","floor":14}],"player_experience":1142740,"relics_obtained":[{"floor":7,"key":"Singing Bowl"},{"floor":9,"key":"StoneCalendar"},{"floor":10,"key":"Kunai"},{"floor":13,"key":"Self Forming Clay"},{"floor":14,"key":"Odd Mushroom"}],"event_choices":[{"cards_removed":["Strike_R"],"damage_healed":0,"gold_gain":0,"player_choice":"Card Removal","damage_taken":0,"max_hp_gain":0,"max_hp_loss":0,"event_name":"The Cleric","floor":2,"gold_loss":75},{"damage_healed":0,"gold_gain":0,"cards_transformed":["Strike_R"],"player_choice":"Change","damage_taken":0,"max_hp_gain":0,"max_hp_loss":0,"event_name":"Living Wall","floor":4,"gold_loss":0,"cards_obtained":["Anger"]},{"damage_healed":0,"gold_gain":0,"player_choice":"Lose Max HP","damage_taken":0,"relics_obtained":["Golden Idol"],"max_hp_gain":0,"max_hp_loss":7,"event_name":"Golden Idol","floor":12,"gold_loss":0},{"damage_healed":0,"gold_gain":0,"player_choice":"Fought Mushrooms","damage_taken":0,"max_hp_gain":0,"max_hp_loss":0,"event_name":"Mushrooms","floor":14,"gold_loss":0}],"is_beta":true,"boss_relics":[],"items_purged_floors":[],"is_endless":false,"potions_floor_spawned":[1,10,13],"killed_by":"The Guardian","ascension_level":20}