{"gold_per_floor":[19,19,29,29,43,43,43,43,66,83,113,113,147,147,147,147],"floor_reached":16,"playtime":537,"items_purged":[],"score":176,"play_id":"82dde00d-a055-4011-bbab-8c854bf8290f","local_time":"20190502180418","is_ascension_mode":true,"campfire_choices":[{"data":"Clothesline","floor":6,"key":"SMITH"},{"data":"Bash","floor":8,"key":"SMITH"},{"data":"Havoc","floor":12,"key":"SMITH"},{"data":"Clothesline","floor":15,"key":"SMITH"}],"neow_cost":"NO_GOLD","seed_source_timestamp":1815785686692319,"circlet_count":0,"master_deck":["Strike_R","Strike_R+1","Strike_R","Strike_R","Strike_R","Defend_R","Defend_R","Defend_R","Defend_R+1","Bash+1","Anger","Clothesline+1","Havoc+1","Clothesline+1","Reaper"],"relics":["Burning Blood","Ancient Tea Set","Question Card","Prayer Wheel","CultistMask"],"potions_floor_usage":[13,16],"damage_taken":[{"damage":1,"enemies":"2 Louse","floor":1,"turns":3},{"damage":3,"enemies":"Jaw Worm","floor":3,"turns":5},{"damage":1,"enemies":"Small Slimes","floor":5,"turns":3},{"damage":11,"enemies":"Red Slaver","floor":10,"turns":4},{"damage":39,"enemies":"3 Sentries","floor":11,"turns":9},{"damage":18,"enemies":"Gremlin Nob","floor":13,"turns":4},{"damage":51,"enemies":"Slime Boss","floor":16,"turns":7}],"seed_played":"1732120888274522249","potions_obtained":[{"floor":3,"key":"Weak Potion"},{"floor":13,"key":"Explosive Potion"}],"is_trial":false,"path_per_floor":["M","?","M","?","M","R","?","R","T","M","E","R","E","?","R","B"],"character_chosen":"IRONCLAD","items_purchased":[],"campfire_rested":0,"item_purchase_floors":[],"current_hp_per_floor":[93,93,96,77,82,82,96,96,96,91,58,58,46,46,46,0],"gold":147,"neow_bonus":"TWENTY_PERCENT_HP_BONUS","is_prod":false,"is_daily":false,"chose_seed":false,"campfire_upgraded":4,"win_rate":0,"timestamp":1556816658,"path_taken":["M","?","M","?","M","R","?","R","T","?","E","R","E","?","R","BOSS"],"build_version":"2019-01-23","purchased_purges":0,"victory":false,"max_hp_per_floor":[96,96,96,96,96,96,96,96,96,96,96,96,96,96,96,96],"card_choices":[{"not_picked":["Clash","Entrench","Body Slam"],"picked":"SKIP","floor":1},{"not_picked":["Burning Pact","Rage"],"picked":"Anger","floor":3},{"not_picked":["Inflame","Clash"],"picked":"Clothesline","floor":5},{"not_picked":["Intimidate","Rampage"],"picked":"Havoc","floor":10},{"not_picked":["Bloodletting","Anger"],"picked":"Clothesline","floor":11},{"not_picked":["Dual Wield","Pommel Strike","Evolve"],"picked":"Reaper","floor":13}],"player_experience":279275,"relics_obtained":[{"floor":9,"key":"Ancient Tea Set"},{"floor":11,"key":"Question Card"},{"floor":13,"key":"Prayer Wheel"}],"event_choices":[{"damage_healed":0,"gold_gain":0,"player_choice":"Leave","damage_taken":0,"max_hp_gain":0,"max_hp_loss":0,"event_name":"The Cleric","floor":2,"gold_loss":0},{"damage_healed":0,"gold_gain":0,"player_choice":"Entered Light","damage_taken":19,"max_hp_gain":0,"max_hp_loss":0,"event_name":"Shining Light","floor":4,"gold_loss":0,"cards_upgraded":["Defend_R","Strike_R"]},{"damage_healed":14,"gold_gain":0,"player_choice":"Full Heal","damage_taken":0,"max_hp_gain":0,"max_hp_loss":0,"event_name":"Wheel of Change","floor":7,"gold_loss":0},{"damage_healed":0,"gold_gain":0,"player_choice":"Trade","damage_taken":0,"relics_obtained":["CultistMask"],"max_hp_gain":0,"max_hp_loss":0,"event_name":"FaceTrader","floor":14,"gold_loss":0}],"is_beta":false,"boss_relics":[],"items_purged_floors":[],"is_endless":false,"potions_floor_spawned":[3,13],"killed_by":"Slime Boss","ascension_level":8}