{"gold_per_floor":[110,0,10,10,21,56,105,5,5,19,46,61,73,73,73,147,147,133,8,24,24,24,24,24,37,64,64,81,91,91,102,102,175,175,186,186,202,202,52,80,80,111,134,152,152,182,182,210,210,210,210,210,30,58,58],"floor_reached":55,"playtime":2336,"items_purged":["Regret","Normality","Strike_B","Strike_B"],"score":1416,"play_id":"9730c2c4-f7e0-4c47-80ae-6a511d7ae3aa","local_time":"20190330201345","is_ascension_mode":true,"campfire_choices":[{"floor":15,"key":"REST"},{"data":"Zap","floor":23,"key":"SMITH"},{"data":"Consume","floor":27,"key":"SMITH"},{"data":"Capacitor","floor":32,"key":"SMITH"},{"data":"Turbo","floor":41,"key":"SMITH"},{"data":"Blizzard","floor":45,"key":"SMITH"},{"floor":47,"key":"RECALL"},{"floor":49,"key":"REST"},{"data":"Defragment","floor":52,"key":"SMITH"}],"neow_cost":"NONE","seed_source_timestamp":1499699410671737,"circlet_count":0,"master_deck":["AscendersBane","Strike_B","Strike_B","Defend_B","Defend_B","Defend_B","Defend_B","Zap+1","Dualcast","Glacier","Glacier","Capacitor+1","BootSequence","Blizzard+1","FTL","Glacier","Consume+1","Glacier","Rainbow","Turbo+1","Conserve Battery+1","Echo Form","Core Surge","Recycle+1","Coolheaded+1","Reboot+1","Defragment+1","Turbo+1","Darkness+1","Gash"],"relics":["Calling Bell","Vajra","Sundial","StoneCalendar","Art of War","Oddly Smooth Stone","Question Card","Blood Vial","Runic Pyramid","Meat on the Bone","Centennial Puzzle","Velvet Choker","Ancient Tea Set","Toxic Egg 2","Cables","Omamori","Bottled Flame"],"potions_floor_usage":[11,42,42,54,55],"damage_taken":[{"damage":11,"enemies":"Jaw Worm","floor":1,"turns":5},{"damage":0,"enemies":"2 Louse","floor":3,"turns":5},{"damage":0,"enemies":"Cultist","floor":5,"turns":5},{"damage":23,"enemies":"3 Sentries","floor":6,"turns":7},{"damage":5,"enemies":"Exordium Wildlife","floor":10,"turns":7},{"damage":0,"enemies":"Lagavulin","floor":11,"turns":8},{"damage":9,"enemies":"Exordium Thugs","floor":12,"turns":7},{"damage":5,"enemies":"Blue Slaver","floor":13,"turns":5},{"damage":22,"enemies":"The Guardian","floor":16,"turns":16},{"damage":2,"enemies":"2 Thieves","floor":18,"turns":4},{"damage":1,"enemies":"3 Byrds","floor":20,"turns":6},{"damage":3,"enemies":"Snecko","floor":25,"turns":6},{"damage":0,"enemies":"Shelled Parasite and Fungi","floor":28,"turns":7},{"damage":1,"enemies":"Centurion and Healer","floor":29,"turns":7},{"damage":7,"enemies":"3 Cultists","floor":31,"turns":7},{"damage":14,"enemies":"Automaton","floor":33,"turns":14},{"damage":0,"enemies":"3 Shapes","floor":35,"turns":6},{"damage":0,"enemies":"Orb Walker","floor":37,"turns":6},{"damage":4,"enemies":"Nemesis","floor":40,"turns":9},{"damage":10,"enemies":"Reptomancer","floor":42,"turns":9},{"damage":1,"enemies":"4 Shapes","floor":44,"turns":7},{"damage":15,"enemies":"Nemesis","floor":46,"turns":9},{"damage":0,"enemies":"Reptomancer","floor":48,"turns":8},{"damage":6,"enemies":"Donu and Deca","floor":50,"turns":11},{"damage":33,"enemies":"Shield and Spear","floor":54,"turns":12},{"damage":36,"enemies":"The Heart","floor":55,"turns":2}],"seed_played":"3184871895600738417","potions_obtained":[{"floor":1,"key":"FearPotion"},{"floor":5,"key":"FocusPotion"},{"floor":11,"key":"Explosive Potion"},{"floor":25,"key":"Block Potion"},{"floor":48,"key":"Ancient Potion"}],"is_trial":false,"path_per_floor":["M","$","M","?","M","E","T","$","T","M","E","M","M","?","R","B",null,"M","$","M","?","$","R","T","M","T","R","M","M","$","M","R","B",null,"M","?","M","?","$","E","R","E","T","M","R","E","R","E","R","B",null,"R","$","E","B"],"character_chosen":"DEFECT","items_purchased":["Glacier","Turbo+1","Darkness+1","GamblersBrew"],"campfire_rested":2,"item_purchase_floors":[2,53,53,53],"current_hp_per_floor":[53,53,53,53,53,30,30,30,30,25,25,18,15,8,29,9,56,56,56,57,57,57,57,57,56,56,56,58,59,59,54,54,42,64,66,66,68,67,67,63,63,55,55,56,56,43,43,45,65,61,66,66,66,34,0],"gold":58,"neow_bonus":"BOSS_RELIC","is_prod":false,"is_daily":false,"chose_seed":false,"campfire_upgraded":6,"win_rate":0,"timestamp":1553991225,"path_taken":["M","$","M","?","M","E","?","$","T","M","E","?","M","?","R","BOSS","M","$","M","?","?","R","?","M","T","R","M","?","$","M","R","BOSS","M","?","M","?","$","E","R","E","T","M","R","E","R","E","R","BOSS","R","$","E","BOSS"],"build_version":"2019-03-15","purchased_purges":4,"victory":false,"max_hp_per_floor":[71,71,71,71,71,71,71,71,71,71,71,71,71,71,71,71,71,71,71,71,71,71,71,71,71,71,71,71,71,71,71,71,71,71,71,71,71,67,67,67,67,67,67,67,67,67,67,67,67,67,67,67,67,67,67],"card_choices":[{"not_picked":["Ball Lightning","Beam Cell"],"picked":"Glacier","floor":1},{"not_picked":["Melter","Turbo"],"picked":"Capacitor","floor":3},{"not_picked":["Stack","Go for the Eyes"],"picked":"BootSequence","floor":5},{"not_picked":["Redo","Stack"],"picked":"Blizzard","floor":6},{"not_picked":["Leap","Darkness","Doom and Gloom"],"picked":"FTL","floor":10},{"not_picked":["Static Discharge","Redo","Thunder Strike"],"picked":"Glacier","floor":11},{"not_picked":["Hologram","Chaos","Tempest"],"picked":"Consume","floor":12},{"not_picked":["Aggregate","Cold Snap","Fusion"],"picked":"Glacier","floor":13},{"not_picked":["Reboot","Multi-Cast","Amplify"],"picked":"Rainbow","floor":16},{"not_picked":["Beam Cell+1","Stack","Cold Snap"],"picked":"Turbo","floor":18},{"not_picked":["BootSequence+1","Darkness","Reprogram","Heatsinks+1"],"picked":"SKIP","floor":20},{"not_picked":["Leap","Streamline","Compile Driver+1"],"picked":"Conserve Battery+1","floor":25},{"not_picked":["Storm","Blizzard","Loop","Tempest"],"picked":"SKIP","floor":28},{"not_picked":["Conserve Battery","Scrape","Sweeping Beam","Cold Snap"],"picked":"SKIP","floor":29},{"not_picked":["Steam+1","Fusion","Go for the Eyes"],"picked":"Echo Form","floor":31},{"not_picked":["Thunder Strike","Echo Form","Amplify"],"picked":"Core Surge","floor":33},{"not_picked":["Conserve Battery","Streamline","Force Field","Rebound"],"picked":"SKIP","floor":35},{"not_picked":["Compile Driver","Turbo+1","Steam Power","FTL+1"],"picked":"SKIP","floor":37},{"not_picked":["Undo","Reinforced Body","BootSequence","Redo+1"],"picked":"SKIP","floor":40},{"not_picked":["Undo","Reinforced Body","BootSequence","Redo+1"],"picked":"SKIP","floor":40},{"not_picked":["Redo","Hologram+1","Beam Cell+1"],"picked":"Recycle","floor":42},{"not_picked":["FTL","Leap+1","Gash+1"],"picked":"Coolheaded+1","floor":44},{"not_picked":["Reinforced Body+1","Barrage","Conserve Battery+1"],"picked":"Reboot+1","floor":46},{"not_picked":["Static Discharge","Hello World+1","Rip and Tear"],"picked":"Defragment","floor":48},{"not_picked":["Redo+1","Beam Cell","Undo+1"],"picked":"Gash","floor":54}],"player_experience":2323450,"relics_obtained":[{"floor":0,"key":"Vajra"},{"floor":0,"key":"Sundial"},{"floor":0,"key":"StoneCalendar"},{"floor":6,"key":"Art of War"},{"floor":7,"key":"Oddly Smooth Stone"},{"floor":9,"key":"Question Card"},{"floor":11,"key":"Blood Vial"},{"floor":24,"key":"Meat on the Bone"},{"floor":26,"key":"Centennial Puzzle"},{"floor":40,"key":"Ancient Tea Set"},{"floor":42,"key":"Toxic Egg 2"},{"floor":46,"key":"Cables"},{"floor":48,"key":"Omamori"},{"floor":54,"key":"Bottled Flame"}],"event_choices":[{"damage_healed":0,"gold_gain":0,"player_choice":"Ignored","damage_taken":0,"max_hp_gain":0,"max_hp_loss":0,"event_name":"Liars Game","floor":4,"gold_loss":0},{"cards_removed":["Doubt"],"damage_healed":0,"gold_gain":0,"player_choice":"Card Removal","damage_taken":7,"max_hp_gain":0,"max_hp_loss":0,"event_name":"Golden Wing","floor":14,"gold_loss":0},{"damage_healed":0,"gold_gain":0,"player_choice":"0 cards matched","damage_taken":0,"max_hp_gain":0,"max_hp_loss":0,"event_name":"Match and Keep!","floor":21,"gold_loss":0,"cards_obtained":[]},{"damage_healed":0,"gold_gain":0,"player_choice":"Ignored","damage_taken":0,"max_hp_gain":0,"max_hp_loss":0,"event_name":"Mysterious Sphere","floor":36,"gold_loss":0},{"damage_healed":0,"gold_gain":0,"player_choice":"Max HP","damage_taken":0,"max_hp_gain":0,"max_hp_loss":4,"event_name":"Winding Halls","floor":38,"gold_loss":0}],"is_beta":true,"boss_relics":[{"not_picked":["Empty Cage","Lizard Tail"],"picked":"Runic Pyramid"},{"not_picked":["Coffee Dripper","Black Star"],"picked":"Velvet Choker"}],"items_purged_floors":[2,8,19,39],"is_endless":false,"potions_floor_spawned":[1,5,6,11,25,29,33,35,40,48],"killed_by":"The Heart","ascension_level":15}