{"gold_per_floor":[113,123,43,43,43,76,95,123,150,150],"floor_reached":10,"playtime":461,"items_purged":[],"score":202,"play_id":"53135e17-ad87-469b-9577-735e6d46982e","local_time":"20190430235131","is_ascension_mode":true,"campfire_choices":[],"neow_cost":"NONE","seed_source_timestamp":712428189820785,"circlet_count":0,"master_deck":["AscendersBane","Defend_G","Defend_G","Defend_G","Defend_G","Defend_G","Strike_G","Strike_G","Strike_G","Strike_G","Strike_G","Survivor","Neutralize+1","Well Laid Plans","Bouncing Flask","Deadly Poison+1","PiercingWail","Cloak And Dagger","Adrenaline"],"relics":["Ring of the Snake","NeowsBlessing","Omamori","Question Card","Unceasing Top","Smiling Mask"],"potions_floor_usage":[8,10],"damage_taken":[{"damage":0,"enemies":"Cultist","floor":1,"turns":1},{"damage":0,"enemies":"Jaw Worm","floor":2,"turns":1},{"damage":0,"enemies":"3 Sentries","floor":6,"turns":1},{"damage":1,"enemies":"Small Slimes","floor":7,"turns":5},{"damage":12,"enemies":"Lagavulin","floor":8,"turns":7},{"damage":34,"enemies":"Gremlin Nob","floor":10,"turns":4}],"seed_played":"-7180854055501556360","potions_obtained":[{"floor":2,"key":"SpeedPotion"},{"floor":6,"key":"SkillPotion"},{"floor":7,"key":"GhostInAJar"}],"is_trial":false,"path_per_floor":["M","M","$","?","T","E","M","E","T","E"],"character_chosen":"THE_SILENT","items_purchased":["Deadly Poison","PiercingWail"],"campfire_rested":0,"item_purchase_floors":[3,3],"current_hp_per_floor":[59,59,59,39,39,39,38,26,26,0],"gold":150,"neow_bonus":"THREE_ENEMY_KILL","is_prod":false,"is_daily":false,"chose_seed":false,"campfire_upgraded":0,"win_rate":0,"timestamp":1556682691,"path_taken":["M","M","$","?","?","E","M","E","T","E"],"build_version":"2019-01-23","purchased_purges":0,"victory":false,"max_hp_per_floor":[66,66,66,66,66,66,66,66,66,66],"card_choices":[{"not_picked":["Blade Dance","Bane"],"picked":"Well Laid Plans","floor":1},{"not_picked":["Flying Knee","Cloak And Dagger"],"picked":"Bouncing Flask","floor":2},{"not_picked":["Deflect","Deadly Poison"],"picked":"Cloak And Dagger","floor":6},{"not_picked":["Deflect","Reflex","Deadly Poison"],"picked":"Adrenaline","floor":7},{"not_picked":["Choke","Slice","Reflex","Heel Hook"],"picked":"SKIP","floor":8}],"player_experience":2175400,"relics_obtained":[{"floor":5,"key":"Omamori"},{"floor":6,"key":"Question Card"},{"floor":8,"key":"Unceasing Top"},{"floor":9,"key":"Smiling Mask"}],"event_choices":[{"damage_healed":0,"gold_gain":0,"player_choice":"Entered Light","damage_taken":20,"max_hp_gain":0,"max_hp_loss":0,"event_name":"Shining Light","floor":4,"gold_loss":0,"cards_upgraded":["Deadly Poison","Neutralize"]}],"is_beta":false,"boss_relics":[],"items_purged_floors":[],"is_endless":false,"potions_floor_spawned":[2,6,7],"killed_by":"Gremlin Nob","ascension_level":20}