{"gold_per_floor":[118,268,2,17,28,28,63,63,63,76,107,119,119,154,154,233,233,248,265,315,315,30,30,60,60,60,78,96,112,144,162,162,239,239,251,151,205,220,220,246,246,281,281,281,297,313,313,73,73,73,73,73,8,43,43],"floor_reached":56,"playtime":3076,"items_purged":["Doubt","Strike_B","Strike_B","Cold Snap+1"],"score":2183,"play_id":"be0494c8-b326-49ba-936b-cd575b4854c7","local_time":"20190315123402","is_ascension_mode":true,"campfire_choices":[{"data":"Zap","floor":6,"key":"SMITH"},{"data":"Coolheaded","floor":8,"key":"SMITH"},{"floor":13,"key":"REST"},{"data":"Cold Snap","floor":15,"key":"SMITH"},{"data":"Sweeping Beam","floor":23,"key":"SMITH"},{"data":"Reinforced Body","floor":25,"key":"SMITH"},{"data":"Loop","floor":32,"key":"SMITH"},{"floor":41,"key":"RECALL"},{"data":"Madness","floor":47,"key":"SMITH"},{"data":"Madness","floor":49,"key":"SMITH"},{"data":"Coolheaded","floor":52,"key":"SMITH"}],"neow_cost":"NONE","seed_source_timestamp":175262343749831,"circlet_count":0,"master_deck":["AscendersBane","Defend_B","Defend_B","Defend_B","Zap+1","Reinforced Body+1","Genetic Algorithm","Coolheaded+1","Compile Driver","Recycle+1","Seek+1","Gash","Self Repair","Sweeping Beam+1","Glacier+1","Coolheaded+1","Loop+1","All For One","All For One","Steam Power+1","Biased Cognition+1","Hologram+1","Fusion+1","Madness+1","Madness+1","Beam Cell","Gash","Recycle","Capacitor"],"relics":["Sozu","Happy Flower","Darkstone Periapt","The Courier","Du-Vu Doll","War Paint","Runic Pyramid","Mango","PreservedInsect","Boot","Gremlin Horn","Thread and Needle","Astrolabe","Ginger","StoneCalendar","Bird Faced Urn","Anchor","Art of War"],"potions_floor_usage":[],"damage_taken":[{"damage":0,"enemies":"Small Slimes","floor":1,"turns":3},{"damage":12,"enemies":"Jaw Worm","floor":4,"turns":4},{"damage":1,"enemies":"Cultist","floor":5,"turns":3},{"damage":11,"enemies":"3 Sentries","floor":7,"turns":12},{"damage":9,"enemies":"Lots of Slimes","floor":10,"turns":4},{"damage":20,"enemies":"Gremlin Nob","floor":11,"turns":5},{"damage":0,"enemies":"Large Slime","floor":12,"turns":6},{"damage":0,"enemies":"Lagavulin","floor":14,"turns":7},{"damage":9,"enemies":"The Guardian","floor":16,"turns":14},{"damage":2,"enemies":"2 Thieves","floor":18,"turns":4},{"damage":0,"enemies":"Spheric Guardian","floor":19,"turns":4},{"damage":4,"enemies":"Gremlin Leader","floor":24,"turns":6},{"damage":0,"enemies":"Snecko","floor":27,"turns":6},{"damage":7,"enemies":"Cultist and Chosen","floor":28,"turns":7},{"damage":0,"enemies":"Chosen and Byrds","floor":29,"turns":7},{"damage":8,"enemies":"Slavers","floor":30,"turns":6},{"damage":1,"enemies":"Sentry and Sphere","floor":31,"turns":6},{"damage":0,"enemies":"Champ","floor":33,"turns":9},{"damage":0,"enemies":"Orb Walker","floor":35,"turns":4},{"damage":8,"enemies":"2 Orb Walkers","floor":37,"turns":6},{"damage":0,"enemies":"3 Darklings","floor":38,"turns":3},{"damage":0,"enemies":"Reptomancer","floor":40,"turns":2},{"damage":0,"enemies":"Giant Head","floor":42,"turns":5},{"damage":1,"enemies":"Maw","floor":45,"turns":3},{"damage":18,"enemies":"Writhing Mass","floor":46,"turns":3},{"damage":12,"enemies":"Time Eater","floor":50,"turns":6},{"damage":4,"enemies":"Shield and Spear","floor":54,"turns":4},{"damage":61,"enemies":"The Heart","floor":55,"turns":8}],"seed_played":"8857397651656179236","potions_obtained":[],"is_trial":false,"path_per_floor":["M","?","$","M","M","R","E","R","T","M","E","M","R","E","R","B",null,"M","M","?","?","$","R","E","R","T","M","M","M","E","M","R","B",null,"M","$","?","M","?","E","R","E","T","?","M","M","R","$","R","B",null,"R","$","E","B",null],"character_chosen":"DEFECT","items_purchased":["Reinforced Body","Happy Flower","PreservedInsect","Self Repair","Sweeping Beam","Anchor","Recycle"],"campfire_rested":1,"item_purchase_floors":[3,3,22,22,22,48,53],"current_hp_per_floor":[64,64,64,52,51,51,40,40,40,31,11,11,32,32,32,23,59,57,57,57,71,71,71,74,74,74,81,81,85,84,85,85,85,85,85,85,77,84,69,76,76,83,83,83,85,78,78,78,78,79,84,84,84,85,33],"gold":43,"neow_bonus":"BOSS_RELIC","is_prod":false,"is_daily":false,"chose_seed":false,"campfire_upgraded":9,"win_rate":0,"timestamp":1552667642,"path_taken":["M","?","$","M","M","R","E","R","T","M","E","M","R","E","R","BOSS","M","M","?","?","$","R","E","R","T","M","?","?","E","M","R","BOSS","M","$","?","M","?","E","R","E","T","?","M","?","R","$","R","BOSS","R","$","E","BOSS"],"build_version":"2019-02-06","purchased_purges":4,"victory":true,"max_hp_per_floor":[71,71,71,71,71,71,71,71,71,71,71,71,71,71,71,71,71,71,71,71,85,85,85,85,85,85,85,85,85,85,85,85,85,85,85,85,85,85,85,85,85,85,85,85,85,85,85,85,85,85,85,85,85,85,85],"card_choices":[{"not_picked":["Go for the Eyes","Hologram"],"picked":"Cold Snap","floor":1},{"not_picked":["Rebound","Conserve Battery"],"picked":"Genetic Algorithm","floor":4},{"not_picked":["Meteor Strike","Go for the Eyes"],"picked":"Coolheaded","floor":5},{"not_picked":["Leap","Force Field"],"picked":"Compile Driver","floor":7},{"not_picked":["Conserve Battery","Stack"],"picked":"Recycle","floor":10},{"not_picked":["Chaos","Reinforced Body","BootSequence"],"picked":"SKIP","floor":11},{"not_picked":["Reprogram","Coolheaded"],"picked":"Seek","floor":12},{"not_picked":["Compile Driver","Redo","Rebound"],"picked":"SKIP","floor":14},{"not_picked":["Barrage","Coolheaded"],"picked":"Gash","floor":18},{"not_picked":["Streamline","Recycle","Cold Snap"],"picked":"SKIP","floor":19},{"not_picked":["Hyperbeam","Fusion","Redo+1"],"picked":"SKIP","floor":24},{"not_picked":["Barrage","Steam"],"picked":"Glacier+1","floor":27},{"not_picked":["Streamline","Cold Snap"],"picked":"Coolheaded","floor":28},{"not_picked":["Double Energy","Conserve Battery","Steam"],"picked":"SKIP","floor":29},{"not_picked":["Sweeping Beam","Rebound"],"picked":"Loop","floor":30},{"not_picked":["Conserve Battery","Gash"],"picked":"All For One","floor":31},{"not_picked":["Fission","Amplify"],"picked":"All For One","floor":33},{"not_picked":["Turbo","Stack+1","Steam"],"picked":"SKIP","floor":35},{"not_picked":["Ball Lightning","Storm"],"picked":"Fusion+1","floor":37},{"not_picked":["Stack","FTL","Barrage+1"],"picked":"SKIP","floor":38},{"not_picked":["Hyperbeam","Redo","Barrage+1"],"picked":"SKIP","floor":40},{"not_picked":["Steam+1","BootSequence"],"picked":"Beam Cell","floor":42},{"not_picked":["Leap+1","Go for the Eyes","Steam"],"picked":"SKIP","floor":45},{"not_picked":["Ball Lightning","Beam Cell+1"],"picked":"Gash","floor":46},{"not_picked":["Consume","Sunder"],"picked":"Capacitor","floor":54}],"player_experience":2184298,"relics_obtained":[{"floor":7,"key":"Darkstone Periapt"},{"floor":9,"key":"The Courier"},{"floor":11,"key":"Du-Vu Doll"},{"floor":14,"key":"War Paint"},{"floor":21,"key":"Mango"},{"floor":24,"key":"Boot"},{"floor":26,"key":"Gremlin Horn"},{"floor":30,"key":"Thread and Needle"},{"floor":37,"key":"Ginger"},{"floor":40,"key":"StoneCalendar"},{"floor":42,"key":"Bird Faced Urn"},{"floor":54,"key":"Art of War"}],"event_choices":[{"damage_healed":0,"gold_gain":150,"player_choice":"AGREE","damage_taken":0,"max_hp_gain":0,"max_hp_loss":0,"event_name":"Liars Game","floor":2,"gold_loss":0,"cards_obtained":["Doubt"]},{"damage_healed":0,"gold_gain":50,"player_choice":"Stole From Cult","damage_taken":0,"max_hp_gain":0,"max_hp_loss":0,"event_name":"Nest","floor":20,"gold_loss":0},{"damage_healed":0,"gold_gain":0,"player_choice":"Relic","damage_taken":0,"max_hp_gain":0,"max_hp_loss":0,"event_name":"Wheel of Change","floor":21,"gold_loss":0},{"damage_healed":0,"gold_gain":0,"player_choice":"Fight","damage_taken":0,"max_hp_gain":0,"max_hp_loss":0,"event_name":"Mysterious Sphere","floor":37,"gold_loss":0},{"damage_healed":0,"gold_gain":0,"player_choice":"Embrace Madness","damage_taken":15,"max_hp_gain":0,"max_hp_loss":0,"event_name":"Winding Halls","floor":39,"gold_loss":0,"cards_obtained":["Madness","Madness"]},{"cards_removed":["Dualcast"],"damage_healed":0,"gold_gain":0,"player_choice":"Purged","damage_taken":0,"max_hp_gain":0,"max_hp_loss":0,"event_name":"Purifier","floor":44,"gold_loss":0}],"is_beta":true,"boss_relics":[{"not_picked":["Philosopher\u0027s Stone","Eternal Feather"],"picked":"Runic Pyramid"},{"not_picked":["Nuclear Battery","Coffee Dripper"],"picked":"Astrolabe"}],"items_purged_floors":[3,22,36,48],"is_endless":false,"potions_floor_spawned":[4,7,11,12,14,19,24,31,35,37,42,45],"ascension_level":15}