{"gold_per_floor":[111,36,54,67,67,98,98,98,123,123,143,160,160,160,160,238,238,251,271,271,271],"floor_reached":21,"playtime":768,"items_purged":["Strike_B"],"score":340,"play_id":"73fb1fde-8fc2-46dd-994e-b94892b1b8bc","local_time":"20190504153030","is_ascension_mode":true,"campfire_choices":[{"data":"Doom and Gloom","floor":7,"key":"SMITH"},{"data":"Zap","floor":10,"key":"SMITH"},{"data":"Streamline","floor":13,"key":"SMITH"},{"data":"Coolheaded","floor":15,"key":"SMITH"}],"neow_cost":"NONE","seed_source_timestamp":23069051265565,"circlet_count":0,"master_deck":["AscendersBane","Strike_B","Strike_B","Strike_B","Defend_B","Defend_B","Defend_B","Defend_B","Zap+1","Dualcast","Seek","Leap","Coolheaded+1","Ball Lightning","Doom and Gloom+1","Electrodynamics","Streamline+1","Rainbow","Lockon","Coolheaded"],"relics":["Cracked Core","Omamori","Bronze Scales","Black Star"],"potions_floor_usage":[6,6,19],"damage_taken":[{"damage":1,"enemies":"Cultist","floor":1,"turns":4},{"damage":0,"enemies":"2 Louse","floor":3,"turns":3},{"damage":2,"enemies":"Small Slimes","floor":4,"turns":4},{"damage":22,"enemies":"3 Sentries","floor":6,"turns":8},{"damage":1,"enemies":"Looter","floor":11,"turns":3},{"damage":17,"enemies":"Exordium Thugs","floor":12,"turns":3},{"damage":6,"enemies":"Hexaghost","floor":16,"turns":8},{"damage":33,"enemies":"2 Thieves","floor":18,"turns":3},{"damage":23,"enemies":"Shell Parasite","floor":19,"turns":4},{"damage":19,"enemies":"Cultist and Chosen","floor":21,"turns":4}],"seed_played":"-8418802964536729560","potions_obtained":[{"floor":1,"key":"SkillPotion"},{"floor":4,"key":"Explosive Potion"},{"floor":6,"key":"Block Potion"},{"floor":12,"key":"Energy Potion"}],"is_trial":false,"path_per_floor":["M","$","M","M","$","E","R","?","T","R","M","M","R","?","R","B",null,"M","M","?","M"],"character_chosen":"DEFECT","items_purchased":[],"campfire_rested":0,"item_purchase_floors":[],"current_hp_per_floor":[63,63,63,61,61,39,39,39,39,39,38,21,21,21,21,15,57,24,1,15,0],"gold":271,"neow_bonus":"ONE_RANDOM_RARE_CARD","is_prod":false,"is_daily":false,"chose_seed":false,"campfire_upgraded":4,"win_rate":0,"timestamp":1556976630,"path_taken":["M","$","M","M","$","E","R","?","T","R","M","M","R","?","R","BOSS","M","M","?","M"],"build_version":"2019-01-23","purchased_purges":1,"victory":false,"max_hp_per_floor":[71,71,71,71,71,71,71,71,71,71,71,71,71,71,71,71,71,71,71,71,71],"card_choices":[{"not_picked":["Barrage","Tempest"],"picked":"Leap","floor":1},{"not_picked":["Hologram","Go for the Eyes"],"picked":"Coolheaded","floor":3},{"not_picked":["Aggregate","Blizzard"],"picked":"Ball Lightning","floor":4},{"not_picked":["Undo","Cold Snap"],"picked":"Doom and Gloom","floor":6},{"not_picked":["Turbo","Steam"],"picked":"Electrodynamics","floor":11},{"not_picked":["Lockon","Reprogram"],"picked":"Streamline","floor":12},{"not_picked":["Amplify","Reboot"],"picked":"Rainbow","floor":16},{"not_picked":["Gash","Stack"],"picked":"Lockon","floor":18},{"not_picked":["Gash+1","Beam Cell"],"picked":"Coolheaded","floor":19}],"player_experience":319629,"relics_obtained":[{"floor":6,"key":"Omamori"},{"floor":9,"key":"Bronze Scales"}],"event_choices":[{"damage_healed":0,"gold_gain":0,"player_choice":"Ignored","damage_taken":0,"max_hp_gain":0,"max_hp_loss":0,"event_name":"Golden Idol","floor":8,"gold_loss":0},{"damage_healed":0,"gold_gain":0,"player_choice":"Ignored","damage_taken":0,"max_hp_gain":0,"max_hp_loss":0,"event_name":"Liars Game","floor":14,"gold_loss":0},{"damage_healed":14,"gold_gain":0,"player_choice":"Heal","damage_taken":0,"max_hp_gain":0,"max_hp_loss":0,"event_name":"The Library","floor":20,"gold_loss":0}],"is_beta":false,"boss_relics":[{"not_picked":["Fusion Hammer","Lizard Tail"],"picked":"Black Star"}],"items_purged_floors":[2],"is_endless":false,"potions_floor_spawned":[1,4,6,12,18],"killed_by":"Cultist and Chosen","ascension_level":18}