{"gold_per_floor":[110,127,52,63,63,63,77,77,77,77,77,77,95,15,15,91,91,91,0,0,0],"floor_reached":21,"playtime":781,"items_purged":["Strike_B"],"score":330,"play_id":"72da2c4b-46db-42da-8057-006f6c413a38","local_time":"20181102120200","is_ascension_mode":true,"campfire_choices":[{"data":"Zap","floor":6,"key":"SMITH"},{"data":"Defragment","floor":8,"key":"SMITH"},{"data":"White Noise","floor":10,"key":"SMITH"},{"data":"Dualcast","floor":12,"key":"SMITH"},{"data":"Chaos","floor":15,"key":"SMITH"}],"neow_cost":"NONE","seed_source_timestamp":1078875096630119,"circlet_count":0,"master_deck":["AscendersBane","Strike_B","Strike_B","Strike_B","Defend_B","Defend_B","Defend_B","Defend_B","Zap+1","Dualcast+1","Auto Shields","White Noise+1","Cold Snap","Defragment+1","Go for the Eyes","Chaos+1","Creative AI","BootSequence+1","Coolheaded","Creative AI"],"relics":["Cracked Core","Matryoshka","Ectoplasm"],"potions_floor_usage":[18],"damage_taken":[{"damage":6,"enemies":"Cultist","floor":1,"turns":4},{"damage":0,"enemies":"Small Slimes","floor":2,"turns":3},{"damage":2,"enemies":"Jaw Worm","floor":4,"turns":4},{"damage":19,"enemies":"Gremlin Gang","floor":7,"turns":8},{"damage":7,"enemies":"Looter","floor":13,"turns":3},{"damage":11,"enemies":"The Guardian","floor":16,"turns":11},{"damage":13,"enemies":"Spheric Guardian","floor":18,"turns":5},{"damage":38,"enemies":"2 Thieves","floor":19,"turns":5},{"damage":19,"enemies":"Shelled Parasite and Fungi","floor":21,"turns":2}],"seed_played":"5562745110520920372","potions_obtained":[{"floor":1,"key":"Strength Potion"},{"floor":4,"key":"SpeedPotion"},{"floor":19,"key":"SpeedPotion"}],"is_trial":false,"path_per_floor":["M","M","$","M","?","R","M","R","T","R","?","R","M","$","R","B",null,"M","M","?","M"],"character_chosen":"DEFECT","items_purchased":["Chaos"],"campfire_rested":0,"item_purchase_floors":[14],"current_hp_per_floor":[58,58,58,56,61,61,42,42,42,42,42,42,35,35,35,24,63,50,12,12,0],"gold":0,"neow_bonus":"ONE_RANDOM_RARE_CARD","is_prod":false,"is_daily":false,"chose_seed":false,"campfire_upgraded":5,"win_rate":0,"timestamp":1541185320,"path_taken":["M","M","$","M","?","R","M","R","T","R","?","R","M","$","R","BOSS","M","M","?","M"],"build_version":"2018-11-01v2","purchased_purges":1,"victory":false,"max_hp_per_floor":[71,71,71,71,76,76,76,76,76,76,76,76,76,76,76,76,76,76,76,76,76],"card_choices":[{"not_picked":["Capacitor","Rebound"],"picked":"Auto Shields","floor":1},{"not_picked":["Beam Cell","Barrage"],"picked":"White Noise","floor":2},{"not_picked":["Stack","Barrage"],"picked":"Cold Snap","floor":4},{"not_picked":["Compile Driver","Stack"],"picked":"Defragment","floor":7},{"not_picked":["Gash","Steam"],"picked":"Go for the Eyes","floor":13},{"not_picked":["Amplify","Reboot"],"picked":"Creative AI","floor":16},{"not_picked":["Stack","Lockon"],"picked":"BootSequence+1","floor":18},{"not_picked":["Stack","Consume"],"picked":"Coolheaded","floor":19}],"player_experience":954206,"relics_obtained":[{"floor":9,"key":"Matryoshka"}],"event_choices":[{"damage_healed":0,"gold_gain":0,"player_choice":"Donut","damage_taken":0,"max_hp_gain":5,"max_hp_loss":0,"event_name":"Big Fish","floor":5,"gold_loss":0},{"cards_removed":["Multi-Cast"],"damage_healed":0,"gold_gain":0,"player_choice":"Forget","damage_taken":0,"max_hp_gain":0,"max_hp_loss":0,"event_name":"Living Wall","floor":11,"gold_loss":0},{"damage_healed":0,"gold_gain":0,"player_choice":"1 cards matched","damage_taken":0,"max_hp_gain":0,"max_hp_loss":0,"event_name":"Match and Keep!","floor":20,"gold_loss":0,"cards_obtained":["Creative AI"]}],"is_beta":true,"boss_relics":[{"not_picked":["Eternal Feather","Coffee Dripper"],"picked":"Ectoplasm"}],"items_purged_floors":[3],"is_endless":false,"potions_floor_spawned":[1,4,7,19],"killed_by":"Shelled Parasite and Fungi","ascension_level":19}