{"gold_per_floor":[111,123,94,94,94,129,140,154,154,171,171,190,219,198,198,198],"floor_reached":16,"playtime":592,"items_purged":[],"score":228,"play_id":"18d13096-34fd-418e-b9df-b18fbbd8a6d1","local_time":"20190330050604","is_ascension_mode":true,"campfire_choices":[{"floor":11,"key":"REST"},{"data":"Defragment","floor":15,"key":"SMITH"}],"neow_cost":"NONE","seed_source_timestamp":1135957011151779,"circlet_count":0,"master_deck":["AscendersBane","Strike_B","Strike_B","Strike_B","Defend_B","Defend_B","Defend_B","Defend_B","Zap","Dualcast","Biased Cognition","Compile Driver","Cold Snap","Cold Snap","Glacier","White Noise","Defragment+1","BootSequence","Electrodynamics","Chill"],"relics":["Cracked Core","Boot","Sundial","Blood Vial"],"potions_floor_usage":[6,13,13],"damage_taken":[{"damage":0,"enemies":"2 Louse","floor":1,"turns":3},{"damage":1,"enemies":"Cultist","floor":2,"turns":3},{"damage":26,"enemies":"Lagavulin","floor":6,"turns":5},{"damage":0,"enemies":"Small Slimes","floor":7,"turns":4},{"damage":0,"enemies":"Looter","floor":8,"turns":3},{"damage":0,"enemies":"2 Fungi Beasts","floor":10,"turns":4},{"damage":0,"enemies":"Blue Slaver","floor":12,"turns":4},{"damage":12,"enemies":"Gremlin Nob","floor":13,"turns":4},{"damage":4,"enemies":"Exordium Thugs","floor":14,"turns":4},{"damage":32,"enemies":"The Guardian","floor":16,"turns":2}],"seed_played":"7279027864801966981","potions_obtained":[{"floor":1,"key":"AttackPotion"},{"floor":2,"key":"Strength Potion"},{"floor":10,"key":"Energy Potion"},{"floor":13,"key":"LiquidBronze"}],"is_trial":false,"path_per_floor":["M","M","$","?","?","E","M","M","T","M","R","M","E","M","R","B"],"character_chosen":"DEFECT","items_purchased":["Cold Snap"],"campfire_rested":1,"item_purchase_floors":[3],"current_hp_per_floor":[64,63,63,37,37,11,11,11,11,11,32,32,20,18,18,0],"gold":198,"neow_bonus":"ONE_RANDOM_RARE_CARD","is_prod":false,"is_daily":false,"chose_seed":false,"campfire_upgraded":1,"win_rate":0,"timestamp":1553936764,"path_taken":["M","M","$","?","?","E","M","M","T","M","R","?","E","M","R","BOSS"],"build_version":"2019-01-23","purchased_purges":0,"victory":false,"max_hp_per_floor":[71,71,71,71,71,71,71,71,71,71,71,71,71,71,71,71],"card_choices":[{"not_picked":["Hello World","Lockon"],"picked":"Compile Driver","floor":1},{"not_picked":["Static Discharge","Ball Lightning"],"picked":"Cold Snap","floor":2},{"not_picked":["Streamline","Ball Lightning"],"picked":"Glacier","floor":6},{"not_picked":["Melter","Streamline"],"picked":"White Noise","floor":7},{"not_picked":["Blizzard","Storm"],"picked":"Defragment","floor":8},{"not_picked":["Compile Driver","Coolheaded"],"picked":"BootSequence","floor":10},{"not_picked":["Doom and Gloom","Leap"],"picked":"Electrodynamics","floor":12},{"not_picked":["Doom and Gloom","Steam"],"picked":"Chill","floor":13},{"not_picked":["BootSequence","Hello World","Steam"],"picked":"SKIP","floor":14}],"player_experience":1496166,"relics_obtained":[{"floor":6,"key":"Sundial"},{"floor":13,"key":"Blood Vial"}],"event_choices":[{"damage_healed":0,"gold_gain":0,"player_choice":"Success","damage_taken":26,"relics_obtained":["Boot"],"max_hp_gain":0,"max_hp_loss":0,"event_name":"Scrap Ooze","floor":4,"gold_loss":0},{"cards_removed":["Strike_B"],"damage_healed":0,"gold_gain":0,"player_choice":"Purged","damage_taken":0,"max_hp_gain":0,"max_hp_loss":0,"event_name":"Purifier","floor":5,"gold_loss":0}],"is_beta":false,"boss_relics":[],"items_purged_floors":[],"is_endless":false,"potions_floor_spawned":[1,2,10,12,13],"killed_by":"The Guardian","ascension_level":20}