{"gold_per_floor":[114,114,289,307,307,307,332,342,365,365,209,234,250,270,270,372,372,389,399,415,415,415,415],"floor_reached":23,"playtime":1251,"items_purged":["Doubt"],"score":229,"play_id":"f066f482-5dc1-4ba5-b3a7-1f42df57677f","local_time":"20180903202550","is_ascension_mode":true,"campfire_choices":[{"data":"Dualcast","floor":6,"key":"SMITH"},{"data":"Storm","floor":15,"key":"SMITH"}],"neow_cost":"TEN_PERCENT_HP_LOSS","seed_source_timestamp":92917805002005,"circlet_count":0,"master_deck":["Strike_B","Strike_B","Strike_B","Strike_B","Defend_B","Defend_B","Defend_B","Defend_B","Zap+1","Dualcast+1","Chill","Sweeping Beam","Glacier","Redo","Storm+1","Amplify","Genetic Algorithm","Creative AI","Tempest+1","Auto Shields+1","Compile Driver+1"],"relics":["Cracked Core","Incense Burner","DataDisk","Bag of Preparation","Omamori","Odd Mushroom","Velvet Choker","CultistMask","Blood Vial"],"potions_floor_usage":[7,7,7,16],"damage_taken":[{"damage":0,"enemies":"Small Slimes","floor":1,"turns":3},{"damage":4,"enemies":"Cultist","floor":4,"turns":4},{"damage":10,"enemies":"Lagavulin","floor":7,"turns":7},{"damage":4,"enemies":"2 Louse","floor":8,"turns":3},{"damage":5,"enemies":"3 Sentries","floor":12,"turns":9},{"damage":8,"enemies":"Gremlin Gang","floor":13,"turns":4},{"damage":9,"enemies":"The Mushroom Lair","floor":14,"turns":5},{"damage":27,"enemies":"Slime Boss","floor":16,"turns":14},{"damage":34,"enemies":"2 Thieves","floor":18,"turns":4},{"damage":1,"enemies":"Shell Parasite","floor":19,"turns":7},{"damage":0,"enemies":"3 Cultists","floor":20,"turns":3},{"damage":46,"enemies":"Gremlin Leader","floor":23,"turns":4}],"seed_played":"-7334953395483573109","potions_obtained":[{"floor":1,"key":"LiquidBronze"},{"floor":4,"key":"Energy Potion"},{"floor":5,"key":"Fruit Juice"},{"floor":5,"key":"Block Potion"},{"floor":13,"key":"SkillPotion"}],"is_trial":false,"path_per_floor":["M","?","?","M","?","R","E","M","T","?","$","E","M","?","R","B",null,"M","M","M","?","?"],"character_chosen":"DEFECT","items_purchased":["Storm"],"campfire_rested":0,"item_purchase_floors":[11],"current_hp_per_floor":[68,68,68,64,64,64,59,55,55,60,60,55,47,38,38,11,78,44,43,43,43,43,0],"gold":415,"neow_bonus":"ONE_RARE_RELIC","is_prod":false,"is_daily":false,"chose_seed":false,"campfire_upgraded":2,"win_rate":0,"timestamp":1536020750,"path_taken":["M","?","?","?","?","R","E","?","T","?","$","E","M","?","R","BOSS","M","M","?","?","?","E"],"build_version":"2018-08-30","purchased_purges":1,"victory":false,"max_hp_per_floor":[68,68,68,68,68,68,73,73,73,78,78,78,78,78,78,78,78,78,78,78,78,78,78],"card_choices":[{"not_picked":["Sweeping Beam","Stack"],"picked":"Chill","floor":1},{"not_picked":["Coolheaded","Aggregate"],"picked":"Sweeping Beam","floor":4},{"not_picked":["Turbo","Leap"],"picked":"Glacier","floor":7},{"not_picked":["Conserve Battery","Steam"],"picked":"Redo","floor":8},{"not_picked":["Coolheaded","Sunder"],"picked":"Amplify","floor":12},{"not_picked":["Conserve Battery","Hologram"],"picked":"Genetic Algorithm","floor":13},{"not_picked":["Biased Cognition","Seek"],"picked":"Creative AI","floor":16},{"not_picked":["Coolheaded","Chaos"],"picked":"Tempest+1","floor":18},{"not_picked":["Ball Lightning","Streamline+1"],"picked":"Auto Shields+1","floor":19},{"not_picked":["Coolheaded","Barrage"],"picked":"Compile Driver+1","floor":20}],"player_experience":976020,"relics_obtained":[{"floor":7,"key":"DataDisk"},{"floor":9,"key":"Bag of Preparation"},{"floor":12,"key":"Omamori"},{"floor":14,"key":"Odd Mushroom"}],"event_choices":[{"event_name":"Upgrade Shrine","player_choice":"Upgraded","floor":2,"damage_taken":0},{"event_name":"Liars Game","player_choice":"agreed","floor":3,"damage_taken":0},{"event_name":"The Lab","player_choice":"Got Potions","floor":5,"damage_taken":0},{"event_name":"Big Fish","player_choice":"Donut","floor":10,"damage_taken":0},{"event_name":"Mushrooms","player_choice":"Fought Mushrooms","floor":14,"damage_taken":0},{"event_name":"FaceTrader","player_choice":"Trade","floor":21,"damage_taken":0},{"event_name":"The Mausoleum","player_choice":"Yes","floor":22,"damage_taken":0}],"is_beta":false,"boss_relics":[{"not_picked":["Runic Dome","Eternal Feather"],"picked":"Velvet Choker"}],"items_purged_floors":[11],"is_endless":false,"potions_floor_spawned":[1,4,13],"killed_by":"Gremlin Leader","ascension_level":3}