{"gold_per_floor":[213,233,233,27,27,27,57,57,57,57,2,0,30,61,73,158,170,202,0,12,24,36,48,60],"floor_reached":24,"playtime":693,"items_purged":["Strike_G"],"score":396,"play_id":"9e8700db-760f-4c5d-b242-29c06a43ad6c","local_time":"20190508192856","is_ascension_mode":true,"campfire_choices":[{"data":"Deadly Poison","floor":6,"key":"SMITH"},{"data":"Dagger Spray","floor":8,"key":"SMITH"},{"floor":10,"key":"REST"},{"floor":15,"key":"REST"},{"floor":23,"key":"REST"}],"neow_cost":"NONE","seed_source_timestamp":124134549457060,"circlet_count":0,"master_deck":["AscendersBane","Defend_G+1","Defend_G+1","Defend_G+1","Defend_G+1","Defend_G+1","Strike_G+1","Strike_G+1","Strike_G+1","Strike_G+1","Survivor","Neutralize+1","Deadly Poison+1","Dagger Spray+1","Well Laid Plans","Blade Dance","Cloak And Dagger","Cloak And Dagger","A Thousand Cuts","Injury","Regret","Deflect+1","Decay"],"relics":["Ring of the Snake","Tingsha","Centennial Puzzle","Unceasing Top","MawBank","Calling Bell","Lantern","Question Card","Peace Pipe"],"potions_floor_usage":[7,13,16,16],"damage_taken":[{"damage":0,"enemies":"2 Louse","floor":1,"turns":3},{"damage":1,"enemies":"Small Slimes","floor":2,"turns":4},{"damage":23,"enemies":"Gremlin Nob","floor":7,"turns":4},{"damage":15,"enemies":"Lagavulin","floor":13,"turns":7},{"damage":0,"enemies":"Jaw Worm","floor":14,"turns":4},{"damage":16,"enemies":"Slime Boss","floor":16,"turns":8},{"damage":52,"enemies":"Chosen","floor":18,"turns":8},{"damage":24,"enemies":"Spheric Guardian","floor":24,"turns":4}],"seed_played":"7340514385004534509","potions_obtained":[{"floor":7,"key":"SteroidPotion"},{"floor":13,"key":"PowerPotion"},{"floor":14,"key":"Strength Potion"}],"is_trial":false,"path_per_floor":["M","M","?","$","?","R","E","R","T","R","$","?","E","M","R","B",null,"M","?","?","?","$","R","M"],"character_chosen":"THE_SILENT","items_purchased":["Well Laid Plans","Poison Potion","Blade Dance"],"campfire_rested":3,"item_purchase_floors":[4,4,11],"current_hp_per_floor":[59,58,58,58,32,32,9,9,9,28,28,28,13,13,32,16,54,2,2,2,2,2,21,0],"gold":60,"neow_bonus":"HUNDRED_GOLD","is_prod":false,"is_daily":false,"chose_seed":false,"campfire_upgraded":2,"win_rate":0,"timestamp":1557368936,"path_taken":["M","M","?","$","?","R","E","R","T","R","?","?","E","?","R","BOSS","M","?","?","?","$","R","M"],"build_version":"2019-05-07","purchased_purges":1,"victory":false,"max_hp_per_floor":[66,66,66,66,66,66,66,66,66,66,66,66,66,66,66,66,66,66,66,66,66,66,66,66],"card_choices":[{"not_picked":["Flying Knee","Cloak And Dagger"],"picked":"Deadly Poison","floor":1},{"not_picked":["Infinite Blades","Deflect"],"picked":"Dagger Spray","floor":2},{"not_picked":["Acrobatics","Deadly Poison","Setup"],"picked":"SKIP","floor":7},{"not_picked":["Bouncing Flask","Masterful Stab"],"picked":"Cloak And Dagger","floor":13},{"not_picked":["Expertise","Tactician"],"picked":"Cloak And Dagger","floor":14},{"not_picked":["Burst","Doppelganger"],"picked":"A Thousand Cuts","floor":16},{"not_picked":["Backflip","Dash","Bane"],"picked":"Deflect+1","floor":18}],"player_experience":6288224,"relics_obtained":[{"floor":7,"key":"Centennial Puzzle"},{"floor":9,"key":"Unceasing Top"},{"floor":13,"key":"MawBank"},{"floor":17,"key":"Lantern"},{"floor":17,"key":"Question Card"},{"floor":17,"key":"Peace Pipe"}],"event_choices":[{"damage_healed":0,"gold_gain":0,"player_choice":"Grow","damage_taken":0,"max_hp_gain":0,"max_hp_loss":0,"event_name":"Living Wall","floor":3,"gold_loss":0,"cards_upgraded":["Neutralize"]},{"damage_healed":0,"gold_gain":0,"player_choice":"Success","damage_taken":26,"relics_obtained":["Tingsha"],"max_hp_gain":0,"max_hp_loss":0,"event_name":"Scrap Ooze","floor":5,"gold_loss":0},{"damage_healed":0,"gold_gain":0,"player_choice":"Left Gold","damage_taken":0,"max_hp_gain":0,"max_hp_loss":0,"event_name":"World of Goop","floor":12,"gold_loss":2},{"damage_healed":0,"gold_gain":0,"player_choice":"Paid Fearfully","damage_taken":0,"max_hp_gain":0,"max_hp_loss":0,"event_name":"Masked Bandits","floor":19,"gold_loss":214},{"damage_healed":0,"gold_gain":0,"player_choice":"Simplicity","damage_taken":0,"max_hp_gain":0,"max_hp_loss":0,"event_name":"Back to Basics","floor":20,"gold_loss":0,"cards_upgraded":["Defend_G","Defend_G","Defend_G","Defend_G","Defend_G","Strike_G","Strike_G","Strike_G","Strike_G"]},{"damage_healed":0,"gold_gain":0,"cards_transformed":["Regret"],"player_choice":"Transformed","damage_taken":0,"max_hp_gain":0,"max_hp_loss":0,"event_name":"Transmorgrifier","floor":21,"gold_loss":0,"cards_obtained":["Decay"]}],"is_beta":true,"boss_relics":[{"not_picked":["Fusion Hammer","Tiny House"],"picked":"Calling Bell"}],"items_purged_floors":[4],"is_endless":false,"potions_floor_spawned":[7,13,14],"killed_by":"Spheric Guardian","ascension_level":20}