{"gold_per_floor":[369,76,90,16,27,27,39,39,39,39,95,123,143,154,154,257,257,267,267,267,367,52,78,92,110,110,110,123,156,156,171,171,269,269,288,208,219,237,42,68,80,121,183,195],"floor_reached":44,"playtime":4872,"items_purged":["Strike_R","Strike_R"],"score":812,"play_id":"7096848e-43bf-432a-94cd-da69d3b0b79b","local_time":"20190505100726","is_ascension_mode":true,"campfire_choices":[{"data":"Uppercut","floor":6.0,"key":"SMITH"},{"data":"Wild Strike","floor":8.0,"key":"SMITH"},{"data":"Bash","floor":10.0,"key":"SMITH"},{"data":"True Grit","floor":15.0,"key":"SMITH"},{"data":"Feed","floor":27.0,"key":"SMITH"},{"floor":30.0,"key":"REST"},{"data":"Feel No Pain","floor":32.0,"key":"SMITH"},{"floor":41,"key":"REST"}],"neow_cost":"PERCENT_DAMAGE","seed_source_timestamp":0,"circlet_count":0,"master_deck":["Strike_R","Defend_R","Defend_R","Defend_R","Defend_R","Bash+1","Wild Strike+1","Battle Trance","Uppercut+1","True Grit+1","Searing Blow","Dropkick","Reaper","Shockwave","RitualDagger","Feel No Pain+1","Corruption","Feed+1","Demon Form","Parasite","Intimidate+1","Impervious","Feel No Pain+1"],"special_seed":0,"relics":["Burning Blood","Singing Bowl","The Courier","Vajra","Sozu","Bird Faced Urn","Letter Opener","Matryoshka","Happy Flower","Boot","Pantograph","Bottled Tornado","Empty Cage","Shuriken","MawBank","Omamori","Frozen Egg 2","Strawberry"],"potions_floor_usage":[],"damage_taken":[{"damage":1.0,"enemies":"Cultist","floor":1.0,"turns":4.0},{"damage":2.0,"enemies":"Small Slimes","floor":3.0,"turns":3.0},{"damage":0.0,"enemies":"2 Louse","floor":5.0,"turns":3.0},{"damage":12.0,"enemies":"2 Fungi Beasts","floor":7.0,"turns":5.0},{"damage":12.0,"enemies":"Gremlin Nob","floor":11.0,"turns":3.0},{"damage":25.0,"enemies":"3 Sentries","floor":12.0,"turns":11.0},{"damage":4.0,"enemies":"Blue Slaver","floor":13.0,"turns":3.0},{"damage":4.0,"enemies":"Looter","floor":14.0,"turns":3.0},{"damage":16.0,"enemies":"Hexaghost","floor":16.0,"turns":8.0},{"damage":16.0,"enemies":"3 Byrds","floor":18.0,"turns":5.0},{"damage":16.0,"enemies":"Colosseum Slavers","floor":21.0,"turns":4.0},{"damage":2.0,"enemies":"Colosseum Nobs","floor":21.0,"turns":6.0},{"damage":51.0,"enemies":"Gremlin Leader","floor":23.0,"turns":7.0},{"damage":3.0,"enemies":"2 Thieves","floor":24.0,"turns":3.0},{"damage":18.0,"enemies":"Snake Plant","floor":25.0,"turns":2.0},{"damage":15.0,"enemies":"Cultist and Chosen","floor":28.0,"turns":5.0},{"damage":42.0,"enemies":"Book of Stabbing","floor":29.0,"turns":6.0},{"damage":15.0,"enemies":"Centurion and Healer","floor":31.0,"turns":4.0},{"damage":62.0,"enemies":"Automaton","floor":33.0,"turns":12.0},{"damage":6,"enemies":"Orb Walker","floor":35,"turns":4},{"damage":12,"enemies":"3 Darklings","floor":37,"turns":9},{"damage":27,"enemies":"Writhing Mass","floor":38,"turns":8},{"damage":80,"enemies":"Reptomancer","floor":40,"turns":10},{"damage":45,"enemies":"Giant Head","floor":42,"turns":9},{"damage":83,"enemies":"2 Orb Walkers","floor":44,"turns":6}],"seed_played":"4915123737934522514","potions_obtained":[{"floor":11.0,"key":"Ancient Potion"},{"floor":12.0,"key":"LiquidBronze"},{"floor":14.0,"key":"FearPotion"},{"floor":16.0,"key":"LiquidBronze"}],"is_trial":false,"path_per_floor":["M","$","M","$","M","R","M","R","T","R","?","E","M","M","R","B",null,"M","?","?","?","$","E","M","M","T","R","M","E","R","M","R","B",null,"M","$","M","M","$","E","R","E","T","?"],"character_chosen":"IRONCLAD","items_purchased":["Battle Trance","Singing Bowl","Uppercut","Matryoshka","Corruption","Shuriken"],"campfire_rested":2,"item_purchase_floors":[2,2,4,22,22,39],"current_hp_per_floor":[56,56,62,62,70,70,66,66,66,66,60,41,45,47,47,37,75,73,73,67,80,80,45,54,42,42,42,46,23,51,62,62,42,87,104,104,106,89,89,44,75,48,55,0],"gold":195,"neow_bonus":"TWO_FIFTY_GOLD","is_prod":false,"is_daily":false,"chose_seed":false,"campfire_upgraded":6,"win_rate":0,"timestamp":1557047246,"path_taken":["M","?","M","$","M","R","M","R","T","R","?","E","M","M","R","BOSS","M","?","?","?","?","E","M","M","T","R","M","E","R","M","R","BOSS","M","$","M","M","$","E","R","E","T","?"],"build_version":"2019-01-23","purchased_purges":2,"victory":false,"max_hp_per_floor":[80,80,82,82,84,84,86,86,86,86,86,86,88,88,88,88,88,88,88,88,88,88,90,92,92,92,92,94,96,96,102,102,102,102,104,104,106,106,106,106,106,106,113,113],"card_choices":[{"not_picked":["Twin Strike","Pummel"],"picked":"Wild Strike","floor":1.0},{"not_picked":["Twin Strike","Perfected Strike","Heavy Blade"],"picked":"Singing Bowl","floor":3.0},{"not_picked":["Perfected Strike","Pommel Strike","Iron Wave"],"picked":"Singing Bowl","floor":5.0},{"not_picked":["Iron Wave","Berserk","Anger"],"picked":"Singing Bowl","floor":7.0},{"not_picked":["Clothesline","Twin Strike"],"picked":"True Grit","floor":11.0},{"not_picked":["Battle Trance","Uppercut"],"picked":"Searing Blow","floor":12.0},{"not_picked":["Flex","Whirlwind","Thunderclap"],"picked":"Singing Bowl","floor":13.0},{"not_picked":["Metallicize","Flex"],"picked":"Dropkick","floor":14.0},{"not_picked":["Fiend Fire","Double Tap"],"picked":"Reaper","floor":16.0},{"not_picked":["Twin Strike","Dual Wield"],"picked":"Shockwave","floor":18.0},{"not_picked":["Havoc+1","Combust+1"],"picked":"Feel No Pain","floor":21.0},{"not_picked":["Rupture","Sentinel+1","Wild Strike"],"picked":"Singing Bowl","floor":23.0},{"not_picked":["Clash","Reckless Charge","Anger"],"picked":"Singing Bowl","floor":24.0},{"not_picked":["Sword Boomerang+1","Iron Wave"],"picked":"Feed","floor":25.0},{"not_picked":["Warcry+1","Thunderclap+1","Dropkick"],"picked":"Singing Bowl","floor":28.0},{"not_picked":["Pummel+1","Clash+1","Inflame"],"picked":"Singing Bowl","floor":29.0},{"not_picked":["Warcry+1","Bloodletting","Iron Wave+1"],"picked":"Singing Bowl","floor":31.0},{"not_picked":["Impervious","Immolate"],"picked":"Demon Form","floor":33.0},{"not_picked":["Twin Strike","Clothesline+1","Clash+1"],"picked":"Singing Bowl","floor":35},{"not_picked":["Second Wind","Clothesline+1","Anger+1"],"picked":"Singing Bowl","floor":37},{"not_picked":["Iron Wave+1","Limit Break"],"picked":"Intimidate+1","floor":38},{"not_picked":["Thunderclap+1","Sentinel"],"picked":"Impervious","floor":40},{"not_picked":["Warcry+1","Thunderclap"],"picked":"Feel No Pain+1","floor":42}],"player_experience":306882,"relics_obtained":[{"floor":11.0,"key":"The Courier"},{"floor":12.0,"key":"Vajra"},{"floor":21.0,"key":"Bird Faced Urn"},{"floor":21.0,"key":"Letter Opener"},{"floor":23.0,"key":"Happy Flower"},{"floor":26.0,"key":"Boot"},{"floor":26.0,"key":"Pantograph"},{"floor":29.0,"key":"Bottled Tornado"},{"floor":40,"key":"MawBank"},{"floor":42,"key":"Omamori"},{"floor":43,"key":"Frozen Egg 2"},{"floor":43,"key":"Strawberry"}],"event_choices":[{"damage_healed":0.0,"max_hp_gain":0.0,"max_hp_loss":0.0,"gold_gain":0.0,"event_name":"Dead Adventurer","player_choice":"Searched \u00271\u0027 times","floor":11.0,"gold_loss":0.0,"damage_taken":0.0},{"damage_healed":0.0,"max_hp_gain":0.0,"max_hp_loss":0.0,"gold_gain":0.0,"event_name":"Ghosts","player_choice":"Ignored","floor":19.0,"gold_loss":0.0,"damage_taken":0.0},{"damage_healed":0.0,"max_hp_gain":0.0,"max_hp_loss":0.0,"gold_gain":0.0,"event_name":"Nest","player_choice":"Joined the Cult","floor":20.0,"gold_loss":0.0,"damage_taken":6.0,"cards_obtained":["RitualDagger"]},{"damage_healed":0.0,"max_hp_gain":0.0,"max_hp_loss":0.0,"gold_gain":0.0,"event_name":"Colosseum","player_choice":"Fight","floor":21.0,"gold_loss":0.0,"damage_taken":0.0},{"damage_healed":0.0,"max_hp_gain":0.0,"max_hp_loss":0.0,"gold_gain":0.0,"event_name":"Colosseum","player_choice":"Fought Nobs","floor":21.0,"gold_loss":0.0,"damage_taken":0.0},{"damage_healed":0,"gold_gain":0,"player_choice":"Fight","damage_taken":0,"max_hp_gain":0,"max_hp_loss":0,"event_name":"Mysterious Sphere","floor":44,"gold_loss":0}],"is_beta":false,"boss_relics":[{"not_picked":["Orrery","Ectoplasm"],"picked":"Sozu"},{"not_picked":["Tiny House","Coffee Dripper"],"picked":"Empty Cage"}],"items_purged_floors":[22,36],"is_endless":false,"potions_floor_spawned":[11,12,14,16,18,23,24,25,31,33,35,42],"killed_by":"2 Orb Walkers","ascension_level":9}