{"path_per_floor":["M","M","?","?","?","R","E","M","T","R","$","E","M","$","R","B",null,"M","M","?","$","?","R","E","R","T","?","E","R","M","?","R","B",null,"M","?","?","M","?","E","M","$","T","M","$","M","M","E","R","B"],"character_chosen":"THE_SILENT","items_purchased":["Tools of the Trade","Frozen Egg 2","Panache","Infinite Blades"],"gold_per_floor":[112,122,122,122,122,122,157,175,175,175,30,63,79,79,79,153,153,170,188,113,13,13,13,43,43,43,43,76,76,93,93,93,165,165,183,183,183,194,194,522,538,33,33,45,45,63,75,109,109,109],"floor_reached":51,"campfire_rested":2,"playtime":3311,"current_hp_per_floor":[58,56,61,61,61,61,59,52,52,52,52,62,58,58,58,50,66,64,47,47,47,47,47,11,32,32,32,46,46,46,34,34,34,49,49,49,49,49,49,49,49,49,49,49,49,49,49,45,54,54],"items_purged":["Decay","Strike_G"],"gold":109,"score":1589,"play_id":"ab1876af-44e0-4fa6-bb29-91023bbcafbc","local_time":"20180413021617","is_prod":false,"is_daily":false,"chose_seed":false,"is_ascension_mode":true,"campfire_upgraded":6,"timestamp":1523600177,"path_taken":["M","M","?","?","?","R","E","M","T","R","?","E","?","$","R","BOSS","M","M","?","?","?","R","E","R","T","?","E","R","?","?","R","BOSS","M","?","?","?","?","E","M","$","T","M","$","M","M","E","R","BOSS"],"build_version":"2018-04-12","seed_source_timestamp":13983625997219,"purchased_purges":4,"victory":true,"master_deck":["Defend_G","Defend_G","Defend_G","Defend_G","Defend_G","Strike_G+1","Strike_G","Strike_G+1","Neutralize","AscendersBane","Wraith Form v2+1","Noxious Fumes+1","Prepared","Catalyst+1","PiercingWail","Tools of the Trade+1","After Image+1","Night Terror+1","Deflect","Backstab+1","Ghostly","Ghostly","Ghostly","Ghostly","Ghostly","Dagger Spray+1","A Thousand Cuts","Leg Sweep+1","Wraith Form v2+1","Finesse","Terror+1","Panache+1","Infinite Blades+1","Poisoned Stab+1","Predator+1","Noxious Fumes+1","Cloak And Dagger+1"],"max_hp_per_floor":[66,66,71,71,71,71,71,71,71,71,71,71,71,71,71,71,71,71,71,71,71,71,71,71,71,71,35,49,49,49,54,54,54,54,54,54,54,54,54,54,54,54,54,54,54,54,54,54,54,54],"relics":["Ring of the Snake","Ancient Tea Set","Centennial Puzzle","Whetstone","Cursed Key","Bag of Preparation","Mango","Philosopher\u0027s Stone","Old Coin","Frozen Egg 2","Dodecahedron"],"card_choices":[{"not_picked":["Outmaneuver","Dagger Spray"],"picked":"Noxious Fumes","floor":1},{"not_picked":["Underhanded Strike","Deadly Poison"],"picked":"Prepared","floor":2},{"not_picked":["Blade Dance","Bouncing Flask"],"picked":"Catalyst","floor":7},{"not_picked":["Dagger Spray","Sucker Punch"],"picked":"PiercingWail","floor":8},{"not_picked":["Sucker Punch","Backflip"],"picked":"After Image","floor":12},{"not_picked":["Envenom","A Thousand Cuts"],"picked":"Night Terror","floor":16},{"not_picked":["Dash","Masterful Stab"],"picked":"Deflect","floor":18},{"not_picked":["Heel Hook","Quick Slash"],"picked":"Backstab","floor":24},{"not_picked":["Flying Knee","Sucker Punch"],"picked":"Dagger Spray","floor":28},{"not_picked":["Unload","Bullet Time"],"picked":"A Thousand Cuts","floor":33},{"not_picked":["Sucker Punch","Deflect"],"picked":"Leg Sweep","floor":35},{"not_picked":["Swift Strike","Blind"],"picked":"Finesse","floor":39},{"not_picked":["Night Terror","Deflect"],"picked":"Terror","floor":40},{"not_picked":["Blade Dance","Underhanded Strike"],"picked":"Poisoned Stab","floor":44},{"not_picked":["Leg Sweep","Sucker Punch"],"picked":"Predator","floor":46},{"not_picked":["Outmaneuver","Underhanded Strike"],"picked":"Noxious Fumes","floor":47},{"not_picked":["Slice","Flying Knee"],"picked":"Cloak And Dagger","floor":48}],"player_experience":847076,"potions_floor_usage":[7,7,12,18,19,24,24,33],"damage_taken":[{"damage":1,"enemies":"2 Louse","floor":1,"turns":3},{"damage":2,"enemies":"Jaw Worm","floor":2,"turns":6},{"damage":14,"enemies":"3 Sentries","floor":7,"turns":7},{"damage":7,"enemies":"Small Slimes","floor":8,"turns":6},{"damage":2,"enemies":"Lagavulin","floor":12,"turns":6},{"damage":4,"enemies":"Red Slaver","floor":13,"turns":4},{"damage":8,"enemies":"Hexaghost","floor":16,"turns":10},{"damage":2,"enemies":"3 Byrds","floor":18,"turns":6},{"damage":17,"enemies":"Spheric Guardian","floor":19,"turns":6},{"damage":48,"enemies":"Gremlin Leader","floor":24,"turns":10},{"damage":0,"enemies":"Slavers","floor":28,"turns":8},{"damage":0,"enemies":"Slaver and Parasite","floor":30,"turns":7},{"damage":0,"enemies":"Collector","floor":33,"turns":10},{"damage":0,"enemies":"3 Shapes","floor":35,"turns":6},{"damage":0,"enemies":"3 Darklings","floor":38,"turns":6},{"damage":0,"enemies":"Nemesis","floor":40,"turns":9},{"damage":0,"enemies":"Sphere and 2 Shapes","floor":41,"turns":7},{"damage":0,"enemies":"Maw","floor":44,"turns":9},{"damage":0,"enemies":"4 Shapes","floor":46,"turns":5},{"damage":0,"enemies":"3 Darklings","floor":47,"turns":3},{"damage":4,"enemies":"Giant Head","floor":48,"turns":10},{"damage":0,"enemies":"Donu and Deca","floor":50,"turns":9}],"event_choices":[{"event_name":"Big Fish","player_choice":"Donut","floor":3,"damage_taken":0},{"event_name":"Wheel of Change","player_choice":"Curse","floor":4,"damage_taken":0},{"event_name":"The Lab","player_choice":"Got Potions","floor":5,"damage_taken":0},{"event_name":"Beggar","player_choice":"Gave Gold","floor":20,"damage_taken":0},{"event_name":"Addict","player_choice":"Ignored","floor":22,"damage_taken":0},{"event_name":"Ghosts","player_choice":"Became a Ghost","floor":27,"damage_taken":0},{"event_name":"Forgotten Altar","player_choice":"Shed Blood","floor":31,"damage_taken":0},{"event_name":"Duplicator","player_choice":"One dupe","floor":37,"damage_taken":0},{"event_name":"SensoryStone","player_choice":"Memory 1","floor":39,"damage_taken":0}],"boss_relics":[{"not_picked":["Runic Pyramid","Pandora\u0027s Box"],"picked":"Cursed Key"},{"not_picked":["Velvet Choker","Orrery"],"picked":"Philosopher\u0027s Stone"}],"potions_floor_spawned":[1,7,16,18,19,28,30,38,41,46,47],"seed_played":"2439986942473011533","ascension_level":15,"is_trial":false}