{"gold_per_floor":[115,129,204,220,237,262,262,291,291,291,317,337,337,365,365,443,443,453,453,453,7,21,55,55,84,84,84,9,41,41,55,55,126,126,138,1137,1156,1156,1171,767,787,806,856,856,856,731,759,759,759,759,759,759,79,106,106],"floor_reached":55,"playtime":2129,"items_purged":["Defend_B","Normality","Normality","Dualcast"],"score":1382,"play_id":"3396fc08-5c72-4dc2-933c-b15823e85265","local_time":"20190315231237","is_ascension_mode":true,"campfire_choices":[{"data":"Sunder","floor":7.0,"key":"SMITH"},{"floor":13.0,"key":"REST"},{"data":"Coolheaded","floor":15.0,"key":"SMITH"},{"data":"Coolheaded","floor":24.0,"key":"SMITH"},{"data":"Recycle","floor":27.0,"key":"SMITH"},{"data":"Hologram","floor":32.0,"key":"SMITH"},{"floor":44.0,"key":"RECALL"},{"data":"Seek","floor":49.0,"key":"SMITH"},{"data":"Capacitor","floor":52.0,"key":"SMITH"}],"neow_cost":"NONE","seed_source_timestamp":214423399254473,"circlet_count":0,"master_deck":["AscendersBane","Strike_B","Strike_B+1","Strike_B","Defend_B","Defend_B","Zap","Sunder+1","Hologram+1","Cold Snap","Ball Lightning+1","Biased Cognition","Reinforced Body","Coolheaded+1","Seek+1","Recycle+1","Core Surge","FTL","Coolheaded+1","Core Surge","Biased Cognition","Coolheaded","Capacitor+1","Secret Technique","Coolheaded+1"],"special_seed":0,"relics":["Cracked Core","Bag of Preparation","Whetstone","FossilizedHelix","Shuriken","Pantograph","Sozu","Kunai","Juzu Bracelet","Meat on the Bone","Gremlin Horn","Red Mask","Nunchaku","Runic Pyramid","Turnip","Regal Pillow","Darkstone Periapt","Vajra","Frozen Eye","Blue Candle"],"potions_floor_usage":[55],"damage_taken":[{"damage":0.0,"enemies":"Small Slimes","floor":1.0,"turns":2.0},{"damage":0.0,"enemies":"Jaw Worm","floor":2.0,"turns":3.0},{"damage":0.0,"enemies":"Cultist","floor":4.0,"turns":3.0},{"damage":13.0,"enemies":"Exordium Thugs","floor":5.0,"turns":4.0},{"damage":16.0,"enemies":"3 Sentries","floor":6.0,"turns":6.0},{"damage":2.0,"enemies":"Gremlin Nob","floor":8.0,"turns":3.0},{"damage":11.0,"enemies":"Lagavulin","floor":11.0,"turns":6.0},{"damage":0.0,"enemies":"Exordium Wildlife","floor":12.0,"turns":3.0},{"damage":2.0,"enemies":"Gremlin Nob","floor":14.0,"turns":4.0},{"damage":30.0,"enemies":"Hexaghost","floor":16.0,"turns":11.0},{"damage":0.0,"enemies":"Chosen","floor":18.0,"turns":4.0},{"damage":0.0,"enemies":"2 Thieves","floor":22.0,"turns":3.0},{"damage":0.0,"enemies":"Gremlin Leader","floor":23.0,"turns":6.0},{"damage":9.0,"enemies":"Slavers","floor":25.0,"turns":5.0},{"damage":0.0,"enemies":"Masked Bandits","floor":29.0,"turns":3.0},{"damage":0.0,"enemies":"Snake Plant","floor":31.0,"turns":5.0},{"damage":26.0,"enemies":"Champ","floor":33.0,"turns":10.0},{"damage":0.0,"enemies":"3 Shapes","floor":35.0,"turns":3.0},{"damage":0.0,"enemies":"Orb Walker","floor":37.0,"turns":3.0},{"damage":7.0,"enemies":"Sphere and 2 Shapes","floor":39.0,"turns":5.0},{"damage":0.0,"enemies":"4 Shapes","floor":41.0,"turns":5.0},{"damage":0.0,"enemies":"Jaw Worm Horde","floor":42.0,"turns":5.0},{"damage":0.0,"enemies":"Reptomancer","floor":47.0,"turns":6.0},{"damage":30.0,"enemies":"Donu and Deca","floor":50.0,"turns":10.0},{"damage":35.0,"enemies":"Shield and Spear","floor":54.0,"turns":9.0},{"damage":64,"enemies":"The Heart","floor":55,"turns":9}],"seed_played":"1691565995342841156","potions_obtained":[{"floor":1.0,"key":"Regen Potion"},{"floor":5.0,"key":"Block Potion"},{"floor":6.0,"key":"LiquidBronze"},{"floor":12.0,"key":"FearPotion"},{"floor":16.0,"key":"SpeedPotion"}],"is_trial":false,"path_per_floor":["M","M","?","M","M","E","R","E","T","?","E","M","R","E","R","B",null,"M","?","?","$","M","E","R","E","T","R","$","?","T","M","R","B",null,"M","?","M","?","M","$","M","M","T","R","?","$","E","?","R","B",null,"R","$","E","B"],"character_chosen":"DEFECT","items_purchased":["Core Surge","Kunai","FTL","Turnip","Secret Technique","Vajra","Frozen Eye"],"campfire_rested":1,"item_purchase_floors":[21,21,21,40,53,53,53],"current_hp_per_floor":[64,64,53,53,40,39,39,37,37,30,19,19,40,38,38,33,62,62,62,62,62,62,62,62,53,53,53,53,53,53,53,53,45,65,65,65,65,65,58,58,58,58,58,58,58,58,58,58,58,37,60,60,60,37,0],"gold":106,"neow_bonus":"RANDOM_COMMON_RELIC","is_prod":false,"is_daily":false,"chose_seed":false,"campfire_upgraded":7,"win_rate":0,"timestamp":1552705957,"path_taken":["M","M","?","M","M","E","R","E","T","?","E","?","R","E","R","BOSS","M","?","?","$","?","E","R","E","T","R","$","?","?","M","R","BOSS","M","?","M","?","M","$","M","M","T","R","?","$","E","?","R","BOSS","R","$","E","BOSS"],"build_version":"2019-02-06","purchased_purges":4,"victory":false,"max_hp_per_floor":[71,71,71,71,71,71,71,71,71,71,71,71,71,71,71,71,71,71,71,71,71,71,71,71,71,71,71,71,71,71,71,71,71,71,71,71,71,71,71,71,71,71,71,71,71,71,71,67,67,67,67,67,67,67,67],"card_choices":[{"not_picked":["Double Energy","Conserve Battery"],"picked":"Sunder","floor":1.0},{"not_picked":["Loop","Barrage"],"picked":"Hologram","floor":2.0},{"not_picked":["Redo","Compile Driver"],"picked":"Cold Snap","floor":4.0},{"not_picked":["Redo","Self Repair"],"picked":"Ball Lightning","floor":5.0},{"not_picked":["Rip and Tear","Beam Cell"],"picked":"Biased Cognition","floor":6.0},{"not_picked":["Blizzard","Compile Driver"],"picked":"Reinforced Body","floor":8.0},{"not_picked":["Aggregate","Double Energy"],"picked":"Coolheaded","floor":11.0},{"not_picked":["Beam Cell","Stack","Double Energy"],"picked":"SKIP","floor":12.0},{"not_picked":["Compile Driver","Streamline","Static Discharge"],"picked":"SKIP","floor":14.0},{"not_picked":["Creative AI","Multi-Cast"],"picked":"Seek","floor":16.0},{"not_picked":["Loop+1","Turbo"],"picked":"Recycle","floor":18.0},{"not_picked":["Lockon","Conserve Battery","Cold Snap"],"picked":"SKIP","floor":22.0},{"not_picked":["Gash","Storm"],"picked":"Coolheaded","floor":23.0},{"not_picked":["Go for the Eyes","Turbo"],"picked":"Core Surge","floor":25.0},{"not_picked":["Hologram","Redo","Glacier"],"picked":"SKIP","floor":31.0},{"not_picked":["Core Surge","Creative AI"],"picked":"Biased Cognition","floor":33.0},{"not_picked":["Scrape+1","Rebound+1","Tempest"],"picked":"SKIP","floor":35.0},{"not_picked":["Hello World","Redo"],"picked":"Coolheaded","floor":37.0},{"not_picked":["Doom and Gloom","Conserve Battery"],"picked":"Capacitor","floor":39.0},{"not_picked":["Fusion","Chaos","Steam"],"picked":"SKIP","floor":41.0},{"not_picked":["Defragment","Compile Driver","Streamline"],"picked":"SKIP","floor":42.0},{"not_picked":["Blizzard","Capacitor","Darkness+1"],"picked":"SKIP","floor":47.0},{"not_picked":["Compile Driver","Tempest+1"],"picked":"Coolheaded+1","floor":54.0}],"player_experience":2192043,"relics_obtained":[{"floor":6.0,"key":"Whetstone"},{"floor":8.0,"key":"FossilizedHelix"},{"floor":11.0,"key":"Shuriken"},{"floor":14.0,"key":"Pantograph"},{"floor":23.0,"key":"Juzu Bracelet"},{"floor":25.0,"key":"Meat on the Bone"},{"floor":26.0,"key":"Gremlin Horn"},{"floor":29.0,"key":"Red Mask"},{"floor":30.0,"key":"Nunchaku"},{"floor":43.0,"key":"Regal Pillow"},{"floor":47.0,"key":"Darkstone Periapt"},{"floor":54.0,"key":"Blue Candle"}],"event_choices":[{"damage_healed":0.0,"max_hp_gain":0.0,"max_hp_loss":0.0,"gold_gain":75.0,"event_name":"World of Goop","player_choice":"Gather Gold","floor":3.0,"gold_loss":0.0,"damage_taken":11.0},{"cards_removed":["Strike_B"],"damage_healed":0.0,"max_hp_gain":0.0,"max_hp_loss":0.0,"gold_gain":0.0,"event_name":"Golden Wing","player_choice":"Card Removal","floor":10.0,"gold_loss":0.0,"damage_taken":7.0},{"damage_healed":0.0,"max_hp_gain":0.0,"max_hp_loss":0.0,"gold_gain":0.0,"event_name":"Vampires","player_choice":"Ignored","floor":19.0,"gold_loss":0.0,"damage_taken":0.0},{"damage_healed":0.0,"max_hp_gain":0.0,"max_hp_loss":0.0,"gold_gain":0.0,"event_name":"Lab","player_choice":"Got Potions","floor":20.0,"gold_loss":0.0,"damage_taken":0.0},{"damage_healed":0.0,"max_hp_gain":0.0,"max_hp_loss":0.0,"gold_gain":0.0,"event_name":"Masked Bandits","player_choice":"Fought Bandits","floor":29.0,"gold_loss":0.0,"damage_taken":0.0},{"damage_healed":0.0,"max_hp_gain":0.0,"max_hp_loss":0.0,"gold_gain":999.0,"event_name":"MindBloom","player_choice":"Gold","floor":36.0,"gold_loss":0.0,"damage_taken":0.0,"cards_obtained":["Normality","Normality"]},{"cards_removed":["Defend_B"],"damage_healed":0.0,"max_hp_gain":0.0,"max_hp_loss":0.0,"gold_gain":0.0,"event_name":"Falling","player_choice":"Removed Skill","floor":38.0,"gold_loss":0.0,"damage_taken":0.0},{"damage_healed":0.0,"max_hp_gain":0.0,"max_hp_loss":0.0,"gold_gain":0.0,"event_name":"FaceTrader","player_choice":"Leave","floor":45.0,"gold_loss":0.0,"damage_taken":0.0},{"damage_healed":0.0,"max_hp_gain":0.0,"max_hp_loss":4.0,"gold_gain":0.0,"event_name":"Winding Halls","player_choice":"Max HP","floor":48.0,"gold_loss":0.0,"damage_taken":0.0}],"is_beta":true,"boss_relics":[{"not_picked":["Black Star","Empty Cage"],"picked":"Sozu"},{"not_picked":["Tiny House","White Beast Statue"],"picked":"Runic Pyramid"}],"items_purged_floors":[28,40,46,53],"is_endless":false,"potions_floor_spawned":[1,5,6,12,16,22,29,33,37,41,42],"killed_by":"The Heart","ascension_level":15}