{"gold_per_floor":[112,112,135,5,5,43,59,19,19,54,74,74,97,116,116,116],"floor_reached":16,"playtime":591,"items_purged":[],"score":274,"play_id":"1ddc5e31-f8ce-4838-a929-04b47fc396d5","local_time":"20190504122727","is_ascension_mode":true,"campfire_choices":[{"floor":12,"key":"REST"},{"floor":15,"key":"REST"}],"neow_cost":"NONE","seed_source_timestamp":274872472599402,"circlet_count":0,"master_deck":["AscendersBane","Defend_G","Defend_G","Defend_G","Defend_G","Defend_G","Strike_G","Strike_G","Strike_G","Strike_G","Survivor","Neutralize","Well Laid Plans","Skewer","Backflip","Leg Sweep","Footwork","Backflip","Bouncing Flask","Dagger Throw+1"],"relics":["Ring of the Snake","NeowsBlessing","Golden Idol","Peace Pipe","Molten Egg 2","Sundial"],"potions_floor_usage":[16,16],"damage_taken":[{"damage":0,"enemies":"Cultist","floor":1,"turns":1},{"damage":0,"enemies":"Jaw Worm","floor":3,"turns":1},{"damage":0,"enemies":"Gremlin Nob","floor":6,"turns":1},{"damage":0,"enemies":"2 Louse","floor":7,"turns":3},{"damage":1,"enemies":"Looter","floor":8,"turns":4},{"damage":40,"enemies":"3 Sentries","floor":10,"turns":11},{"damage":15,"enemies":"Exordium Thugs","floor":11,"turns":8},{"damage":1,"enemies":"2 Fungi Beasts","floor":13,"turns":6},{"damage":11,"enemies":"Lots of Slimes","floor":14,"turns":6},{"damage":27,"enemies":"Slime Boss","floor":16,"turns":10}],"seed_played":"6328526875727982296","potions_obtained":[{"floor":1,"key":"SpeedPotion"},{"floor":6,"key":"Swift Potion"}],"is_trial":false,"path_per_floor":["M","?","M","$","?","E","M","M","T","E","M","R","M","M","R","B"],"character_chosen":"THE_SILENT","items_purchased":["Skewer","Backflip"],"campfire_rested":2,"item_purchase_floors":[4,4],"current_hp_per_floor":[59,59,59,59,59,59,59,58,58,18,3,21,20,9,27,0],"gold":116,"neow_bonus":"THREE_ENEMY_KILL","is_prod":false,"is_daily":false,"chose_seed":false,"campfire_upgraded":0,"win_rate":0,"timestamp":1556998047,"path_taken":["M","?","M","$","?","E","M","M","T","E","?","R","M","M","R","BOSS"],"build_version":"2019-04-23","purchased_purges":0,"victory":false,"max_hp_per_floor":[66,60,60,60,60,60,60,60,60,60,60,60,60,60,60,60],"card_choices":[{"not_picked":["Distraction","Bane","Deflect"],"picked":"SKIP","floor":1},{"not_picked":["Tactician","Prepared"],"picked":"Well Laid Plans","floor":3},{"not_picked":["Bane","Doppelganger"],"picked":"Leg Sweep","floor":6},{"not_picked":["Acrobatics","Slice","Calculated Gamble"],"picked":"SKIP","floor":7},{"not_picked":["Finisher","Flechettes","Sucker Punch"],"picked":"SKIP","floor":8},{"not_picked":["Well Laid Plans","Tactician"],"picked":"Footwork","floor":10},{"not_picked":["Sucker Punch+1","Phantasmal Killer"],"picked":"Backflip","floor":11},{"not_picked":["Caltrops","Finisher+1"],"picked":"Bouncing Flask","floor":13},{"not_picked":["Blade Dance","Flying Knee+1"],"picked":"Dagger Throw+1","floor":14}],"player_experience":1211386,"relics_obtained":[{"floor":6,"key":"Peace Pipe"},{"floor":9,"key":"Molten Egg 2"},{"floor":10,"key":"Sundial"}],"event_choices":[{"damage_healed":0,"gold_gain":0,"player_choice":"Lose Max HP","damage_taken":0,"relics_obtained":["Golden Idol"],"max_hp_gain":0,"max_hp_loss":6,"event_name":"Golden Idol","floor":2,"gold_loss":0},{"cards_removed":["Strike_G"],"damage_healed":0,"gold_gain":0,"player_choice":"Purged","damage_taken":0,"max_hp_gain":0,"max_hp_loss":0,"event_name":"Purifier","floor":5,"gold_loss":0}],"is_beta":true,"boss_relics":[],"items_purged_floors":[],"is_endless":false,"potions_floor_spawned":[1,6,11],"killed_by":"Slime Boss","ascension_level":20}