{"path_per_floor":["M","?","M","$","?","R","M","R","T","R","$","R","M","M","R","B",null,"M","M","M","?","$","R","M","M","T","T","R","M","$","M","R","B",null,"M","M","$"],"character_chosen":"IRONCLAD","items_purchased":["Corruption","Body Slam","Rage"],"gold_per_floor":[15,15,28,28,28,28,45,45,94,94,19,19,30,45,45,121,121,131,71,91,91,52,52,66,82,82,82,82,101,54,64,64,143,143,160,180,109,109],"floor_reached":38,"campfire_rested":0,"playtime":1092,"current_hp_per_floor":[72,54,51,51,51,51,57,57,57,57,57,57,56,62,62,68,73,70,68,49,49,49,49,48,53,53,53,53,58,58,75,75,66,73,75,54,54,0],"items_purged":["Strike_R"],"gold":109,"score":797,"play_id":"0c7c1a98-5501-4bd4-8f23-cee71517172a","local_time":"20180413170527","is_prod":false,"is_daily":false,"chose_seed":false,"is_ascension_mode":true,"campfire_upgraded":8,"timestamp":1523664327,"path_taken":["M","?","M","$","?","R","M","R","T","R","?","R","M","M","R","BOSS","M","M","M","?","$","R","M","M","T","?","R","M","?","M","R","BOSS","M","M","$","?"],"build_version":"2018-04-12","seed_source_timestamp":157719733702398,"purchased_purges":2,"victory":false,"master_deck":["Strike_R+1","Strike_R+1","Strike_R+1","Strike_R+1","Defend_R+1","Defend_R+1","Defend_R+1","Defend_R+1","Bash+1","AscendersBane","Barricade+1","Shrug It Off+1","Ghostly Armor+1","Body Slam+1","Metallicize+1","Iron Wave+1","Reaper+1","Body Slam+1","Armaments","Body Slam+1","Corruption+1","Shockwave","Armaments+1","Body Slam+1","True Grit","Demon Form","Entrench","Rage"],"max_hp_per_floor":[75,75,75,75,75,75,75,75,75,75,75,75,75,75,75,75,75,75,75,75,75,75,75,75,75,75,75,75,75,75,75,75,75,75,75,75,75,75],"relics":["Burning Blood","Shuriken","Bronze Scales","Mark of Pain","Pantograph","Whetstone","Eternal Feather"],"card_choices":[{"not_picked":["Berserk","Immolate"],"picked":"Barricade","floor":0},{"not_picked":["Sword Boomerang","Perfected Strike"],"picked":"Shrug It Off","floor":1},{"not_picked":["Warcry","Body Slam"],"picked":"Ghostly Armor","floor":3},{"not_picked":["Power Through","Thunderclap"],"picked":"Body Slam","floor":7},{"not_picked":["Heavy Blade","Armaments"],"picked":"Metallicize","floor":13},{"not_picked":["Combust","Twin Strike"],"picked":"Iron Wave","floor":14},{"not_picked":["Fiend Fire","Exhume"],"picked":"Reaper","floor":16},{"not_picked":["Dual Wield","True Grit"],"picked":"Body Slam","floor":18},{"not_picked":["Sentinel","Sever Soul"],"picked":"Armaments","floor":19},{"not_picked":["Bloodletting","Intimidate"],"picked":"Body Slam","floor":20},{"not_picked":["Heavy Blade","Sever Soul"],"picked":"Shockwave","floor":24},{"not_picked":["Body Slam","Pommel Strike"],"picked":"Armaments","floor":25},{"not_picked":["Havoc","Barricade"],"picked":"True Grit","floor":31},{"not_picked":["Reaper","Fiend Fire"],"picked":"Demon Form","floor":33},{"not_picked":["Bloodletting","Anger"],"picked":"Entrench","floor":35}],"player_experience":453628,"potions_floor_usage":[16,19,25,29,31,33,38],"damage_taken":[{"damage":2,"enemies":"Jaw Worm","floor":1,"turns":3},{"damage":9,"enemies":"2 Louse","floor":3,"turns":3},{"damage":0,"enemies":"Small Slimes","floor":7,"turns":5},{"damage":7,"enemies":"3 Louse","floor":13,"turns":3},{"damage":0,"enemies":"Large Slime","floor":14,"turns":6},{"damage":0,"enemies":"The Guardian","floor":16,"turns":9},{"damage":11,"enemies":"3 Byrds","floor":18,"turns":4},{"damage":13,"enemies":"2 Thieves","floor":19,"turns":4},{"damage":25,"enemies":"Snake Plant","floor":20,"turns":5},{"damage":15,"enemies":"Centurion and Healer","floor":24,"turns":5},{"damage":13,"enemies":"Cultist and Chosen","floor":25,"turns":8},{"damage":5,"enemies":"Snecko","floor":29,"turns":5},{"damage":0,"enemies":"Centurion and Healer","floor":31,"turns":5},{"damage":16,"enemies":"Champ","floor":33,"turns":10},{"damage":1,"enemies":"3 Shapes","floor":35,"turns":8},{"damage":27,"enemies":"3 Darklings","floor":36,"turns":6},{"damage":80,"enemies":"Mysterious Sphere","floor":38,"turns":7}],"event_choices":[{"event_name":"Scrap Ooze","player_choice":"success","floor":2,"damage_taken":18},{"event_name":"Living Wall","player_choice":"Grow","floor":5,"damage_taken":0},{"event_name":"Back to Basics","player_choice":"Simplicity","floor":21,"damage_taken":0},{"event_name":"Mysterious Sphere","player_choice":"Fight","floor":38,"damage_taken":0}],"boss_relics":[{"not_picked":["Calling Bell","Pandora\u0027s Box"],"picked":"Mark of Pain"},{"not_picked":["Astrolabe","Black Blood"],"picked":"Eternal Feather"}],"potions_floor_spawned":[3,7,13,14,18,20,24,29,31],"seed_played":"-2101144632520279419","killed_by":"Mysterious Sphere","ascension_level":15,"is_trial":false}