{"gold_per_floor":[114,79,129,140,157,192,192,226,226,226,244,274,49,68,68,146,146,165,165,175,175,225,225,257,257,331,331,7,7,7,23,23,97,97,116,56,0,19,19,54,54,65,65,65,77,127,127],"floor_reached":47,"playtime":2187,"items_purged":["Normality"],"score":1028,"play_id":"4c8ccd99-1184-47cb-b456-747d7aa26d3d","local_time":"20190429083416","is_ascension_mode":true,"campfire_choices":[{"data":"Perfected Strike","floor":7,"key":"SMITH"},{"data":"True Grit","floor":15,"key":"SMITH"},{"data":"Bash","floor":23,"key":"SMITH"},{"data":"J.A.X.","floor":29,"key":"SMITH"},{"floor":32,"key":"REST"},{"floor":41,"key":"REST"},{"floor":44,"key":"RECALL"}],"neow_cost":"PERCENT_DAMAGE","seed_source_timestamp":569250900342267,"circlet_count":0,"master_deck":["AscendersBane","Strike_R","Strike_R","Strike_R","Strike_R","Strike_R","Defend_R","Defend_R","Defend_R","Defend_R","Bash+1","Shockwave","Perfected Strike+1","Pommel Strike","Clothesline","Disarm","True Grit+1","Shrug It Off","Battle Trance","Impervious","Pommel Strike","Whirlwind","J.A.X.+1","Combust+1","Metallicize+1","Limit Break","Parasite","Clumsy","J.A.X.+1"],"relics":["Burning Blood","Juzu Bracelet","Ginger","The Courier","Bronze Scales","Velvet Choker","Oddly Smooth Stone","Enchiridion","Pen Nib","Darkstone Periapt","Frozen Egg 2","Calling Bell","Anchor","Matryoshka","Gambling Chip","Red Mask","Gremlin Horn","Regal Pillow","Bird Faced Urn"],"potions_floor_usage":[6,8,12,16,45,47,47],"damage_taken":[{"damage":11,"enemies":"Jaw Worm","floor":1,"turns":5},{"damage":1,"enemies":"Small Slimes","floor":4,"turns":4},{"damage":0,"enemies":"Cultist","floor":5,"turns":4},{"damage":12,"enemies":"Gremlin Nob","floor":6,"turns":4},{"damage":20,"enemies":"Lagavulin","floor":8,"turns":6},{"damage":13,"enemies":"3 Louse","floor":11,"turns":4},{"damage":4,"enemies":"Gremlin Nob","floor":12,"turns":3},{"damage":0,"enemies":"Looter","floor":14,"turns":4},{"damage":56,"enemies":"Hexaghost","floor":16,"turns":11},{"damage":15,"enemies":"Chosen","floor":18,"turns":5},{"damage":0,"enemies":"3 Byrds","floor":20,"turns":3},{"damage":22,"enemies":"Gremlin Leader","floor":24,"turns":7},{"damage":6,"enemies":"Sentry and Sphere","floor":31,"turns":4},{"damage":51,"enemies":"Collector","floor":33,"turns":8},{"damage":19,"enemies":"Orb Walker","floor":35,"turns":3},{"damage":4,"enemies":"3 Shapes","floor":38,"turns":3},{"damage":55,"enemies":"Nemesis","floor":40,"turns":7},{"damage":28,"enemies":"Spire Growth","floor":42,"turns":4},{"damage":6,"enemies":"3 Darklings","floor":45,"turns":2},{"damage":49,"enemies":"Reptomancer","floor":47,"turns":2}],"seed_played":"2899544082038706090","potions_obtained":[{"floor":4,"key":"Block Potion"},{"floor":5,"key":"SkillPotion"},{"floor":6,"key":"Poison Potion"},{"floor":14,"key":"SteroidPotion"},{"floor":24,"key":"Poison Potion"},{"floor":40,"key":"Swift Potion"},{"floor":45,"key":"Dexterity Potion"}],"is_trial":false,"path_per_floor":["M","?","?","M","M","E","R","E","T","?","M","E","$","M","R","B",null,"M","?","M","?","?","R","E","?","T","?","$","R","$","M","R","B",null,"M","$","?","M","?","E","R","M","T","R","M","?","E"],"character_chosen":"IRONCLAD","items_purchased":["Shrug It Off","Bronze Scales","PowerPotion","Frozen Egg 2","Combust+1","Metallicize+1"],"campfire_rested":2,"item_purchase_floors":[13,13,13,28,28,28],"current_hp_per_floor":[59,81,81,86,89,83,83,69,69,74,67,69,69,75,75,25,77,68,68,74,53,53,53,37,37,37,37,37,37,37,37,65,20,94,81,81,81,83,83,34,67,45,45,45,47,47,0],"gold":127,"neow_bonus":"TWENTY_PERCENT_HP_BONUS","is_prod":false,"is_daily":false,"chose_seed":false,"campfire_upgraded":4,"win_rate":0,"timestamp":1556541256,"path_taken":["M","?","?","M","M","E","R","E","T","?","M","E","$","M","R","BOSS","M","?","M","?","?","R","E","?","T","?","$","R","?","M","R","BOSS","M","$","?","M","?","E","R","M","T","R","M","?","E"],"build_version":"2019-01-23","purchased_purges":1,"victory":false,"max_hp_per_floor":[89,89,89,89,89,89,89,89,89,94,94,94,94,94,94,94,94,94,94,94,94,94,94,94,94,94,94,94,94,94,94,94,94,112,112,112,112,112,112,112,112,112,112,112,112,112,112],"card_choices":[{"not_picked":["Armaments","Bloodletting"],"picked":"Shockwave","floor":1},{"not_picked":["Infernal Blade","Clash"],"picked":"Perfected Strike","floor":4},{"not_picked":["Havoc","Flex"],"picked":"Pommel Strike","floor":5},{"not_picked":["Sentinel","Ghostly Armor"],"picked":"Clothesline","floor":6},{"not_picked":["Bludgeon","Entrench"],"picked":"Disarm","floor":8},{"not_picked":["Havoc","Body Slam","Ghostly Armor"],"picked":"SKIP","floor":11},{"not_picked":["Thunderclap","Carnage"],"picked":"True Grit","floor":12},{"not_picked":["Seeing Red","Reckless Charge"],"picked":"Battle Trance","floor":14},{"not_picked":["Brutality","Dark Embrace"],"picked":"Impervious","floor":16},{"not_picked":["Pummel","Anger","Havoc"],"picked":"SKIP","floor":18},{"not_picked":["Clash+1","Wild Strike"],"picked":"Pommel Strike","floor":20},{"not_picked":["Headbutt","Anger"],"picked":"Whirlwind","floor":24},{"not_picked":["Headbutt","Fire Breathing+1","Warcry"],"picked":"SKIP","floor":31},{"not_picked":["Brutality+1","Impervious"],"picked":"Limit Break","floor":33},{"not_picked":["True Grit","Blood for Blood","Intimidate+1"],"picked":"SKIP","floor":35},{"not_picked":["True Grit","Body Slam","Wild Strike"],"picked":"SKIP","floor":38},{"not_picked":["Clothesline","Cleave","Dropkick"],"picked":"SKIP","floor":40},{"not_picked":["Spot Weakness","Pommel Strike","Iron Wave"],"picked":"SKIP","floor":42},{"not_picked":["Sword Boomerang","Cleave","Havoc+1"],"picked":"SKIP","floor":45}],"player_experience":2089991,"relics_obtained":[{"floor":6,"key":"Juzu Bracelet"},{"floor":8,"key":"Ginger"},{"floor":12,"key":"The Courier"},{"floor":21,"key":"Enchiridion"},{"floor":24,"key":"Pen Nib"},{"floor":26,"key":"Darkstone Periapt"},{"floor":34,"key":"Anchor"},{"floor":34,"key":"Matryoshka"},{"floor":34,"key":"Gambling Chip"},{"floor":40,"key":"Gremlin Horn"},{"floor":43,"key":"Regal Pillow"},{"floor":43,"key":"Bird Faced Urn"}],"event_choices":[{"damage_healed":22,"gold_gain":0,"player_choice":"Healed","damage_taken":0,"max_hp_gain":0,"max_hp_loss":0,"event_name":"The Cleric","floor":2,"gold_loss":35},{"damage_healed":0,"gold_gain":50,"player_choice":"Pray","damage_taken":0,"max_hp_gain":0,"max_hp_loss":0,"event_name":"Golden Shrine","floor":3,"gold_loss":0},{"damage_healed":0,"gold_gain":0,"player_choice":"Donut","damage_taken":0,"max_hp_gain":5,"max_hp_loss":0,"event_name":"Big Fish","floor":10,"gold_loss":0},{"damage_healed":0,"gold_gain":0,"player_choice":"Opened","damage_taken":0,"relics_obtained":["Oddly Smooth Stone"],"max_hp_gain":0,"max_hp_loss":0,"event_name":"The Mausoleum","floor":19,"gold_loss":0,"cards_obtained":["Writhe"]},{"damage_healed":0,"gold_gain":0,"player_choice":"Obtained Book","damage_taken":21,"max_hp_gain":0,"max_hp_loss":0,"event_name":"Cursed Tome","floor":21,"gold_loss":0},{"damage_healed":0,"gold_gain":50,"player_choice":"Stole From Cult","damage_taken":0,"max_hp_gain":0,"max_hp_loss":0,"event_name":"Nest","floor":22,"gold_loss":0},{"cards_removed":["Writhe"],"damage_healed":0,"gold_gain":0,"player_choice":"Purged","damage_taken":0,"max_hp_gain":0,"max_hp_loss":0,"event_name":"Purifier","floor":25,"gold_loss":0},{"damage_healed":0,"gold_gain":0,"player_choice":"Obtain J.A.X.","damage_taken":0,"max_hp_gain":0,"max_hp_loss":0,"event_name":"Drug Dealer","floor":27,"gold_loss":0,"cards_obtained":["J.A.X."]},{"damage_healed":0,"gold_gain":0,"player_choice":"Paid","damage_taken":0,"relics_obtained":["Red Mask"],"max_hp_gain":0,"max_hp_loss":0,"event_name":"Tomb of Lord Red Mask","floor":37,"gold_loss":56},{"damage_healed":0,"gold_gain":0,"player_choice":"Copied","damage_taken":0,"max_hp_gain":0,"max_hp_loss":0,"event_name":"Duplicator","floor":39,"gold_loss":0,"cards_obtained":["J.A.X."]},{"damage_healed":0,"gold_gain":50,"player_choice":"Pray","damage_taken":0,"max_hp_gain":0,"max_hp_loss":0,"event_name":"Golden Shrine","floor":46,"gold_loss":0}],"is_beta":false,"boss_relics":[{"not_picked":["Eternal Feather","Runic Pyramid"],"picked":"Velvet Choker"},{"not_picked":["Black Star","Sozu"],"picked":"Calling Bell"}],"items_purged_floors":[36],"is_endless":false,"potions_floor_spawned":[4,5,6,14,24,33,40,45],"killed_by":"Reptomancer","ascension_level":20}