{"path_per_floor":["M","?","?","M","$","R","?","E","T","E","M","R","M","E","R","B",null,"M","?","$","M","?","R","E","R","T","R","T","$","M","?","R"],"character_chosen":"THE_SILENT","items_purchased":["Footwork","Lantern","Flash of Steel","Infinite Blades"],"gold_per_floor":[111,111,61,84,12,12,0,39,94,133,147,147,172,205,205,334,334,357,357,116,137,52,52,93,93,93,93,93,53,72,72,72,72],"floor_reached":33,"campfire_rested":1,"playtime":1643,"current_hp_per_floor":[63,63,63,63,63,63,63,25,25,22,21,44,35,21,21,19,64,64,64,64,64,64,64,46,46,46,46,46,46,46,53,53,0],"items_purged":[],"gold":72,"score":471,"play_id":"e945ec31-6d9e-416a-947c-6871f2e83842","local_time":"20180326214925","is_prod":false,"is_daily":false,"is_ascension_mode":true,"campfire_upgraded":6,"timestamp":1522115365,"path_taken":["M","?","?","M","?","R","?","E","T","E","?","R","M","E","R","BOSS","M","?","$","M","?","R","E","R","T","R","?","?","?","?","R","BOSS"],"build_version":"2018-03-22v2","purchased_purges":1,"victory":false,"master_deck":["Defend_G","Defend_G","Defend_G","Defend_G","Defend_G","Strike_G","Survivor+1","Neutralize+1","AscendersBane","Predator","Flying Knee","Footwork+1","Bouncing Flask+1","Footwork+1","Adrenaline+1","Adrenaline+1","Eviscerate+1","Deflect+1","Bullet Time+1","Underhanded Strike","Flash of Steel+1","Concentrate+1","Dash+1","Infinite Blades+1"],"max_hp_per_floor":[70,65,65,65,65,65,65,65,65,79,79,79,79,79,79,79,79,79,79,79,79,79,79,79,79,79,79,79,79,79,86,86,86],"relics":["Ring of the Snake","Golden Idol","Letter Opener","Bag of Marbles","Mango","Bottled Flame","Astrolabe","Lantern","Tingsha","Vajra","War Paint","Peace Pipe","Strawberry"],"card_choices":[{"not_picked":["Poisoned Stab","Leg Sweep"],"picked":"Predator","floor":1},{"not_picked":["Prepared","Setup"],"picked":"Flying Knee","floor":4},{"not_picked":["Underhanded Strike","Endless Agony"],"picked":"Bouncing Flask","floor":8},{"not_picked":["Backflip","Malaise"],"picked":"Footwork","floor":10},{"not_picked":["Predator","Deadly Poison"],"picked":"Adrenaline","floor":14},{"not_picked":["Glass Knife","Wraith Form"],"picked":"Adrenaline","floor":16},{"not_picked":["Riddle With Holes","Slice"],"picked":"Underhanded Strike","floor":18},{"not_picked":["Deflect","Dodge and Roll"],"picked":"Concentrate","floor":21},{"not_picked":["Venomology","Backflip"],"picked":"Dash","floor":24}],"player_experience":610576,"potions_floor_usage":[8,14,16,18,24],"damage_taken":[{"damage":0,"enemies":"Small Slimes","floor":1,"turns":3},{"damage":0,"enemies":"2 Louse","floor":4,"turns":3},{"damage":38,"enemies":"Lagavulin","floor":8,"turns":11},{"damage":17,"enemies":"Gremlin Nob","floor":10,"turns":5},{"damage":1,"enemies":"Jaw Worm","floor":11,"turns":4},{"damage":9,"enemies":"Exordium Wildlife","floor":13,"turns":4},{"damage":14,"enemies":"3 Sentries","floor":14,"turns":8},{"damage":2,"enemies":"The Guardian","floor":16,"turns":9},{"damage":0,"enemies":"Shell Parasite","floor":18,"turns":4},{"damage":0,"enemies":"2 Thieves","floor":21,"turns":3},{"damage":18,"enemies":"Slavers","floor":24,"turns":6},{"damage":0,"enemies":"Chosen and Byrds","floor":30,"turns":3},{"damage":71,"enemies":"Collector","floor":33,"turns":7}],"event_choices":[{"event_name":"Golden Idol","player_choice":"Lose Max HP","floor":2,"damage_taken":0},{"event_name":"The Cleric","player_choice":"Card Removal","floor":3,"damage_taken":0},{"event_name":"World of Goop","player_choice":"Left","floor":7,"damage_taken":0},{"event_name":"Accursed Blacksmith","player_choice":"Forge","floor":19,"damage_taken":0},{"event_name":"Addict","player_choice":"Obtained Relic","floor":22,"damage_taken":0},{"event_name":"The Mausoleum","player_choice":"Yes","floor":31,"damage_taken":0}],"boss_relics":[{"not_picked":["Orrery","Cursed Key"],"picked":"Astrolabe"}],"potions_floor_spawned":[4,13,14,16,18],"seed_played":"823170997371232876","killed_by":"Collector","ascension_level":12,"is_trial":false}