{"gold_per_floor":[115,130,148,26,43,71,81,111,111,126,137,172,72,104,104,180,180,190,216,231,55,74,99,111,155,167,204,216,259,282,305,317,407,419,445,473,495,522,549,561,601,613,651,663,897,583,583,683,683,683,683,683,12,41,41],"floor_reached":55,"playtime":2080,"items_purged":["Strike_R","Strike_R","Strike_R","Carnage"],"score":1397,"play_id":"c8c28dbc-fba0-4674-9c33-e7f8183c4d53","local_time":"20190403201526","is_ascension_mode":true,"campfire_choices":[{"data":"Armaments","floor":15.0,"key":"SMITH"},{"data":"Barricade","floor":28.0,"key":"SMITH"},{"data":"Limit Break","floor":32.0,"key":"SMITH"},{"floor":40,"key":"RECALL"},{"data":"True Grit","floor":42,"key":"SMITH"},{"data":"Limit Break","floor":44,"key":"SMITH"},{"data":"Inflame","floor":49,"key":"SMITH"},{"data":"Feel No Pain","floor":52,"key":"SMITH"}],"neow_cost":"NONE","seed_source_timestamp":1845652672570503,"circlet_count":0,"master_deck":["AscendersBane","Defend_R","Defend_R","Defend_R+1","Defend_R","Bash","Armaments+1","Inflame","Sword Boomerang","Anger","Flame Barrier","Feel No Pain+1","Headbutt","Spot Weakness+1","True Grit+1","Impervious","Inflame+1","Barricade+1","Limit Break+1","Limit Break+1","Shrug It Off+1","Sword Boomerang","Feed","Disarm+1","Offering+1","Corruption+1"],"special_seed":0,"relics":["Burning Blood","Pocketwatch","Meat on the Bone","Bird Faced Urn","Gremlin Horn","Magic Flower","Sozu","Red Mask","MawBank","The Courier","Bottled Lightning","Orichalcum","Juzu Bracelet","Empty Cage","Oddly Smooth Stone","Bottled Tornado","Torii","Lantern","Frozen Eye","Ornamental Fan","Blood Vial","War Paint"],"potions_floor_usage":[],"damage_taken":[{"damage":6.0,"enemies":"Cultist","floor":1.0,"turns":4.0},{"damage":0.0,"enemies":"Small Slimes","floor":2.0,"turns":2.0},{"damage":0.0,"enemies":"Jaw Worm","floor":3.0,"turns":3.0},{"damage":6.0,"enemies":"Blue Slaver","floor":5.0,"turns":6.0},{"damage":16.0,"enemies":"Gremlin Nob","floor":6.0,"turns":3.0},{"damage":13.0,"enemies":"Large Slime","floor":7.0,"turns":4.0},{"damage":17.0,"enemies":"Lagavulin","floor":8.0,"turns":6.0},{"damage":7.0,"enemies":"Looter","floor":10.0,"turns":3.0},{"damage":2.0,"enemies":"2 Fungi Beasts","floor":11.0,"turns":3.0},{"damage":20.0,"enemies":"Gremlin Nob","floor":12.0,"turns":4.0},{"damage":13.0,"enemies":"Lagavulin","floor":14.0,"turns":6.0},{"damage":28.0,"enemies":"Slime Boss","floor":16.0,"turns":8.0},{"damage":0.0,"enemies":"3 Byrds","floor":18.0,"turns":4.0},{"damage":36.0,"enemies":"Masked Bandits","floor":19.0,"turns":5.0},{"damage":1.0,"enemies":"2 Thieves","floor":20.0,"turns":3.0},{"damage":22.0,"enemies":"Snake Plant","floor":22.0,"turns":4.0},{"damage":25.0,"enemies":"Book of Stabbing","floor":23.0,"turns":5.0},{"damage":7.0,"enemies":"Gremlin Leader","floor":25.0,"turns":5.0},{"damage":48.0,"enemies":"Slavers","floor":27.0,"turns":6.0},{"damage":57.0,"enemies":"Book of Stabbing","floor":29.0,"turns":6.0},{"damage":7.0,"enemies":"Shelled Parasite and Fungi","floor":30.0,"turns":8.0},{"damage":11.0,"enemies":"Chosen and Byrds","floor":31.0,"turns":5.0},{"damage":7.0,"enemies":"Champ","floor":33.0,"turns":7.0},{"damage":0.0,"enemies":"3 Shapes","floor":35.0,"turns":6.0},{"damage":9,"enemies":"3 Darklings","floor":36,"turns":3},{"damage":2,"enemies":"Sphere and 2 Shapes","floor":37,"turns":4},{"damage":3,"enemies":"Jaw Worm Horde","floor":38,"turns":4},{"damage":14,"enemies":"3 Darklings","floor":39,"turns":3},{"damage":28,"enemies":"Reptomancer","floor":41,"turns":6},{"damage":0,"enemies":"Mind Bloom Boss Battle","floor":48,"turns":6},{"damage":42,"enemies":"Donu and Deca","floor":50,"turns":7},{"damage":54,"enemies":"Shield and Spear","floor":54,"turns":6},{"damage":96,"enemies":"The Heart","floor":55,"turns":6}],"seed_played":"7882034646902536681","potions_obtained":[{"floor":0.0,"key":"AttackPotion"},{"floor":0.0,"key":"Swift Potion"},{"floor":2.0,"key":"Explosive Potion"},{"floor":7.0,"key":"SpeedPotion"}],"is_trial":false,"path_per_floor":["M","M","M","$","M","E","M","E","T","M","M","E","$","E","R","B",null,"M","?","M","$","M","E","$","E","T","E","R","E","M","M","R","B",null,"M","M","M","M","M","R","E","R","T","R","?","$","?","?","R","B",null,"R","$","E","B"],"character_chosen":"IRONCLAD","items_purchased":["Sword Boomerang","True Grit","Bottled Tornado","Offering","Lantern","Frozen Eye","Ornamental Fan","Blood Vial"],"campfire_rested":0,"item_purchase_floors":[4,21,46,53,53,53,53,53],"current_hp_per_floor":[68,74,75,75,75,65,58,47,47,48,54,54,54,51,51,56,70,75,51,62,62,55,63,63,74,74,62,62,41,55,65,65,75,75,75,75,75,75,75,75,68,68,68,68,68,68,58,82,82,61,83,83,83,68,0],"gold":41,"neow_bonus":"THREE_SMALL_POTIONS","is_prod":false,"is_daily":false,"chose_seed":false,"campfire_upgraded":7,"win_rate":0,"timestamp":1554336926,"path_taken":["M","M","M","$","M","E","M","E","T","M","?","E","$","E","R","BOSS","M","?","M","$","M","E","$","E","T","E","R","E","M","M","R","BOSS","M","M","M","M","M","R","E","R","T","R","?","$","?","?","R","BOSS","R","$","E","BOSS"],"build_version":"2019-03-15","purchased_purges":4,"victory":false,"max_hp_per_floor":[75,75,75,75,75,75,75,75,75,75,75,75,75,75,75,75,75,75,75,75,75,75,75,75,75,75,75,75,75,75,75,75,75,75,75,75,75,75,78,78,82,82,82,82,82,82,82,86,86,90,90,90,90,90,90],"card_choices":[{"not_picked":["Dual Wield","Rupture"],"picked":"Carnage","floor":1.0},{"not_picked":["Sever Soul","Clash"],"picked":"Armaments","floor":2.0},{"not_picked":["Corruption","Body Slam"],"picked":"Inflame","floor":3.0},{"not_picked":["Clash","Havoc"],"picked":"Anger","floor":5.0},{"not_picked":["Dark Embrace","Hemokinesis","Metallicize"],"picked":"SKIP","floor":6.0},{"not_picked":["Dropkick","Havoc","Intimidate"],"picked":"SKIP","floor":7.0},{"not_picked":["Double Tap","Intimidate","Metallicize"],"picked":"SKIP","floor":8.0},{"not_picked":["Bloodletting","Infernal Blade"],"picked":"Flame Barrier","floor":10.0},{"not_picked":["Pummel","Body Slam"],"picked":"Feel No Pain","floor":11.0},{"not_picked":["Heavy Blade","Bloodletting","Twin Strike"],"picked":"SKIP","floor":12.0},{"not_picked":["Ghostly Armor","Twin Strike","Sword Boomerang"],"picked":"SKIP","floor":14.0},{"not_picked":["True Grit","Battle Trance"],"picked":"Headbutt","floor":18.0},{"not_picked":["Seeing Red","Armaments"],"picked":"Spot Weakness+1","floor":19.0},{"not_picked":["Perfected Strike","Cleave","Uppercut"],"picked":"SKIP","floor":20.0},{"not_picked":["Wild Strike","Second Wind"],"picked":"Impervious","floor":22.0},{"not_picked":["Ghostly Armor+1","Carnage"],"picked":"Inflame","floor":23.0},{"not_picked":["Evolve","Seeing Red"],"picked":"Barricade","floor":25.0},{"not_picked":["Exhume","Heavy Blade","Warcry"],"picked":"SKIP","floor":27.0},{"not_picked":["Flex","Intimidate","Bloodletting"],"picked":"SKIP","floor":29.0},{"not_picked":["Iron Wave","Perfected Strike","Battle Trance"],"picked":"SKIP","floor":30.0},{"not_picked":["Twin Strike","Armaments"],"picked":"Limit Break","floor":31.0},{"not_picked":["Berserk","Exhume"],"picked":"Limit Break","floor":33.0},{"not_picked":["Wild Strike","Iron Wave"],"picked":"Shrug It Off+1","floor":35.0},{"not_picked":["True Grit","Infernal Blade"],"picked":"Sword Boomerang","floor":36},{"not_picked":["Metallicize","Burning Pact+1","Cleave"],"picked":"SKIP","floor":37},{"not_picked":["Wild Strike","Ghostly Armor"],"picked":"Feed","floor":38},{"not_picked":["Armaments","Cleave+1","Anger"],"picked":"SKIP","floor":39},{"not_picked":["Juggernaut","Thunderclap+1","Warcry"],"picked":"SKIP","floor":41},{"not_picked":["Shockwave+1","Power Through"],"picked":"Disarm+1","floor":48},{"not_picked":["Clash","Pommel Strike"],"picked":"Corruption+1","floor":54}],"player_experience":2349000,"relics_obtained":[{"floor":6.0,"key":"Pocketwatch"},{"floor":8.0,"key":"Meat on the Bone"},{"floor":9.0,"key":"Bird Faced Urn"},{"floor":12.0,"key":"Gremlin Horn"},{"floor":14.0,"key":"Magic Flower"},{"floor":19.0,"key":"Red Mask"},{"floor":23.0,"key":"MawBank"},{"floor":25.0,"key":"The Courier"},{"floor":26.0,"key":"Bottled Lightning"},{"floor":27.0,"key":"Orichalcum"},{"floor":29.0,"key":"Juzu Bracelet"},{"floor":41,"key":"Oddly Smooth Stone"},{"floor":48,"key":"Torii"},{"floor":54,"key":"War Paint"}],"event_choices":[{"damage_healed":0.0,"max_hp_gain":0.0,"max_hp_loss":0.0,"gold_gain":0.0,"event_name":"Masked Bandits","player_choice":"Fought Bandits","floor":19.0,"gold_loss":0.0,"damage_taken":0.0},{"damage_healed":0,"gold_gain":222,"player_choice":"Wore Mask","damage_taken":0,"max_hp_gain":0,"max_hp_loss":0,"event_name":"Tomb of Lord Red Mask","floor":45,"gold_loss":0},{"damage_healed":0,"gold_gain":0,"player_choice":"Memory 3","damage_taken":10,"max_hp_gain":0,"max_hp_loss":0,"event_name":"SensoryStone","floor":47,"gold_loss":0},{"damage_healed":0,"gold_gain":0,"player_choice":"Fight","damage_taken":0,"max_hp_gain":0,"max_hp_loss":0,"event_name":"MindBloom","floor":48,"gold_loss":0}],"is_beta":true,"boss_relics":[{"not_picked":["Busted Crown","Black Star"],"picked":"Sozu"},{"not_picked":["Pandora\u0027s Box","Black Blood"],"picked":"Empty Cage"}],"items_purged_floors":[4,13,21,46],"is_endless":false,"potions_floor_spawned":[1,2,5,7,11,12,16,18,23,30,31,33,35,41,54],"killed_by":"The Heart","ascension_level":15}