{"gold_per_floor":[14,66,82,82,95,95,129,144,169,169,169,169,209,227,227,320,320,344,344,146,169,77,77,115,133,133,133,133,152,172,5,5,95,95,111,444,463,463,475,475,485,500,523,523,558,558,571,589,589,589,589,589,229,229],"floor_reached":54,"playtime":2644,"items_purged":["Strike_B+1","Strike_B+1"],"score":1296,"play_id":"cf28d8ec-a0b7-45af-9943-842c05f7f328","local_time":"20190423233104","is_ascension_mode":true,"campfire_choices":[{"data":"Fission","floor":6,"key":"SMITH"},{"data":"Streamline","floor":10,"key":"SMITH"},{"data":"Ball Lightning","floor":15,"key":"SMITH"},{"data":"Biased Cognition","floor":23,"key":"SMITH"},{"data":"Capacitor","floor":32,"key":"SMITH"},{"floor":40,"key":"REST"},{"floor":44,"key":"REST"},{"floor":49,"key":"RECALL"},{"data":"Darkness","floor":52,"key":"SMITH"}],"neow_cost":"NO_GOLD","seed_source_timestamp":1152834815238532,"circlet_count":0,"master_deck":["AscendersBane","Strike_B+1","Defend_B+1","Defend_B+1","Defend_B+1","Defend_B+1","Zap","Dualcast","Fission+1","Streamline+1","Ball Lightning+1","Cold Snap","Glacier+1","Conserve Battery","Capacitor+1","Reinforced Body","Biased Cognition+1","Self Repair","Darkness+1","Chill","Redo+1","Consume+1","Seek+1","Leap+1","Chill+1","Doom and Gloom","Hologram+1","Hologram+1","Conserve Battery+1","Dark Shackles+1","Static Discharge"],"relics":["Cracked Core","War Paint","Bronze Scales","Dream Catcher","Philosopher\u0027s Stone","Membership Card","Vajra","Mummified Hand","Toxic Egg 2","Velvet Choker","Regal Pillow","Symbiotic Virus","Centennial Puzzle"],"potions_floor_usage":[7,16,24,24,28,45,47,54],"damage_taken":[{"damage":8,"enemies":"Small Slimes","floor":1,"turns":3},{"damage":0,"enemies":"2 Louse","floor":3,"turns":3},{"damage":0,"enemies":"Cultist","floor":5,"turns":3},{"damage":0,"enemies":"Gremlin Nob","floor":7,"turns":2},{"damage":1,"enemies":"2 Fungi Beasts","floor":8,"turns":3},{"damage":4,"enemies":"Lagavulin","floor":13,"turns":7},{"damage":0,"enemies":"Blue Slaver","floor":14,"turns":2},{"damage":19,"enemies":"Slime Boss","floor":16,"turns":8},{"damage":8,"enemies":"3 Byrds","floor":18,"turns":3},{"damage":0,"enemies":"Chosen","floor":21,"turns":3},{"damage":20,"enemies":"Slavers","floor":24,"turns":6},{"damage":1,"enemies":"Snake Plant","floor":25,"turns":3},{"damage":6,"enemies":"Cultist and Chosen","floor":28,"turns":4},{"damage":0,"enemies":"Sentry and Sphere","floor":29,"turns":4},{"damage":0,"enemies":"Snecko","floor":30,"turns":5},{"damage":53,"enemies":"Automaton","floor":33,"turns":12},{"damage":9,"enemies":"Orb Walker","floor":35,"turns":5},{"damage":25,"enemies":"3 Darklings","floor":37,"turns":5},{"damage":22,"enemies":"Sphere and 2 Shapes","floor":39,"turns":7},{"damage":2,"enemies":"4 Shapes","floor":41,"turns":6},{"damage":13,"enemies":"Jaw Worm Horde","floor":42,"turns":6},{"damage":3,"enemies":"Reptomancer","floor":45,"turns":8},{"damage":14,"enemies":"Writhing Mass","floor":47,"turns":9},{"damage":24,"enemies":"Transient","floor":48,"turns":5},{"damage":16,"enemies":"Awakened One","floor":50,"turns":20},{"damage":65,"enemies":"Shield and Spear","floor":54,"turns":6}],"seed_played":"-6984129943067156164","potions_obtained":[{"floor":5,"key":"AttackPotion"},{"floor":7,"key":"SteroidPotion"},{"floor":13,"key":"Weak Potion"},{"floor":16,"key":"EssenceOfSteel"},{"floor":25,"key":"SmokeBomb"},{"floor":33,"key":"PowerPotion"},{"floor":39,"key":"Ancient Potion"},{"floor":45,"key":"GamblersBrew"}],"is_trial":false,"path_per_floor":["M","?","M","?","M","R","E","M","T","R","?","?","E","M","R","B",null,"M","?","$","M","$","R","E","M","T","?","M","M","M","$","R","B",null,"M","?","M","?","M","R","M","M","T","R","E","?","M","M","R","B",null,"R","$","E"],"character_chosen":"DEFECT","items_purchased":["Membership Card","Self Repair","Darkness","Toxic Egg 2","Ancient Potion","Symbiotic Virus","PowerPotion","Dark Shackles+1","Centennial Puzzle","Static Discharge"],"campfire_rested":2,"item_purchase_floors":[20,22,22,31,31,53,53,53,53,53],"current_hp_per_floor":[56,56,56,56,56,56,56,55,55,55,55,60,56,56,56,37,61,53,53,53,53,53,53,40,46,46,46,47,54,54,54,54,8,54,52,52,34,34,19,39,44,38,38,58,62,67,60,43,43,34,60,60,60,0],"gold":229,"neow_bonus":"THREE_RARE_CARDS","is_prod":false,"is_daily":false,"chose_seed":false,"campfire_upgraded":6,"win_rate":0,"timestamp":1556076664,"path_taken":["M","?","M","?","M","R","E","M","T","R","?","?","E","M","R","BOSS","M","?","$","M","$","R","E","M","T","?","M","M","M","$","R","BOSS","M","?","M","?","M","R","M","M","T","R","E","?","M","M","R","BOSS","R","$","E"],"build_version":"2019-04-23","purchased_purges":2,"victory":false,"max_hp_per_floor":[71,71,71,71,71,71,71,71,71,71,64,69,69,69,69,69,69,69,69,69,69,69,69,69,69,69,69,69,69,69,69,69,69,69,69,69,69,69,69,69,69,69,69,69,69,69,69,69,69,69,69,69,69,69],"card_choices":[{"not_picked":["Machine Learning","Hyperbeam"],"picked":"Fission","floor":0},{"not_picked":["Compile Driver","Beam Cell"],"picked":"Streamline","floor":1},{"not_picked":["Fusion","Streamline"],"picked":"Ball Lightning","floor":3},{"not_picked":["Darkness","Scrape"],"picked":"Cold Snap","floor":5},{"not_picked":["Go for the Eyes","Hello World"],"picked":"Glacier","floor":7},{"not_picked":["BootSequence","Leap"],"picked":"Conserve Battery","floor":8},{"not_picked":["Storm","Compile Driver"],"picked":"Capacitor","floor":13},{"not_picked":["Redo","Stack"],"picked":"Reinforced Body","floor":14},{"not_picked":["Meteor Strike","Creative AI"],"picked":"Biased Cognition","floor":16},{"not_picked":["Heatsinks","Stack","Sweeping Beam"],"picked":"SKIP","floor":18},{"not_picked":["Fusion","Beam Cell","Gash"],"picked":"SKIP","floor":21},{"not_picked":["Chaos","Streamline"],"picked":"Chill","floor":24},{"not_picked":["Sweeping Beam+1","FTL"],"picked":"Redo+1","floor":25},{"not_picked":["Scrape","Aggregate"],"picked":"Gash","floor":29},{"not_picked":["Electrodynamics","Darkness"],"picked":"Consume+1","floor":30},{"not_picked":["Amplify+1","Creative AI"],"picked":"Seek+1","floor":33},{"not_picked":["Ball Lightning","Gash"],"picked":"Leap+1","floor":35},{"not_picked":["Consume+1","Lockon","Turbo+1"],"picked":"SKIP","floor":37},{"not_picked":["Chaos+1","Redo+1"],"picked":"Chill+1","floor":39},{"not_picked":["Static Discharge","Turbo+1"],"picked":"Doom and Gloom","floor":40},{"not_picked":["Redo+1","Beam Cell"],"picked":"Hologram+1","floor":41},{"not_picked":["Tempest+1","Streamline"],"picked":"Hologram+1","floor":42},{"not_picked":["Aggregate+1","Blizzard","Sunder"],"picked":"SKIP","floor":45},{"not_picked":["Redo+1","Hologram+1","Sweeping Beam+1"],"picked":"SKIP","floor":47},{"not_picked":["Ball Lightning+1","Steam+1"],"picked":"Conserve Battery+1","floor":48}],"player_experience":2448082,"relics_obtained":[{"floor":7,"key":"War Paint"},{"floor":9,"key":"Bronze Scales"},{"floor":13,"key":"Dream Catcher"},{"floor":24,"key":"Vajra"},{"floor":26,"key":"Mummified Hand"},{"floor":45,"key":"Regal Pillow"}],"event_choices":[{"damage_healed":0,"gold_gain":52,"player_choice":"Gained Gold","damage_taken":0,"max_hp_gain":0,"max_hp_loss":0,"event_name":"Golden Wing","floor":2,"gold_loss":0},{"damage_healed":0,"gold_gain":0,"player_choice":"Ignored","damage_taken":0,"max_hp_gain":0,"max_hp_loss":0,"event_name":"Liars Game","floor":4,"gold_loss":0},{"damage_healed":0,"gold_gain":0,"player_choice":"Lose Max HP","damage_taken":0,"relics_obtained":["Golden Idol"],"max_hp_gain":0,"max_hp_loss":7,"event_name":"Golden Idol","floor":11,"gold_loss":0},{"damage_healed":0,"gold_gain":0,"player_choice":"Donut","damage_taken":0,"max_hp_gain":5,"max_hp_loss":0,"event_name":"Big Fish","floor":12,"gold_loss":0},{"damage_healed":0,"gold_gain":0,"player_choice":"Simplicity","damage_taken":0,"max_hp_gain":0,"max_hp_loss":0,"event_name":"Back to Basics","floor":19,"gold_loss":0,"cards_upgraded":["Strike_B","Strike_B","Strike_B","Strike_B","Defend_B","Defend_B","Defend_B"]},{"damage_healed":0,"gold_gain":0,"player_choice":"Ignored","damage_taken":0,"max_hp_gain":0,"max_hp_loss":0,"event_name":"Vampires","floor":27,"gold_loss":0},{"damage_healed":0,"gold_gain":333,"player_choice":"Gave Idol","damage_taken":0,"max_hp_gain":0,"max_hp_loss":0,"event_name":"The Moai Head","floor":36,"relics_lost":["Golden Idol"],"gold_loss":0},{"cards_removed":["Strike_B"],"damage_healed":0,"gold_gain":0,"player_choice":"Removed Attack","damage_taken":0,"max_hp_gain":0,"max_hp_loss":0,"event_name":"Falling","floor":38,"gold_loss":0},{"cards_removed":["Gash"],"damage_healed":5,"gold_gain":0,"player_choice":"Offered Common","damage_taken":0,"max_hp_gain":0,"max_hp_loss":0,"event_name":"Bonfire Elementals","floor":46,"gold_loss":0},{"cards_removed":["Gash"],"damage_healed":5,"gold_gain":0,"player_choice":"Offered Special","damage_taken":0,"max_hp_gain":0,"max_hp_loss":0,"event_name":"Bonfire Elementals","floor":46,"gold_loss":0}],"is_beta":true,"boss_relics":[{"not_picked":["Coffee Dripper","Tiny House"],"picked":"Philosopher\u0027s Stone"},{"not_picked":["Calling Bell","Sozu"],"picked":"Velvet Choker"}],"items_purged_floors":[22,53],"is_endless":false,"potions_floor_spawned":[5,7,13,16,18,21,25,33,35,39,42,45],"killed_by":"Shield and Spear","ascension_level":15}