{"gold_per_floor":[109,121,121,121,134,134,172,172,197,210,223,237,237,6,6,99,99,123,123,123,33,49,69,69],"floor_reached":24,"playtime":535,"items_purged":[],"score":396,"play_id":"84b820c7-0a8c-474a-8a05-5481fbabce83","local_time":"20190215203729","is_ascension_mode":true,"campfire_choices":[{"data":"Clothesline","floor":6,"key":"SMITH"},{"data":"Whirlwind","floor":8,"key":"SMITH"},{"floor":13,"key":"REST"},{"data":"Bludgeon","floor":15,"key":"SMITH"}],"neow_cost":"NONE","seed_source_timestamp":36072807106366,"circlet_count":0,"master_deck":["AscendersBane","Strike_R","Strike_R","Strike_R","Strike_R","Strike_R","Defend_R","Defend_R","Defend_R","Defend_R","Bash+1","Iron Wave","Whirlwind+1","Offering","Clothesline+1","Sword Boomerang","Armaments","Bludgeon+1","Metallicize","Impervious","Evolve"],"relics":["Burning Blood","Golden Idol","Centennial Puzzle","Blood Vial","PrismaticShard","Mark of Pain","Nilry\u0027s Codex"],"potions_floor_usage":[7,20],"damage_taken":[{"damage":9,"enemies":"Jaw Worm","floor":1,"turns":4},{"damage":7,"enemies":"Cultist","floor":2,"turns":4},{"damage":5,"enemies":"2 Louse","floor":5,"turns":3},{"damage":30,"enemies":"Gremlin Nob","floor":7,"turns":4},{"damage":3,"enemies":"Exordium Wildlife","floor":10,"turns":2},{"damage":6,"enemies":"Blue Slaver","floor":11,"turns":3},{"damage":13,"enemies":"3 Louse","floor":12,"turns":2},{"damage":27,"enemies":"Hexaghost","floor":16,"turns":6},{"damage":7,"enemies":"3 Byrds","floor":18,"turns":4},{"damage":19,"enemies":"Colosseum Slavers","floor":20,"turns":4},{"damage":24,"enemies":"2 Thieves","floor":22,"turns":5},{"damage":13,"enemies":"3 Cultists","floor":23,"turns":3},{"damage":17,"enemies":"Shelled Parasite and Fungi","floor":24,"turns":2}],"seed_played":"1933898644802040000","potions_obtained":[{"floor":1,"key":"Weak Potion"},{"floor":5,"key":"SpeedPotion"},{"floor":12,"key":"Explosive Potion"},{"floor":23,"key":"Explosive Potion"}],"is_trial":false,"path_per_floor":["M","M","?","?","M","R","E","R","T","M","M","M","R","$","R","B",null,"M","?","?","$","M","M","M"],"character_chosen":"IRONCLAD","items_purchased":["PrismaticShard","Evolve"],"campfire_rested":1,"item_purchase_floors":[14,21],"current_hp_per_floor":[65,64,38,38,39,39,15,15,15,20,22,17,39,39,39,20,61,62,41,30,30,14,9,0],"gold":69,"neow_bonus":"UPGRADE_CARD","is_prod":false,"is_daily":false,"chose_seed":false,"campfire_upgraded":3,"win_rate":0,"timestamp":1550288249,"path_taken":["M","M","?","?","?","R","E","R","T","M","M","M","R","?","R","BOSS","M","?","?","$","M","M","M"],"build_version":"2019-02-06","purchased_purges":0,"victory":false,"max_hp_per_floor":[75,75,75,75,75,75,75,75,75,75,75,75,75,75,75,75,75,75,75,75,75,75,75,75],"card_choices":[{"not_picked":["Second Wind","Infernal Blade"],"picked":"Iron Wave","floor":1},{"not_picked":["Clash","Evolve"],"picked":"Whirlwind","floor":2},{"not_picked":["Headbutt","Rampage"],"picked":"Clothesline","floor":5},{"not_picked":["Carnage","Evolve"],"picked":"Sword Boomerang","floor":7},{"not_picked":["Warcry","Anger"],"picked":"Armaments","floor":10},{"not_picked":["Clothesline","Sword Boomerang"],"picked":"Bludgeon","floor":11},{"not_picked":["Thunderclap","Whirlwind"],"picked":"Metallicize","floor":12},{"not_picked":["Sadistic Nature","Malaise"],"picked":"Impervious","floor":16},{"not_picked":["Clash","Chill","Headbutt+1"],"picked":"SKIP","floor":18},{"not_picked":["Riddle With Holes","Beam Cell","Thunderclap"],"picked":"SKIP","floor":22},{"not_picked":["Skewer","Blood for Blood","White Noise"],"picked":"SKIP","floor":23}],"player_experience":1095486,"relics_obtained":[{"floor":7,"key":"Centennial Puzzle"},{"floor":9,"key":"Blood Vial"},{"floor":19,"key":"Nilry\u0027s Codex"}],"event_choices":[{"damage_healed":0,"gold_gain":0,"player_choice":"Take Damage","damage_taken":26,"relics_obtained":["Golden Idol"],"max_hp_gain":0,"max_hp_loss":0,"event_name":"Golden Idol","floor":3,"gold_loss":0},{"damage_healed":0,"gold_gain":0,"player_choice":"1 cards matched","damage_taken":0,"max_hp_gain":0,"max_hp_loss":0,"event_name":"Match and Keep!","floor":4,"gold_loss":0,"cards_obtained":["Offering"]},{"damage_healed":0,"gold_gain":0,"player_choice":"Obtained Book","damage_taken":21,"max_hp_gain":0,"max_hp_loss":0,"event_name":"Cursed Tome","floor":19,"gold_loss":0},{"damage_healed":0,"gold_gain":0,"player_choice":"Fight","damage_taken":0,"max_hp_gain":0,"max_hp_loss":0,"event_name":"Colosseum","floor":20,"gold_loss":0},{"damage_healed":0,"gold_gain":0,"player_choice":"Fled From Nobs","damage_taken":0,"max_hp_gain":0,"max_hp_loss":0,"event_name":"Colosseum","floor":20,"gold_loss":0}],"is_beta":true,"boss_relics":[{"not_picked":["Runic Pyramid","Tiny House"],"picked":"Mark of Pain"}],"items_purged_floors":[],"is_endless":false,"potions_floor_spawned":[1,5,12,20,23],"killed_by":"Shelled Parasite and Fungi","ascension_level":20}