{"gold_per_floor":[115,125,135,135,135,135,85,85,108,108,144,157,157,180,180,308,308,331,331,347,24,24,24,40,40],"floor_reached":25,"playtime":837,"items_purged":["Writhe"],"score":271,"play_id":"959f05a4-a101-4517-af6d-25db80dbfa5e","local_time":"20190313161818","is_ascension_mode":true,"campfire_choices":[{"data":"Dualcast","floor":6,"key":"SMITH"},{"data":"Static Discharge","floor":13,"key":"SMITH"},{"data":"Defragment","floor":15,"key":"SMITH"},{"data":"Thunder Strike","floor":23,"key":"SMITH"}],"neow_cost":"NONE","seed_source_timestamp":18166544808792,"circlet_count":0,"master_deck":["Strike_B+1","Strike_B+1","Defend_B+1","Defend_B+1","Zap+1","Dualcast+1","Static Discharge+1","Steam","Conserve Battery","Defragment+1","Thunder Strike+1","Hologram","Hyperbeam+1","Chill+1"],"relics":["Cracked Core","Golden Idol","Shuriken","Whetstone","Regal Pillow","Empty Cage","Centennial Puzzle","Molten Egg 2"],"potions_floor_usage":[11,16,24],"damage_taken":[{"damage":3,"enemies":"Small Slimes","floor":1,"turns":2},{"damage":7,"enemies":"Jaw Worm","floor":2,"turns":3},{"damage":0,"enemies":"Cultist","floor":3,"turns":3},{"damage":5,"enemies":"Lagavulin","floor":11,"turns":7},{"damage":0,"enemies":"3 Louse","floor":12,"turns":4},{"damage":1,"enemies":"2 Fungi Beasts","floor":14,"turns":3},{"damage":8,"enemies":"The Guardian","floor":16,"turns":10},{"damage":12,"enemies":"Chosen","floor":18,"turns":2},{"damage":12,"enemies":"Spheric Guardian","floor":20,"turns":4},{"damage":31,"enemies":"Snecko","floor":24,"turns":4},{"damage":20,"enemies":"Book of Stabbing","floor":25,"turns":3}],"seed_played":"-6790190087198084305","potions_obtained":[{"floor":1,"key":"Regen Potion"},{"floor":11,"key":"PowerPotion"},{"floor":20,"key":"FocusPotion"}],"is_trial":false,"path_per_floor":["M","M","M","?","T","R","?","?","T","?","E","M","R","M","R","B",null,"M","?","M","$","?","R","M","E"],"character_chosen":"DEFECT","items_purchased":["Molten Egg 2"],"campfire_rested":0,"item_purchase_floors":[21],"current_hp_per_floor":[65,58,58,40,40,40,40,33,33,18,28,28,28,27,27,19,61,49,49,37,37,37,37,6,0],"gold":40,"neow_bonus":"UPGRADE_CARD","is_prod":false,"is_daily":false,"chose_seed":false,"campfire_upgraded":4,"win_rate":0,"timestamp":1552508298,"path_taken":["M","M","M","?","?","R","?","?","T","?","E","M","R","M","R","BOSS","M","?","M","$","?","R","?","E"],"build_version":"2019-01-23","purchased_purges":1,"victory":false,"max_hp_per_floor":[75,75,75,75,75,75,75,75,75,75,75,75,75,75,75,75,75,75,75,75,75,75,75,75,75],"card_choices":[{"not_picked":["Recycle","Sweeping Beam"],"picked":"Static Discharge","floor":1},{"not_picked":["Rebound","Turbo"],"picked":"Steam","floor":2},{"not_picked":["Skim","Gash"],"picked":"Conserve Battery","floor":3},{"not_picked":["Double Energy","Compile Driver","Leap"],"picked":"SKIP","floor":11},{"not_picked":["Coolheaded","Leap","Meteor Strike"],"picked":"SKIP","floor":12},{"not_picked":["Barrage","Skim"],"picked":"Defragment","floor":14},{"not_picked":["Echo Form","Meteor Strike"],"picked":"Thunder Strike","floor":16},{"not_picked":["Turbo","Redo","Darkness"],"picked":"SKIP","floor":18},{"not_picked":["Cold Snap","Glacier"],"picked":"Hologram","floor":20},{"not_picked":["Gash+1","Cold Snap+1"],"picked":"Chill+1","floor":24}],"player_experience":1084901,"relics_obtained":[{"floor":5,"key":"Shuriken"},{"floor":9,"key":"Whetstone"},{"floor":11,"key":"Regal Pillow"}],"event_choices":[{"damage_healed":0,"gold_gain":0,"player_choice":"Take Damage","damage_taken":18,"relics_obtained":["Golden Idol"],"max_hp_gain":0,"max_hp_loss":0,"event_name":"Golden Idol","floor":4,"gold_loss":0},{"cards_removed":["Strike_B"],"damage_healed":0,"gold_gain":0,"player_choice":"Card Removal","damage_taken":0,"max_hp_gain":0,"max_hp_loss":0,"event_name":"The Cleric","floor":7,"gold_loss":50},{"cards_removed":["Strike_B"],"damage_healed":0,"gold_gain":0,"player_choice":"Card Removal","damage_taken":7,"max_hp_gain":0,"max_hp_loss":0,"event_name":"Golden Wing","floor":8,"gold_loss":0},{"damage_healed":0,"gold_gain":0,"player_choice":"Entered Light","damage_taken":15,"max_hp_gain":0,"max_hp_loss":0,"event_name":"Shining Light","floor":10,"gold_loss":0,"cards_upgraded":["Defend_B","Defend_B"]},{"damage_healed":0,"gold_gain":0,"player_choice":"Opened","damage_taken":0,"relics_obtained":["Centennial Puzzle"],"max_hp_gain":0,"max_hp_loss":0,"event_name":"The Mausoleum","floor":19,"gold_loss":0,"cards_obtained":["Writhe"]},{"damage_healed":0,"gold_gain":0,"player_choice":"1 cards matched","damage_taken":0,"max_hp_gain":0,"max_hp_loss":0,"event_name":"Match and Keep!","floor":22,"gold_loss":0,"cards_obtained":["Hyperbeam"]},{"damage_healed":0,"gold_gain":0,"player_choice":"1 cards matched","damage_taken":0,"max_hp_gain":0,"max_hp_loss":0,"event_name":"Match and Keep!","floor":22,"gold_loss":0,"cards_obtained":["Hyperbeam"]}],"is_beta":false,"boss_relics":[{"not_picked":["Black Star","Runic Pyramid"],"picked":"Empty Cage"}],"items_purged_floors":[21],"is_endless":false,"potions_floor_spawned":[1,11,20],"killed_by":"Book of Stabbing","ascension_level":7}