{"gold_per_floor":[19,169,169,169,188,220,234,266,266,2,2,2,14,26,26,100,100,112,130,22,39,52,10,10,25,25,25,25,39,39,89,89,89],"floor_reached":33,"playtime":1362,"items_purged":[],"score":514,"play_id":"60a892f9-47f1-4f83-92f4-6d72d3dd8b30","local_time":"20190430225525","is_ascension_mode":true,"campfire_choices":[{"floor":11,"key":"REST"},{"data":"Sunder","floor":15,"key":"SMITH"},{"data":"Barrage","floor":24,"key":"SMITH"},{"floor":27,"key":"REST"},{"data":"Zap","floor":30,"key":"SMITH"},{"floor":32,"key":"REST"}],"neow_cost":"NO_GOLD","seed_source_timestamp":708155497438122,"circlet_count":0,"master_deck":["AscendersBane","Strike_B","Strike_B","Strike_B","Strike_B","Defend_B","Defend_B","Defend_B","Defend_B","Zap+1","Dualcast","Ball Lightning","Sweeping Beam","Rebound","Hyperbeam+1","Sunder+1","FTL","Hologram","BootSequence","Echo Form","Barrage+1","Capacitor","Conserve Battery","Sweeping Beam+1","Darkness+1","FTL","Ball Lightning","Writhe","Ball Lightning"],"relics":["Cracked Core","Ancient Tea Set","FossilizedHelix","Bird Faced Urn","Symbiotic Virus","Runic Capacitor","Runic Dome","Dodecahedron"],"potions_floor_usage":[6,16,25,25,33,33],"damage_taken":[{"damage":4,"enemies":"Jaw Worm","floor":1,"turns":4},{"damage":0,"enemies":"Small Slimes","floor":5,"turns":2},{"damage":50,"enemies":"3 Sentries","floor":6,"turns":6},{"damage":0,"enemies":"2 Louse","floor":7,"turns":2},{"damage":15,"enemies":"Lagavulin","floor":8,"turns":7},{"damage":0,"enemies":"Gremlin Gang","floor":13,"turns":1},{"damage":0,"enemies":"Looter","floor":14,"turns":2},{"damage":23,"enemies":"The Guardian","floor":16,"turns":9},{"damage":11,"enemies":"Spheric Guardian","floor":18,"turns":4},{"damage":0,"enemies":"3 Byrds","floor":19,"turns":3},{"damage":18,"enemies":"Centurion and Healer","floor":21,"turns":3},{"damage":24,"enemies":"Snake Plant","floor":22,"turns":4},{"damage":17,"enemies":"Shelled Parasite and Fungi","floor":25,"turns":4},{"damage":5,"enemies":"Snecko","floor":29,"turns":4},{"damage":56,"enemies":"Collector","floor":33,"turns":6}],"seed_played":"6343167437304602166","potions_obtained":[{"floor":1,"key":"Energy Potion"},{"floor":13,"key":"EssenceOfSteel"},{"floor":14,"key":"GamblersBrew"},{"floor":22,"key":"Poison Potion"},{"floor":25,"key":"Dexterity Potion"},{"floor":29,"key":"AttackPotion"}],"is_trial":false,"path_per_floor":["M","?","?","T","M","E","M","E","T","$","R","?","M","M","R","B",null,"M","M","$","M","M","$","R","M","T","R","?","M","R","?","R","B"],"character_chosen":"DEFECT","items_purchased":["Runic Capacitor","FTL","SpeedPotion","Conserve Battery","FTL"],"campfire_rested":3,"item_purchase_floors":[10,10,20,20,23],"current_hp_per_floor":[74,74,67,67,67,17,17,2,2,2,27,27,27,27,27,4,65,56,56,56,40,16,16,16,1,1,26,26,21,21,21,46,0],"gold":89,"neow_bonus":"TWENTY_PERCENT_HP_BONUS","is_prod":false,"is_daily":false,"chose_seed":false,"campfire_upgraded":3,"win_rate":0,"timestamp":1556679325,"path_taken":["M","?","?","?","M","E","M","E","T","$","R","?","M","M","R","BOSS","M","M","$","?","M","$","R","M","T","R","?","M","R","?","R","BOSS"],"build_version":"2019-01-23","purchased_purges":0,"victory":false,"max_hp_per_floor":[85,85,85,85,85,85,85,85,85,85,85,85,85,85,85,85,85,85,85,85,85,85,85,85,85,85,85,85,85,85,85,85,85],"card_choices":[{"not_picked":["Rip and Tear","Barrage"],"picked":"Ball Lightning","floor":1},{"not_picked":["Stack","Redo"],"picked":"Sweeping Beam","floor":5},{"not_picked":["Hologram","Leap"],"picked":"Rebound","floor":6},{"not_picked":["Redo","Compile Driver"],"picked":"Hyperbeam","floor":7},{"not_picked":["Beam Cell","Rebound"],"picked":"Sunder","floor":8},{"not_picked":["All For One","Redo"],"picked":"Hologram","floor":13},{"not_picked":["Rebound","Static Discharge"],"picked":"BootSequence","floor":14},{"not_picked":["Meteor Strike","Machine Learning"],"picked":"Echo Form","floor":16},{"not_picked":["Streamline","Conserve Battery"],"picked":"Barrage","floor":18},{"not_picked":["Rebound","Conserve Battery"],"picked":"Capacitor","floor":19},{"not_picked":["Steam","Stack"],"picked":"Sweeping Beam+1","floor":21},{"not_picked":["Sweeping Beam","Turbo"],"picked":"Darkness+1","floor":22},{"not_picked":["Beam Cell","Reboot"],"picked":"Ball Lightning","floor":25},{"not_picked":["Barrage","Fusion"],"picked":"Ball Lightning","floor":29}],"player_experience":2171282,"relics_obtained":[{"floor":4,"key":"Ancient Tea Set"},{"floor":6,"key":"FossilizedHelix"},{"floor":8,"key":"Bird Faced Urn"},{"floor":9,"key":"Symbiotic Virus"}],"event_choices":[{"damage_healed":0,"gold_gain":150,"player_choice":"AGREE","damage_taken":0,"max_hp_gain":0,"max_hp_loss":0,"event_name":"Liars Game","floor":2,"gold_loss":0,"cards_obtained":["Doubt"]},{"cards_removed":["Doubt"],"damage_healed":0,"gold_gain":0,"player_choice":"Card Removal","damage_taken":7,"max_hp_gain":0,"max_hp_loss":0,"event_name":"Golden Wing","floor":3,"gold_loss":0},{"damage_healed":0,"gold_gain":0,"player_choice":"Upgraded","damage_taken":0,"max_hp_gain":0,"max_hp_loss":0,"event_name":"Upgrade Shrine","floor":12,"gold_loss":0,"cards_upgraded":["Hyperbeam"]},{"damage_healed":0,"gold_gain":0,"player_choice":"Opened","damage_taken":0,"relics_obtained":["Dodecahedron"],"max_hp_gain":0,"max_hp_loss":0,"event_name":"The Mausoleum","floor":28,"gold_loss":0,"cards_obtained":["Writhe"]},{"damage_healed":0,"gold_gain":50,"player_choice":"Pray","damage_taken":0,"max_hp_gain":0,"max_hp_loss":0,"event_name":"Golden Shrine","floor":31,"gold_loss":0}],"is_beta":false,"boss_relics":[{"not_picked":["Tiny House","Empty Cage"],"picked":"Runic Dome"}],"items_purged_floors":[],"is_endless":false,"potions_floor_spawned":[1,13,14,22,25,29],"killed_by":"Collector","ascension_level":20}