{"gold_per_floor":[118,43,56,56,72,105,105,122,170,170],"floor_reached":10,"playtime":598,"items_purged":[],"score":133,"play_id":"1fc9c406-7f96-4717-af07-d589c36bc343","local_time":"20190323165419","is_ascension_mode":true,"campfire_choices":[],"neow_cost":"NONE","seed_source_timestamp":573588497395133,"circlet_count":0,"master_deck":["AscendersBane","Defend_G+1","Defend_G","Defend_G","Defend_G","Strike_G","Strike_G","Strike_G","Strike_G","Survivor+1","Neutralize","Predator","PiercingWail","Noxious Fumes"],"relics":["Ring of the Snake","Gremlin Horn","War Paint","Regal Pillow"],"potions_floor_usage":[6,6],"damage_taken":[{"damage":4,"enemies":"Small Slimes","floor":1,"turns":4},{"damage":0,"enemies":"2 Louse","floor":3,"turns":3},{"damage":0,"enemies":"Jaw Worm","floor":5,"turns":4},{"damage":20,"enemies":"Gremlin Nob","floor":6,"turns":4},{"damage":0,"enemies":"Blue Slaver","floor":8,"turns":6},{"damage":39,"enemies":"Lagavulin","floor":10,"turns":7}],"seed_played":"1645818435890898694","potions_obtained":[{"floor":1,"key":"Ancient Potion"},{"floor":3,"key":"FairyPotion"},{"floor":6,"key":"Fruit Juice"}],"is_trial":false,"path_per_floor":["M","?","M","?","M","E","?","M","T","E"],"character_chosen":"THE_SILENT","items_purchased":[],"campfire_rested":0,"item_purchase_floors":[],"current_hp_per_floor":[61,61,61,54,54,39,13,13,13,0],"gold":170,"neow_bonus":"TEN_PERCENT_HP_BONUS","is_prod":false,"is_daily":false,"chose_seed":false,"campfire_upgraded":0,"win_rate":0,"timestamp":1553374459,"path_taken":["M","?","M","?","M","E","?","M","T","E"],"build_version":"2019-01-23","purchased_purges":0,"victory":false,"max_hp_per_floor":[72,72,72,72,72,77,77,77,77,77],"card_choices":[{"not_picked":["Tactician","Setup"],"picked":"Predator","floor":1},{"not_picked":["Expertise","Riddle With Holes","Accuracy"],"picked":"SKIP","floor":3},{"not_picked":["Quick Slash","Poisoned Stab"],"picked":"PiercingWail","floor":5},{"not_picked":["Setup","Reflex","Eviscerate"],"picked":"SKIP","floor":6},{"not_picked":["Bouncing Flask","Underhanded Strike"],"picked":"Noxious Fumes","floor":8}],"player_experience":1369940,"relics_obtained":[{"floor":6,"key":"Gremlin Horn"},{"floor":9,"key":"Regal Pillow"}],"event_choices":[{"cards_removed":["Strike_G"],"damage_healed":0,"gold_gain":0,"player_choice":"Card Removal","damage_taken":0,"max_hp_gain":0,"max_hp_loss":0,"event_name":"The Cleric","floor":2,"gold_loss":75},{"cards_removed":["Defend_G"],"damage_healed":0,"gold_gain":0,"player_choice":"Card Removal","damage_taken":7,"max_hp_gain":0,"max_hp_loss":0,"event_name":"Golden Wing","floor":4,"gold_loss":0},{"damage_healed":0,"gold_gain":0,"player_choice":"Success","damage_taken":26,"relics_obtained":["War Paint"],"max_hp_gain":0,"max_hp_loss":0,"event_name":"Scrap Ooze","floor":7,"gold_loss":0}],"is_beta":false,"boss_relics":[],"items_purged_floors":[],"is_endless":false,"potions_floor_spawned":[1,3,6],"killed_by":"Lagavulin","ascension_level":19}