{"gold_per_floor":[115,290,290,301,59,59,6,24,101,101,116,146,158,174,174,273,273,287,41,59,71,71,71,97,109,146,192,204,216,246,133,133,238,238,249,48,48,48,68,68,97,116,116,116,116,128,128,10,10,10],"floor_reached":50,"playtime":4798,"items_purged":["Doubt","Strike_G","Strike_G","Strike_G"],"score":513,"play_id":"d83fd42d-b99b-4362-b918-52886067e324","local_time":"20190510221607","is_ascension_mode":false,"campfire_choices":[{"data":"Crippling Poison","floor":6,"key":"SMITH"},{"floor":15,"key":"REST"},{"floor":23,"key":"REST"},{"floor":25,"key":"REST"},{"floor":28,"key":"REST"},{"floor":32,"key":"REST"},{"floor":40,"key":"REST"},{"floor":44,"key":"REST"},{"floor":49,"key":"REST"}],"neow_cost":"NONE","seed_source_timestamp":521508258204877,"circlet_count":0,"master_deck":["Defend_G","Defend_G","Defend_G","Defend_G","Defend_G","Survivor","Neutralize","Finisher","Crippling Poison+1","Poisoned Stab","Slice","Infinite Blades","Deadly Poison","Acrobatics","Bullet Time","Blade Dance","Endless Agony","Catalyst","Blade Dance","Phantasmal Killer","Bouncing Flask","Backflip","Bouncing Flask","Caltrops","Well Laid Plans+1","Corpse Explosion","Burst","Deadly Poison","Dagger Spray+1","Footwork"],"relics":["Ring of the Serpent","Omamori","Pantograph","Pen Nib","Fusion Hammer","Happy Flower","MawBank","Centennial Puzzle","Red Mask","Smiling Mask","Kunai","Juzu Bracelet"],"potions_floor_usage":[16,16,21,24,33,39,46,50],"damage_taken":[{"damage":0,"enemies":"Jaw Worm","floor":1,"turns":4},{"damage":0,"enemies":"2 Louse","floor":4,"turns":3},{"damage":6,"enemies":"Cultist","floor":8,"turns":3},{"damage":0,"enemies":"Large Slime","floor":11,"turns":5},{"damage":25,"enemies":"3 Sentries","floor":12,"turns":7},{"damage":9,"enemies":"Blue Slaver","floor":13,"turns":3},{"damage":0,"enemies":"Exordium Wildlife","floor":14,"turns":3},{"damage":49,"enemies":"The Guardian","floor":16,"turns":8},{"damage":0,"enemies":"3 Byrds","floor":18,"turns":4},{"damage":14,"enemies":"Shell Parasite","floor":20,"turns":4},{"damage":15,"enemies":"Sentry and Sphere","floor":21,"turns":5},{"damage":30,"enemies":"Gremlin Leader","floor":24,"turns":5},{"damage":23,"enemies":"Masked Bandits","floor":27,"turns":3},{"damage":16,"enemies":"3 Cultists","floor":30,"turns":5},{"damage":46,"enemies":"Collector","floor":33,"turns":7},{"damage":25,"enemies":"Orb Walker","floor":35,"turns":4},{"damage":1,"enemies":"3 Darklings","floor":39,"turns":2},{"damage":38,"enemies":"Giant Head","floor":41,"turns":7},{"damage":10,"enemies":"Writhing Mass","floor":42,"turns":4},{"damage":18,"enemies":"Transient","floor":46,"turns":5},{"damage":82,"enemies":"Donu and Deca","floor":50,"turns":6}],"seed_played":"-7482838329977254414","potions_obtained":[{"floor":1,"key":"Dexterity Potion"},{"floor":4,"key":"Fire Potion"},{"floor":13,"key":"AttackPotion"},{"floor":14,"key":"SkillPotion"},{"floor":20,"key":"Block Potion"},{"floor":30,"key":"PowerPotion"},{"floor":41,"key":"SkillPotion"},{"floor":46,"key":"Swift Potion"}],"is_trial":false,"path_per_floor":["M","?","?","M","$","R","$","M","T","?","M","E","M","M","R","B",null,"M","$","M","M","?","R","E","R","T","?","R","$","M","$","R","B",null,"M","$","?","$","M","R","E","M","T","R","?","M","?","$","R","B"],"character_chosen":"THE_SILENT","items_purchased":["Slice","Infinite Blades","Deadly Poison","Acrobatics","Happy Flower","Burst","Explosive Potion","Footwork"],"campfire_rested":8,"item_purchase_floors":[5,5,5,7,19,36,36,48],"current_hp_per_floor":[70,70,52,52,52,52,52,46,46,46,46,21,12,12,33,9,70,70,70,56,41,41,62,32,53,53,30,51,51,35,35,56,24,70,45,45,45,45,44,65,27,17,17,38,38,20,20,20,41,0],"gold":10,"neow_bonus":"THREE_CARDS","is_prod":false,"is_daily":false,"chose_seed":false,"campfire_upgraded":1,"win_rate":0.0,"timestamp":1557544567,"path_taken":["M","?","?","M","?","R","$","M","T","?","M","E","M","M","R","BOSS","M","$","M","?","?","R","E","R","T","?","R","?","M","$","R","BOSS","M","$","?","?","M","R","E","M","T","R","?","M","?","?","R","BOSS"],"build_version":"2019-01-23","purchased_purges":4,"victory":false,"max_hp_per_floor":[70,70,70,70,70,70,70,70,70,70,70,70,70,70,70,70,70,70,70,70,70,70,70,70,70,70,70,70,70,70,70,70,70,70,70,70,70,70,70,70,70,70,70,70,70,70,70,70,70,70],"card_choices":[{"not_picked":["Slice","Masterful Stab"],"picked":"Finisher","floor":0},{"not_picked":["Blur","Catalyst"],"picked":"Crippling Poison","floor":1},{"not_picked":["Reflex","Dagger Throw"],"picked":"Poisoned Stab","floor":4},{"not_picked":["Eviscerate","Flechettes"],"picked":"Bane","floor":8},{"not_picked":["Infinite Blades","Dagger Throw"],"picked":"Blade Dance","floor":11},{"not_picked":["Prepared","Poisoned Stab"],"picked":"Endless Agony","floor":12},{"not_picked":["Dodge and Roll","Sucker Punch"],"picked":"Catalyst","floor":13},{"not_picked":["Eviscerate","Dagger Throw"],"picked":"Blade Dance","floor":14},{"not_picked":["Envenom","Bullet Time"],"picked":"Phantasmal Killer","floor":16},{"not_picked":["Dagger Spray","Underhanded Strike"],"picked":"Bouncing Flask","floor":18},{"not_picked":["Outmaneuver","Dagger Spray+1"],"picked":"Backflip","floor":20},{"not_picked":["Sucker Punch","Outmaneuver"],"picked":"Bouncing Flask","floor":21},{"not_picked":["Predator","Poisoned Stab"],"picked":"Caltrops","floor":24},{"not_picked":["Die Die Die","Bane+1"],"picked":"Well Laid Plans+1","floor":27},{"not_picked":["Predator","Poisoned Stab","Caltrops"],"picked":"SKIP","floor":30},{"not_picked":["Envenom","Unload"],"picked":"Corpse Explosion","floor":33},{"not_picked":["Slice","Blade Dance+1","Outmaneuver"],"picked":"SKIP","floor":35},{"not_picked":["Sucker Punch","Poisoned Stab","PiercingWail+1"],"picked":"SKIP","floor":39},{"not_picked":["Sucker Punch","Skewer"],"picked":"Deadly Poison","floor":41},{"not_picked":["Sucker Punch+1","Heel Hook"],"picked":"Dagger Spray+1","floor":42},{"not_picked":["Dagger Throw","Underhanded Strike+1","Deflect"],"picked":"SKIP","floor":46}],"player_experience":23888,"relics_obtained":[{"floor":9,"key":"Pantograph"},{"floor":12,"key":"Pen Nib"},{"floor":24,"key":"MawBank"},{"floor":26,"key":"Centennial Puzzle"},{"floor":27,"key":"Red Mask"},{"floor":41,"key":"Kunai"},{"floor":43,"key":"Juzu Bracelet"}],"event_choices":[{"damage_healed":0,"gold_gain":175,"player_choice":"AGREE","damage_taken":0,"max_hp_gain":0,"max_hp_loss":0,"event_name":"Liars Game","floor":2,"gold_loss":0,"cards_obtained":["Doubt"]},{"damage_healed":0,"gold_gain":0,"player_choice":"Success","damage_taken":18,"relics_obtained":["Omamori"],"max_hp_gain":0,"max_hp_loss":0,"event_name":"Scrap Ooze","floor":3,"gold_loss":0},{"damage_healed":0,"gold_gain":0,"cards_transformed":["Strike_G"],"player_choice":"Transformed","damage_taken":0,"max_hp_gain":0,"max_hp_loss":0,"event_name":"Transmorgrifier","floor":10,"gold_loss":0,"cards_obtained":["Bullet Time"]},{"damage_healed":0,"gold_gain":0,"player_choice":"Ignored","damage_taken":0,"max_hp_gain":0,"max_hp_loss":0,"event_name":"Cursed Tome","floor":22,"gold_loss":0},{"damage_healed":0,"gold_gain":0,"player_choice":"Fought Bandits","damage_taken":0,"max_hp_gain":0,"max_hp_loss":0,"event_name":"Masked Bandits","floor":27,"gold_loss":0},{"cards_removed":["Bane"],"damage_healed":0,"gold_gain":0,"player_choice":"Gave Card","damage_taken":0,"relics_obtained":["Smiling Mask"],"max_hp_gain":0,"max_hp_loss":0,"event_name":"WeMeetAgain","floor":37,"gold_loss":0},{"cards_removed":["Strike_G"],"damage_healed":0,"gold_gain":0,"player_choice":"Purged","damage_taken":0,"max_hp_gain":0,"max_hp_loss":0,"event_name":"Purifier","floor":45,"gold_loss":0},{"damage_healed":0,"gold_gain":0,"player_choice":"Ignored","damage_taken":0,"max_hp_gain":0,"max_hp_loss":0,"event_name":"NoteForYourself","floor":47,"gold_loss":0}],"is_beta":false,"boss_relics":[{"not_picked":["Busted Crown","WristBlade"],"picked":"Fusion Hammer"},{"not_picked":["Empty Cage","Runic Dome"],"picked":"Ring of the Serpent"}],"items_purged_floors":[5,19,31,48],"is_endless":false,"potions_floor_spawned":[1,4,13,14,20,30,41,46],"killed_by":"Donu and Deca","ascension_level":0}