{"gold_per_floor":[110,120,45,45,19,47,66,66,119,119,119,143,143,168,168,168],"floor_reached":16,"playtime":419,"items_purged":[],"score":250,"play_id":"f59aa582-8f38-48cd-b7df-355dcf849796","local_time":"20181225140659","is_ascension_mode":true,"campfire_choices":[{"data":"Neutralize","floor":10,"key":"SMITH"},{"floor":15,"key":"REST"}],"neow_cost":"NONE","seed_source_timestamp":185133545442240,"circlet_count":0,"master_deck":["AscendersBane","Defend_G","Defend_G","Defend_G","Defend_G","Defend_G","Strike_G","Strike_G","Strike_G","Survivor","Neutralize+1","Cloak And Dagger","Dash","PiercingWail","Crippling Poison","A Thousand Cuts"],"relics":["Ring of the Snake","NeowsBlessing","Centennial Puzzle","Oddly Smooth Stone","Golden Idol"],"potions_floor_usage":[7,16],"damage_taken":[{"damage":0,"enemies":"Cultist","floor":1,"turns":1},{"damage":0,"enemies":"2 Louse","floor":2,"turns":1},{"damage":0,"enemies":"Gremlin Nob","floor":6,"turns":1},{"damage":0,"enemies":"Jaw Worm","floor":7,"turns":7},{"damage":13,"enemies":"Exordium Wildlife","floor":12,"turns":8},{"damage":17,"enemies":"Exordium Thugs","floor":14,"turns":5},{"damage":25,"enemies":"Hexaghost","floor":16,"turns":10}],"seed_played":"6999687250266295903","potions_obtained":[{"floor":1,"key":"Swift Potion"},{"floor":7,"key":"LiquidBronze"},{"floor":14,"key":"Strength Potion"}],"is_trial":false,"path_per_floor":["M","M","?","?","$","E","M","$","T","R","?","M","?","M","R","B"],"character_chosen":"THE_SILENT","items_purchased":["PiercingWail"],"campfire_rested":1,"item_purchase_floors":[5],"current_hp_per_floor":[59,59,59,64,64,64,64,64,64,64,40,27,20,3,24,0],"gold":168,"neow_bonus":"THREE_ENEMY_KILL","is_prod":false,"is_daily":false,"chose_seed":false,"campfire_upgraded":1,"win_rate":0,"timestamp":1545772019,"path_taken":["M","M","?","?","?","E","?","$","T","R","?","M","?","M","R","BOSS"],"build_version":"2018-12-20","purchased_purges":0,"victory":false,"max_hp_per_floor":[66,66,66,71,71,71,71,71,71,71,71,71,71,71,71,71],"card_choices":[{"not_picked":["Skewer","Dodge and Roll"],"picked":"Cloak And Dagger","floor":1},{"not_picked":["Backstab","Poisoned Stab"],"picked":"Dash","floor":2},{"not_picked":["Prepared","Catalyst"],"picked":"Crippling Poison","floor":6},{"not_picked":["Choke","Deflect"],"picked":"A Thousand Cuts","floor":7},{"not_picked":["Blade Dance","Tactician","Acrobatics"],"picked":"SKIP","floor":12},{"not_picked":["Accuracy","Bane","Outmaneuver"],"picked":"SKIP","floor":14}],"player_experience":995111,"relics_obtained":[{"floor":6,"key":"Centennial Puzzle"},{"floor":9,"key":"Oddly Smooth Stone"}],"event_choices":[{"cards_removed":["Strike_G"],"damage_healed":0,"gold_gain":0,"player_choice":"Card Removal","damage_taken":0,"max_hp_gain":0,"max_hp_loss":0,"event_name":"The Cleric","floor":3,"gold_loss":75},{"damage_healed":0,"gold_gain":0,"player_choice":"Donut","damage_taken":0,"max_hp_gain":5,"max_hp_loss":0,"event_name":"Big Fish","floor":4,"gold_loss":0},{"damage_healed":0,"gold_gain":0,"player_choice":"Take Damage","damage_taken":24,"relics_obtained":["Golden Idol"],"max_hp_gain":0,"max_hp_loss":0,"event_name":"Golden Idol","floor":11,"gold_loss":0},{"cards_removed":["Strike_G"],"damage_healed":0,"gold_gain":0,"player_choice":"Card Removal","damage_taken":7,"max_hp_gain":0,"max_hp_loss":0,"event_name":"Golden Wing","floor":13,"gold_loss":0}],"is_beta":true,"boss_relics":[],"items_purged_floors":[],"is_endless":false,"potions_floor_spawned":[1,7,14],"killed_by":"Hexaghost","ascension_level":20}