{"gold_per_floor":[109,109,121,133,145,177,177,209,209,228,238,255,255,268,268,268],"floor_reached":16,"playtime":669,"items_purged":[],"score":232,"play_id":"e2717866-298d-4c5e-b363-76fc72dc2e11","local_time":"20190508083624","is_ascension_mode":true,"campfire_choices":[{"floor":7,"key":"REST"},{"floor":13,"key":"REST"},{"data":"Loop","floor":15,"key":"SMITH"}],"neow_cost":"NONE","seed_source_timestamp":1348607294149401,"circlet_count":0,"master_deck":["AscendersBane","Strike_B","Strike_B","Strike_B","Defend_B","Defend_B","Defend_B","Defend_B","Zap","Dualcast","Loop+1","Amplify","Coolheaded","Ball Lightning","Ball Lightning","Chill","Compile Driver","Barrage","Compile Driver"],"relics":["Cracked Core","Vajra","Singing Bowl","Gremlin Horn"],"potions_floor_usage":[8,8,16],"damage_taken":[{"damage":9,"enemies":"Jaw Worm","floor":1,"turns":4},{"damage":1,"enemies":"Cultist","floor":3,"turns":4},{"damage":8,"enemies":"2 Louse","floor":4,"turns":3},{"damage":7,"enemies":"Blue Slaver","floor":5,"turns":3},{"damage":41,"enemies":"3 Sentries","floor":6,"turns":6},{"damage":4,"enemies":"Gremlin Nob","floor":8,"turns":3},{"damage":5,"enemies":"Large Slime","floor":10,"turns":4},{"damage":10,"enemies":"3 Louse","floor":11,"turns":3},{"damage":7,"enemies":"Red Slaver","floor":12,"turns":4},{"damage":0,"enemies":"Large Slime","floor":14,"turns":3},{"damage":36,"enemies":"The Guardian","floor":16,"turns":5}],"seed_played":"-4875433067069831687","potions_obtained":[{"floor":1,"key":"Poison Potion"},{"floor":5,"key":"Poison Potion"},{"floor":10,"key":"Ancient Potion"},{"floor":12,"key":"Ancient Potion"},{"floor":14,"key":"Weak Potion"}],"is_trial":false,"path_per_floor":["M","?","M","M","M","E","R","E","T","M","M","M","R","M","R","B"],"character_chosen":"DEFECT","items_purchased":[],"campfire_rested":2,"item_purchase_floors":[],"current_hp_per_floor":[62,62,61,53,46,5,28,26,26,21,11,6,30,30,30,0],"gold":268,"neow_bonus":"TEN_PERCENT_HP_BONUS","is_prod":false,"is_daily":false,"chose_seed":false,"campfire_upgraded":1,"win_rate":0,"timestamp":1557318984,"path_taken":["M","?","M","M","M","E","R","E","T","M","?","M","R","M","R","BOSS"],"build_version":"2019-01-23","purchased_purges":0,"victory":false,"max_hp_per_floor":[78,78,78,78,78,78,78,80,80,80,80,82,82,82,82,82],"card_choices":[{"not_picked":["Auto Shields","Beam Cell"],"picked":"Loop","floor":1},{"not_picked":["Redo","Darkness"],"picked":"Coolheaded","floor":3},{"not_picked":["Turbo","Rebound"],"picked":"Ball Lightning","floor":4},{"not_picked":["Coolheaded","Aggregate"],"picked":"Ball Lightning","floor":5},{"not_picked":["Steam Power","Stack"],"picked":"Chill","floor":6},{"not_picked":["Aggregate","Rip and Tear","Melter"],"picked":"Singing Bowl","floor":8},{"not_picked":["Stack","Tempest"],"picked":"Compile Driver","floor":10},{"not_picked":["Blizzard","Reinforced Body"],"picked":"Barrage","floor":11},{"not_picked":["Steam","Go for the Eyes","Leap"],"picked":"Singing Bowl","floor":12},{"not_picked":["Ball Lightning","All For One"],"picked":"Compile Driver","floor":14}],"player_experience":2463449,"relics_obtained":[{"floor":6,"key":"Vajra"},{"floor":8,"key":"Singing Bowl"},{"floor":9,"key":"Gremlin Horn"}],"event_choices":[{"damage_healed":0,"gold_gain":0,"cards_transformed":["Strike_B"],"player_choice":"Transformed","damage_taken":0,"max_hp_gain":0,"max_hp_loss":0,"event_name":"Transmorgrifier","floor":2,"gold_loss":0,"cards_obtained":["Amplify"]}],"is_beta":false,"boss_relics":[],"items_purged_floors":[],"is_endless":false,"potions_floor_spawned":[1,5,10,12,14],"killed_by":"The Guardian","ascension_level":20}