{"path_per_floor":["M","?","$","?","M","E","R","M","T","M","M","R","M","M","R","B",null,"M","?","$","?","M","E","R","M","T","?","R","M","M","T","R","B",null,"M","$","?","?","?","R","M","M","T","M","T","E","M","M","R","B"],"character_chosen":"IRONCLAD","items_purchased":["Bag of Preparation","Inflame","Frozen Egg 2"],"gold_per_floor":[111,111,111,111,123,151,151,165,165,185,205,205,216,227,227,322,322,341,341,34,34,48,79,79,91,115,115,115,132,148,148,148,252,252,271,11,11,11,11,11,30,41,124,138,138,166,179,196,196,196],"floor_reached":51,"campfire_rested":0,"playtime":1730,"current_hp_per_floor":[51,56,56,49,49,30,30,39,39,44,50,50,56,45,45,51,101,95,95,95,85,91,89,89,95,95,95,95,101,101,101,101,66,101,101,101,88,78,78,78,70,75,75,66,66,71,77,70,70,37],"items_purged":["Writhe"],"gold":196,"score":801,"play_id":"e92a65f9-2070-4216-9c13-e81ae5f31ea4","local_time":"20180409115655","is_prod":false,"is_daily":false,"is_ascension_mode":false,"campfire_upgraded":7,"timestamp":1523289415,"path_taken":["M","?","$","?","M","E","R","M","T","M","?","R","M","M","R","BOSS","M","?","$","?","?","E","R","M","T","?","R","M","M","?","R","BOSS","M","$","?","?","?","R","M","M","T","M","?","E","?","M","R","BOSS"],"build_version":"2018-04-05v2","purchased_purges":2,"victory":true,"master_deck":["Strike_R","Strike_R","Strike_R","Bash+1","Pommel Strike","Infernal Blade+1","Thunderclap","Inflame+1","Battle Trance","Dark Embrace+1","Ghostly Armor+1","Infernal Blade+1","Whirlwind+1","Heavy Blade+1","Inflame+1","Carnage+1","Rage+1","Limit Break+1","Madness","Madness","Mind Blast","Finesse","Finesse","Cleave+1","Sword Boomerang+1","Spot Weakness+1","Heavy Blade+1","Rampage+1"],"max_hp_per_floor":[96,101,101,101,101,101,101,101,101,101,101,101,101,101,101,101,101,101,101,101,101,101,101,101,101,101,101,101,101,101,101,101,101,101,101,101,101,101,101,101,101,101,101,101,101,101,101,101,101,104],"relics":["Burning Blood","Paper Frog","Red Skull","Astrolabe","Mummified Hand","Bag of Preparation","Pen Nib","Happy Flower","Mercury Hourglass","Lizard Tail","Frozen Egg 2","Tiny Chest","Peace Pipe","Toolbox"],"card_choices":[{"not_picked":["Rage","Thunderclap"],"picked":"Pommel Strike","floor":1},{"not_picked":["Flame Barrier","Heavy Blade"],"picked":"Infernal Blade","floor":5},{"not_picked":["Wild Strike","Power Through"],"picked":"Thunderclap","floor":6},{"not_picked":["Heavy Blade","Pommel Strike"],"picked":"Inflame","floor":8},{"not_picked":["Evolve","Havoc"],"picked":"Battle Trance","floor":10},{"not_picked":["Barricade","Reaper"],"picked":"Dark Embrace","floor":16},{"not_picked":["Warcry","Dual Wield"],"picked":"Heavy Blade","floor":18},{"not_picked":["Clash","Power Through"],"picked":"Carnage","floor":23},{"not_picked":["Bludgeon","Headbutt"],"picked":"Rage","floor":25},{"not_picked":["Impervious","Double Tap"],"picked":"Limit Break","floor":33},{"not_picked":["Purity","Finesse"],"picked":"Mind Blast","floor":38},{"not_picked":["Blind","Good Instincts"],"picked":"Finesse","floor":38},{"not_picked":["Enlightenment","Madness"],"picked":"Finesse","floor":38},{"not_picked":["Entrench","True Grit"],"picked":"Cleave","floor":42},{"not_picked":["True Grit","Burning Pact"],"picked":"Sword Boomerang","floor":44},{"not_picked":["Havoc","Wild Strike"],"picked":"Spot Weakness","floor":46},{"not_picked":["Body Slam","Ghostly Armor"],"picked":"Heavy Blade","floor":47},{"not_picked":["Twin Strike","Pommel Strike"],"picked":"Rampage","floor":48}],"player_experience":790818,"potions_floor_usage":[8,13,16,33,46,47,50,50,50],"damage_taken":[{"damage":3,"enemies":"Small Slimes","floor":1,"turns":3},{"damage":6,"enemies":"2 Louse","floor":5,"turns":3},{"damage":25,"enemies":"3 Sentries","floor":6,"turns":7},{"damage":6,"enemies":"Jaw Worm","floor":8,"turns":4},{"damage":1,"enemies":"3 Louse","floor":10,"turns":3},{"damage":0,"enemies":"2 Fungi Beasts","floor":11,"turns":2},{"damage":0,"enemies":"Lots of Slimes","floor":13,"turns":2},{"damage":17,"enemies":"3 Louse","floor":14,"turns":2},{"damage":0,"enemies":"Slime Boss","floor":16,"turns":4},{"damage":12,"enemies":"Shell Parasite","floor":18,"turns":3},{"damage":0,"enemies":"3 Byrds","floor":22,"turns":2},{"damage":8,"enemies":"Book of Stabbing","floor":23,"turns":2},{"damage":0,"enemies":"3 Cultists","floor":25,"turns":2},{"damage":0,"enemies":"Cultist and Chosen","floor":29,"turns":3},{"damage":0,"enemies":"Centurion and Healer","floor":30,"turns":2},{"damage":41,"enemies":"Collector","floor":33,"turns":4},{"damage":0,"enemies":"Orb Walker","floor":35,"turns":2},{"damage":14,"enemies":"3 Darklings","floor":41,"turns":3},{"damage":1,"enemies":"4 Shapes","floor":42,"turns":1},{"damage":15,"enemies":"Sphere and 2 Shapes","floor":44,"turns":2},{"damage":1,"enemies":"Giant Head","floor":46,"turns":5},{"damage":0,"enemies":"3 Darklings","floor":47,"turns":2},{"damage":13,"enemies":"4 Shapes","floor":48,"turns":2},{"damage":110,"enemies":"Awakened One","floor":50,"turns":6}],"event_choices":[{"event_name":"Big Fish","player_choice":"Donut","floor":2,"damage_taken":0},{"event_name":"Golden Wing","player_choice":"Card Removal","floor":4,"damage_taken":0},{"event_name":"The Mausoleum","player_choice":"Yes","floor":19,"damage_taken":0},{"event_name":"Wheel of Change","player_choice":"Damage","floor":21,"damage_taken":0},{"event_name":"Ghosts","player_choice":"Ignored","floor":27,"damage_taken":0},{"event_name":"Winding Halls","player_choice":"Embrace Madness","floor":37,"damage_taken":0},{"event_name":"SensoryStone","player_choice":"Memory 3","floor":38,"damage_taken":0}],"boss_relics":[{"not_picked":["Orrery","Tiny House"],"picked":"Astrolabe"},{"not_picked":["Black Blood","Snecko Eye"],"picked":"Lizard Tail"}],"potions_floor_spawned":[6,8,11,16,22,23,29,41,47,48],"seed_played":"-3340922203246959584","ascension_level":0,"is_trial":false}