{"gold_per_floor":[115,25,25,45,45,45,55,55,55,67,82,7,7],"floor_reached":13,"playtime":248,"items_purged":["Strike_G"],"score":146,"play_id":"26ee35fe-9187-4f81-883d-988dc1a33f54","local_time":"20180826143218","is_ascension_mode":true,"campfire_choices":[{"data":"Neutralize","floor":6,"key":"SMITH"},{"data":"Noxious Fumes","floor":8,"key":"SMITH"}],"neow_cost":"","seed_source_timestamp":967760528496448,"circlet_count":0,"master_deck":["Defend_G+1","Defend_G","Defend_G+1","Defend_G","Defend_G","Strike_G","Strike_G","Strike_G","Strike_G","Survivor","Neutralize+1","AscendersBane","Noxious Fumes+1","Dash","Quick Slash","Escape Plan"],"relics":["Ring of the Snake","Pantograph"],"potions_floor_usage":[13,13],"damage_taken":[{"damage":0,"enemies":"Cultist","floor":1,"turns":4},{"damage":0,"enemies":"2 Louse","floor":4,"turns":3},{"damage":0,"enemies":"Jaw Worm","floor":7,"turns":4},{"damage":12,"enemies":"Exordium Wildlife","floor":10,"turns":5},{"damage":9,"enemies":"Large Slime","floor":11,"turns":7},{"damage":20,"enemies":"3 Sentries","floor":13,"turns":4}],"seed_played":"-3494870465483450446","potions_obtained":[{"floor":1,"key":"SteroidPotion"},{"floor":4,"key":"Energy Potion"}],"is_trial":false,"path_per_floor":["M","$","?","M","?","R","M","R","T","M","M","$"],"character_chosen":"THE_SILENT","items_purchased":["Dash"],"campfire_rested":0,"item_purchase_floors":[2],"current_hp_per_floor":[59,59,39,39,39,39,39,39,39,27,18,18,0],"gold":7,"neow_bonus":"","is_prod":false,"is_daily":false,"chose_seed":false,"campfire_upgraded":2,"win_rate":0,"timestamp":1535319138,"path_taken":["M","$","?","M","?","R","M","R","T","?","M","?","E"],"build_version":"2018-08-23v2","purchased_purges":1,"victory":false,"max_hp_per_floor":[66,66,66,66,66,66,66,66,66,66,66,66,66],"card_choices":[{"not_picked":["Predator","Outmaneuver"],"picked":"Noxious Fumes","floor":1},{"not_picked":["Slice","Finisher"],"picked":"Quick Slash","floor":4},{"not_picked":["Envenom","Bane","Underhanded Strike"],"picked":"SKIP","floor":7},{"not_picked":["Bane","Prepared"],"picked":"Escape Plan","floor":10},{"not_picked":["Dagger Throw","Outmaneuver","Blade Dance"],"picked":"SKIP","floor":11}],"player_experience":902160,"relics_obtained":[{"floor":9,"key":"Pantograph"}],"event_choices":[{"event_name":"Shining Light","player_choice":"Entered Light","floor":3,"damage_taken":0},{"event_name":"Liars Game","player_choice":"disagreed","floor":5,"damage_taken":0}],"is_beta":true,"boss_relics":[],"items_purged_floors":[12],"is_endless":false,"potions_floor_spawned":[1,4,11],"killed_by":"3 Sentries","ascension_level":19}