{"gold_per_floor":[116,41,52,127,127,127,13,57,105,105,144,144,175,190,190,279,279,295,45,59,59,59,59,98,18,64,64,64,64,64,80,80,174,174,197,72,0,15,15,15,59,72,146,179,179,9,80,101,101,101],"floor_reached":50,"playtime":3426,"items_purged":["Sucker Punch","Flying Knee"],"score":1264,"play_id":"b25b46a9-3290-48ff-b9bb-c42f0ef604ab","local_time":"20190504021741","is_ascension_mode":true,"campfire_choices":[{"data":"Neutralize","floor":6,"key":"SMITH"},{"data":"Deadly Poison","floor":10,"key":"SMITH"},{"data":"Deadly Poison","floor":12,"key":"SMITH"},{"data":"Malaise","floor":15,"key":"SMITH"},{"data":"Noxious Fumes","floor":23,"key":"SMITH"},{"data":"Tactician","floor":28,"key":"SMITH"},{"data":"Calculated Gamble","floor":30,"key":"SMITH"},{"data":"Footwork","floor":32,"key":"SMITH"},{"data":"Burst","floor":40,"key":"SMITH"},{"floor":45,"key":"REST"},{"floor":49,"key":"RECALL"}],"neow_cost":"TEN_PERCENT_HP_LOSS","seed_source_timestamp":316919466736732,"circlet_count":0,"master_deck":["AscendersBane","Survivor","Neutralize+1","Malaise+1","Deadly Poison+1","Burst+1","Envenom","Endless Agony","Distraction","Eviscerate","Calculated Gamble+1","Caltrops","Caltrops","Concentrate","Reflex+1","Well Laid Plans","Tactician+1","Noxious Fumes+1","Acrobatics","Reflex+1","Footwork+1","After Image","Heel Hook+1","Riddle With Holes+1","A Thousand Cuts+1","Grand Finale","Deflect+1","PiercingWail+1","Deflect+1"],"relics":["Ring of the Snake","Pocketwatch","Golden Idol","Orichalcum","Blood Vial","The Courier","Lantern","Pandora\u0027s Box","WingedGreaves","Astrolabe","Red Mask","SsserpentHead","Toxic Egg 2","Incense Burner","Lee\u0027s Waffle"],"potions_floor_usage":[8,44,47],"damage_taken":[{"damage":4,"enemies":"Small Slimes","floor":1,"turns":4},{"damage":0,"enemies":"2 Louse","floor":3,"turns":4},{"damage":16,"enemies":"3 Sentries","floor":8,"turns":10},{"damage":2,"enemies":"Lagavulin","floor":11,"turns":8},{"damage":4,"enemies":"3 Sentries","floor":13,"turns":11},{"damage":0,"enemies":"Jaw Worm","floor":14,"turns":3},{"damage":0,"enemies":"Hexaghost","floor":16,"turns":9},{"damage":4,"enemies":"Shell Parasite","floor":18,"turns":5},{"damage":23,"enemies":"2 Thieves","floor":20,"turns":4},{"damage":2,"enemies":"Book of Stabbing","floor":24,"turns":6},{"damage":14,"enemies":"Snake Plant","floor":31,"turns":3},{"damage":3,"enemies":"Champ","floor":33,"turns":5},{"damage":0,"enemies":"3 Shapes","floor":35,"turns":5},{"damage":8,"enemies":"Orb Walker","floor":38,"turns":4},{"damage":23,"enemies":"Nemesis","floor":41,"turns":9},{"damage":0,"enemies":"Transient","floor":42,"turns":6},{"damage":19,"enemies":"Giant Head","floor":44,"turns":6},{"damage":5,"enemies":"3 Darklings","floor":47,"turns":5},{"damage":9,"enemies":"Sphere and 2 Shapes","floor":48,"turns":5},{"damage":68,"enemies":"Time Eater","floor":50,"turns":12}],"seed_played":"7505258522075305045","potions_obtained":[{"floor":3,"key":"Ancient Potion"},{"floor":11,"key":"SkillPotion"},{"floor":13,"key":"GhostInAJar"},{"floor":16,"key":"LiquidBronze"},{"floor":38,"key":"GhostInAJar"},{"floor":48,"key":"LiquidBronze"}],"is_trial":false,"path_per_floor":["M","?","M","?","?","R","$","E","T","R","E","R","E","M","R","B",null,"M","$","M","?","?","R","E","$","T","?","R","$","R","M","R","B",null,"M","$","?","M","?","R","E","M","T","E","R","$","M","M","R","B"],"character_chosen":"THE_SILENT","items_purchased":["Deadly Poison","FearPotion","Well Laid Plans","Tactician","Noxious Fumes","Grand Finale","Lee\u0027s Waffle"],"campfire_rested":1,"item_purchase_floors":[7,7,19,19,19,36,46],"current_hp_per_floor":[55,55,55,44,44,44,44,28,28,28,28,28,26,28,28,30,48,46,46,25,25,25,25,25,25,25,25,25,25,25,13,13,12,44,46,46,46,40,40,40,19,21,21,4,20,61,56,49,49,0],"gold":101,"neow_bonus":"ONE_RARE_RELIC","is_prod":false,"is_daily":false,"chose_seed":false,"campfire_upgraded":9,"win_rate":0,"timestamp":1556961461,"path_taken":["M","?","M","?","?","R","$","E","T","R","E","R","E","M","R","BOSS","M","$","M","?","?","R","E","?","T","?","R","$","R","?","R","BOSS","M","$","?","M","?","R","E","M","T","E","R","$","?","M","R","BOSS"],"build_version":"2019-04-23","purchased_purges":2,"victory":false,"max_hp_per_floor":[60,60,60,60,54,54,54,54,54,54,54,54,54,54,54,54,54,54,54,54,54,54,54,54,54,54,54,54,54,54,54,54,54,54,54,54,54,54,54,54,54,54,54,54,54,61,61,61,61,61],"card_choices":[{"not_picked":["Outmaneuver","Calculated Gamble"],"picked":"Flying Knee","floor":1},{"not_picked":["PiercingWail","Quick Slash"],"picked":"Malaise","floor":3},{"not_picked":["Setup","Outmaneuver"],"picked":"Deadly Poison","floor":8},{"not_picked":["Dodge and Roll","Infinite Blades"],"picked":"Dash","floor":11},{"not_picked":["Quick Slash","Bane","Poisoned Stab"],"picked":"SKIP","floor":13},{"not_picked":["Reflex","Bane","Terror"],"picked":"SKIP","floor":14},{"not_picked":["Envenom","Night Terror"],"picked":"Burst","floor":16},{"not_picked":["Flying Knee","Bane"],"picked":"Reflex+1","floor":18},{"not_picked":["Deflect","Noxious Fumes","Well Laid Plans"],"picked":"SKIP","floor":20},{"not_picked":["Concentrate","Sucker Punch"],"picked":"Dash","floor":24},{"not_picked":["Dagger Spray","Blade Dance"],"picked":"Footwork","floor":31},{"not_picked":["Glass Knife","Corpse Explosion"],"picked":"After Image","floor":33},{"not_picked":["Underhanded Strike","Outmaneuver","Skewer+1"],"picked":"SKIP","floor":35},{"not_picked":["Underhanded Strike+1","Distraction","Dash"],"picked":"SKIP","floor":38},{"not_picked":["Prepared","Footwork"],"picked":"Deflect","floor":41},{"not_picked":["Underhanded Strike","Venomology+1","Blade Dance+1"],"picked":"SKIP","floor":42},{"not_picked":["Setup+1","Flying Knee+1","Underhanded Strike"],"picked":"SKIP","floor":44},{"not_picked":["Outmaneuver+1","Dagger Throw"],"picked":"PiercingWail+1","floor":47},{"not_picked":["Distraction+1","Underhanded Strike"],"picked":"Deflect+1","floor":48}],"player_experience":6124781,"relics_obtained":[{"floor":8,"key":"Orichalcum"},{"floor":9,"key":"Blood Vial"},{"floor":11,"key":"The Courier"},{"floor":13,"key":"Lantern"},{"floor":24,"key":"WingedGreaves"},{"floor":41,"key":"Toxic Egg 2"},{"floor":44,"key":"Incense Burner"}],"event_choices":[{"cards_removed":["Strike_G"],"damage_healed":0,"gold_gain":0,"player_choice":"Card Removal","damage_taken":0,"max_hp_gain":0,"max_hp_loss":0,"event_name":"The Cleric","floor":2,"gold_loss":75},{"damage_healed":0,"gold_gain":75,"player_choice":"Gather Gold","damage_taken":11,"max_hp_gain":0,"max_hp_loss":0,"event_name":"World of Goop","floor":4,"gold_loss":0},{"damage_healed":0,"gold_gain":0,"player_choice":"Lose Max HP","damage_taken":0,"relics_obtained":["Golden Idol"],"max_hp_gain":0,"max_hp_loss":6,"event_name":"Golden Idol","floor":5,"gold_loss":0},{"damage_healed":0,"gold_gain":0,"player_choice":"Read","damage_taken":0,"max_hp_gain":0,"max_hp_loss":0,"event_name":"The Library","floor":21,"gold_loss":0,"cards_obtained":["Acrobatics"]},{"damage_healed":0,"gold_gain":0,"player_choice":"Ignored","damage_taken":0,"max_hp_gain":0,"max_hp_loss":0,"event_name":"Beggar","floor":22,"gold_loss":0},{"damage_healed":0,"gold_gain":0,"player_choice":"Copied","damage_taken":0,"max_hp_gain":0,"max_hp_loss":0,"event_name":"Duplicator","floor":27,"gold_loss":0,"cards_obtained":["Reflex"]},{"damage_healed":0,"gold_gain":0,"player_choice":"Paid","damage_taken":0,"relics_obtained":["Red Mask"],"max_hp_gain":0,"max_hp_loss":0,"event_name":"Tomb of Lord Red Mask","floor":37,"gold_loss":72},{"damage_healed":0,"gold_gain":0,"player_choice":"Trade","damage_taken":0,"relics_obtained":["SsserpentHead"],"max_hp_gain":0,"max_hp_loss":0,"event_name":"FaceTrader","floor":39,"gold_loss":0}],"is_beta":true,"boss_relics":[{"not_picked":["Empty Cage","White Beast Statue"],"picked":"Pandora\u0027s Box"},{"not_picked":["WristBlade","Runic Dome"],"picked":"Astrolabe"}],"items_purged_floors":[19,25],"is_endless":false,"potions_floor_spawned":[3,11,13,16,20,38,48],"killed_by":"Time Eater","ascension_level":20}