{"gold_per_floor":[114,114,114,114,129,129,170,245,245,245,276,276,276,319,319,414,414,435,435,456,476,476],"floor_reached":22,"playtime":642,"items_purged":[],"score":500,"play_id":"e3dbff89-2887-4aa2-ab4a-4efb329f8a20","local_time":"20190317150941","is_ascension_mode":true,"campfire_choices":[{"data":"Sword Boomerang","floor":6,"key":"SMITH"},{"data":"Bash","floor":10,"key":"SMITH"},{"data":"Twin Strike","floor":12,"key":"SMITH"},{"data":"Dark Embrace","floor":15,"key":"SMITH"}],"neow_cost":"NONE","seed_source_timestamp":48786844912254,"circlet_count":0,"master_deck":["AscendersBane","Strike_R","Strike_R","Strike_R","Strike_R","Defend_R","Defend_R","Defend_R+1","Defend_R+1","Bash+1","Inflame+1","Sword Boomerang+1","Dark Embrace+1","Twin Strike+1","Limit Break","Shrug It Off","Normality","Offering","Metallicize","Clothesline"],"relics":["Burning Blood","NeowsBlessing","Happy Flower","Golden Idol","Bottled Lightning","Dead Branch","Orichalcum","War Paint","Eternal Feather"],"potions_floor_usage":[11,11,14,21],"damage_taken":[{"damage":0,"enemies":"Jaw Worm","floor":1,"turns":1},{"damage":0,"enemies":"2 Louse","floor":5,"turns":1},{"damage":0,"enemies":"Lagavulin","floor":7,"turns":1},{"damage":5,"enemies":"3 Sentries","floor":11,"turns":3},{"damage":0,"enemies":"Gremlin Nob","floor":14,"turns":2},{"damage":21,"enemies":"Slime Boss","floor":16,"turns":8},{"damage":42,"enemies":"2 Thieves","floor":18,"turns":4},{"damage":6,"enemies":"Chosen","floor":20,"turns":2},{"damage":24,"enemies":"Snake Plant","floor":21,"turns":3},{"damage":12,"enemies":"3 Cultists","floor":22,"turns":3}],"seed_played":"4193391277186690040","potions_obtained":[{"floor":1,"key":"AttackPotion"},{"floor":7,"key":"Energy Potion"},{"floor":11,"key":"Swift Potion"},{"floor":20,"key":"Poison Potion"}],"is_trial":false,"path_per_floor":["M","?","?","?","M","R","E","?","T","R","E","R","?","E","R","B",null,"M","?","M","M","M"],"character_chosen":"IRONCLAD","items_purchased":[],"campfire_rested":0,"item_purchase_floors":[],"current_hp_per_floor":[74,74,63,37,43,43,49,38,38,38,39,39,32,38,38,23,62,26,26,26,8,0],"gold":476,"neow_bonus":"THREE_ENEMY_KILL","is_prod":false,"is_daily":false,"chose_seed":false,"campfire_upgraded":4,"win_rate":0,"timestamp":1552849781,"path_taken":["M","?","?","?","?","R","E","?","T","R","E","R","?","E","R","BOSS","M","?","?","M","M"],"build_version":"2019-01-23","purchased_purges":0,"victory":false,"max_hp_per_floor":[75,75,75,75,75,75,75,75,75,75,75,75,75,75,75,75,75,75,75,75,75,75],"card_choices":[{"not_picked":["Warcry","Anger"],"picked":"Inflame","floor":1},{"not_picked":["Clash","Burning Pact"],"picked":"Sword Boomerang","floor":5},{"not_picked":["Iron Wave","Armaments"],"picked":"Dark Embrace","floor":7},{"not_picked":["Burning Pact","Pommel Strike"],"picked":"Twin Strike","floor":11},{"not_picked":["Entrench","Clash","Bloodletting"],"picked":"SKIP","floor":14},{"not_picked":["Immolate","Exhume"],"picked":"Limit Break","floor":16},{"not_picked":["Havoc","Clash"],"picked":"Shrug It Off","floor":18},{"not_picked":["Armaments","Whirlwind"],"picked":"Metallicize","floor":20},{"not_picked":["Pommel Strike","Havoc"],"picked":"Clothesline","floor":21}],"player_experience":1170017,"relics_obtained":[{"floor":7,"key":"Bottled Lightning"},{"floor":9,"key":"Dead Branch"},{"floor":11,"key":"Orichalcum"},{"floor":14,"key":"War Paint"}],"event_choices":[{"damage_healed":0,"gold_gain":0,"player_choice":"Grow","damage_taken":0,"max_hp_gain":0,"max_hp_loss":0,"event_name":"Living Wall","floor":2,"gold_loss":0,"cards_upgraded":["Inflame"]},{"damage_healed":0,"gold_gain":0,"player_choice":"Success","damage_taken":11,"relics_obtained":["Happy Flower"],"max_hp_gain":0,"max_hp_loss":0,"event_name":"Scrap Ooze","floor":3,"gold_loss":0},{"damage_healed":0,"gold_gain":0,"player_choice":"Take Damage","damage_taken":26,"relics_obtained":["Golden Idol"],"max_hp_gain":0,"max_hp_loss":0,"event_name":"Golden Idol","floor":4,"gold_loss":0},{"damage_healed":0,"gold_gain":75,"player_choice":"Gather Gold","damage_taken":11,"max_hp_gain":0,"max_hp_loss":0,"event_name":"World of Goop","floor":8,"gold_loss":0},{"cards_removed":["Strike_R"],"damage_healed":0,"gold_gain":0,"player_choice":"Card Removal","damage_taken":7,"max_hp_gain":0,"max_hp_loss":0,"event_name":"Golden Wing","floor":13,"gold_loss":0},{"damage_healed":0,"gold_gain":0,"player_choice":"2 cards matched","damage_taken":0,"max_hp_gain":0,"max_hp_loss":0,"event_name":"Match and Keep!","floor":19,"gold_loss":0,"cards_obtained":["Normality","Offering"]}],"is_beta":false,"boss_relics":[{"not_picked":["White Beast Statue","Lizard Tail"],"picked":"Eternal Feather"}],"items_purged_floors":[],"is_endless":false,"potions_floor_spawned":[1,7,11,20],"killed_by":"3 Cultists","ascension_level":20}