{"path_per_floor":["M","$","M","M","M","E","R","?","T","R","?","$","E","M","R","B",null,"M","?","?","$","M","R","M","R","T","M","M","?","M"],"character_chosen":"THE_SILENT","items_purchased":["Noxious Fumes","Question Card","Blur"],"gold_per_floor":[368,39,57,76,95,130,130,130,153,153,153,10,37,56,56,130,130,144,144,144,44,63,63,75,75,101,118,137,137,148,148],"floor_reached":31,"campfire_rested":0,"playtime":1328,"current_hp_per_floor":[59,59,59,52,49,43,43,48,48,48,48,48,41,41,41,35,59,61,40,40,40,40,40,40,40,40,41,35,25,15,0],"items_purged":["Strike_G","Decay"],"gold":148,"score":432,"play_id":"85bb23f6-0a2e-483f-b9ac-9e0476e45195","local_time":"20180414141943","is_prod":false,"is_daily":false,"chose_seed":false,"is_ascension_mode":true,"campfire_upgraded":5,"timestamp":1523729983,"path_taken":["M","$","M","M","M","E","R","?","T","R","?","$","E","M","R","BOSS","M","?","?","$","M","R","M","R","T","M","M","?","?","M"],"build_version":"2018-04-12","seed_source_timestamp":145823258261347,"purchased_purges":3,"victory":false,"master_deck":["Defend_G","Defend_G","Defend_G","Defend_G","Defend_G","Strike_G","Strike_G","Strike_G","Survivor","Neutralize","AscendersBane","Catalyst+1","Noxious Fumes+1","Dodge and Roll","Bouncing Flask+1","Blur","Malaise+1","Die Die Die","Footwork+1","Catalyst+1","Corpse Explosion"],"max_hp_per_floor":[60,60,60,60,60,60,60,65,65,65,65,65,67,67,67,67,67,69,69,69,69,69,69,69,69,69,71,71,71,73,73],"relics":["Ring of the Snake","Question Card","Peace Pipe","Ancient Tea Set","Singing Bowl","Sozu","Nilry\u0027s Codex","Dream Catcher"],"card_choices":[{"not_picked":["Outmaneuver","Poisoned Stab"],"picked":"Catalyst","floor":1},{"not_picked":["Slice","Flying Knee","Choke"],"picked":"Dodge and Roll","floor":4},{"not_picked":["Acrobatics","Terror","Dagger Throw"],"picked":"Bouncing Flask","floor":5},{"not_picked":["PiercingWail","Backflip","Underhanded Strike"],"picked":"Malaise","floor":14},{"not_picked":["Burst","Venomology","Night Terror"],"picked":"Die Die Die","floor":16},{"not_picked":["Underhanded Strike","Finisher","Slice"],"picked":"Footwork","floor":22},{"not_picked":["Endless Agony","Dagger Spray","Backflip"],"picked":"Catalyst","floor":24},{"not_picked":["Finisher","Prepared","Setup"],"picked":"Corpse Explosion","floor":28}],"player_experience":862055,"potions_floor_usage":[6,6,14,27,27],"damage_taken":[{"damage":0,"enemies":"Cultist","floor":1,"turns":5},{"damage":0,"enemies":"2 Louse","floor":3,"turns":4},{"damage":7,"enemies":"Small Slimes","floor":4,"turns":4},{"damage":3,"enemies":"Blue Slaver","floor":5,"turns":5},{"damage":6,"enemies":"Lagavulin","floor":6,"turns":5},{"damage":9,"enemies":"3 Sentries","floor":13,"turns":7},{"damage":0,"enemies":"Large Slime","floor":14,"turns":6},{"damage":6,"enemies":"Hexaghost","floor":16,"turns":8},{"damage":0,"enemies":"Chosen","floor":18,"turns":5},{"damage":0,"enemies":"Shell Parasite","floor":22,"turns":4},{"damage":0,"enemies":"Snake Plant","floor":24,"turns":3},{"damage":1,"enemies":"Chosen and Byrds","floor":27,"turns":4},{"damage":6,"enemies":"Snecko","floor":28,"turns":4},{"damage":12,"enemies":"Centurion and Healer","floor":30,"turns":7},{"damage":17,"enemies":"3 Cultists","floor":31,"turns":3}],"event_choices":[{"event_name":"Big Fish","player_choice":"Donut","floor":8,"damage_taken":0},{"event_name":"Purifier","player_choice":"One Purge","floor":11,"damage_taken":0},{"event_name":"Cursed Tome","player_choice":"Obtained Book","floor":19,"damage_taken":0},{"event_name":"Forgotten Altar","player_choice":"Smashed Altar","floor":20,"damage_taken":0},{"event_name":"Wheel of Change","player_choice":"Damage","floor":29,"damage_taken":0}],"boss_relics":[{"not_picked":["Black Star","Tiny House"],"picked":"Sozu"}],"potions_floor_spawned":[3,4,5,14,16,28,30],"seed_played":"-1795307974691423220","killed_by":"3 Cultists","ascension_level":15,"is_trial":false}