{"path_per_floor":["M","?","M","M","?","R","E","R","T","$","?","?","T","M","R","B",null,"M","?","$","?","?","R","E","M","T","M","R","M","E","M","R","B",null,"M","?","M","?","?","R","E","M","T","R","$","?","M","$","R","B"],"character_chosen":"THE_SILENT","items_purchased":["Toxic Egg 2","Bouncing Flask","Bandage Up","Paper Crane","Predator","Deflect","Setup"],"gold_per_floor":[109,109,125,140,215,215,244,244,296,44,74,74,74,86,86,184,184,199,199,62,62,62,62,87,100,100,115,115,126,158,176,176,281,281,301,301,315,315,315,315,347,363,363,363,33,33,48,13,13,13],"floor_reached":51,"campfire_rested":1,"playtime":3288,"current_hp_per_floor":[63,51,51,51,40,40,19,19,19,19,19,42,42,42,42,2,53,53,53,53,53,53,53,59,55,55,49,49,55,49,48,48,49,65,70,70,48,48,48,48,54,62,62,62,62,53,47,47,68,29],"items_purged":[],"gold":13,"score":1152,"play_id":"e19fbc79-e3b7-4fd9-ae09-28dd9f088d20","local_time":"20180325165028","is_prod":false,"is_daily":false,"is_ascension_mode":true,"campfire_upgraded":8,"timestamp":1522011028,"path_taken":["M","?","M","M","?","R","E","R","T","$","?","?","?","M","R","BOSS","M","?","$","?","?","R","E","M","T","M","R","M","E","M","R","BOSS","M","?","M","?","?","R","E","M","T","R","?","?","M","$","R","BOSS"],"build_version":"2018-03-22v2","purchased_purges":2,"victory":true,"master_deck":["Survivor","AscendersBane","Prepared+1","Riddle With Holes","Prepared+1","Blur+1","Cloak And Dagger","Slice","Dagger Spray","Expertise+1","Expertise+1","Underhanded Strike","Acrobatics+1","Choke+1","Reflex+1","Escape Plan","Blade Dance+1","Tactician+1","Acrobatics+1","Choke+1","Bouncing Flask+1","Bandage Up+1","A Thousand Cuts+1","Backflip+1","Dodge and Roll+1","Catalyst+1","Footwork+1","Backstab+1","Calculated Gamble+1","Doppelganger+1","Outmaneuver+1","Dodge and Roll+1","Backflip+1","Flying Knee+1","Predator","Deflect+1","Madness+1","Madness+1","Accuracy+1","Setup+1"],"max_hp_per_floor":[70,70,70,70,70,70,70,70,70,70,70,70,70,70,70,70,70,70,70,70,70,70,70,70,70,70,70,70,70,70,70,70,70,70,70,70,70,70,70,70,70,70,70,70,70,70,70,70,70,70],"relics":["Pandora\u0027s Box","Juzu Bracelet","War Paint","Ancient Tea Set","Toxic Egg 2","Omamori","Sozu","Centennial Puzzle","Meat on the Bone","Blood Vial","Cursed Key","Toolbox","Singing Bowl","Paper Crane"],"card_choices":[{"not_picked":["Slice","Outmaneuver"],"picked":"Acrobatics","floor":1},{"not_picked":["Caltrops","Finisher"],"picked":"Choke","floor":3},{"not_picked":["Dodge and Roll","Slice"],"picked":"Reflex","floor":4},{"not_picked":["Cloak And Dagger","Masterful Stab"],"picked":"Escape Plan","floor":7},{"not_picked":["Dagger Spray","Flying Knee"],"picked":"Blade Dance","floor":14},{"not_picked":["Storm of Steel","Unload"],"picked":"Tactician","floor":16},{"not_picked":["Dagger Spray","Outmaneuver"],"picked":"Acrobatics","floor":18},{"not_picked":["Outmaneuver","Poisoned Stab"],"picked":"Backflip","floor":24},{"not_picked":["Riddle With Holes","Deadly Poison"],"picked":"Dodge and Roll","floor":25},{"not_picked":["Backflip","Deadly Poison"],"picked":"Catalyst","floor":27},{"not_picked":["Blade Dance","Acrobatics"],"picked":"Footwork","floor":29},{"not_picked":["Catalyst","Prepared"],"picked":"Backstab","floor":30},{"not_picked":["Caltrops","Deflect"],"picked":"Calculated Gamble","floor":31},{"not_picked":["After Image","Venomology"],"picked":"Doppelganger","floor":33},{"not_picked":["Slice","Acrobatics"],"picked":"Outmaneuver","floor":35},{"not_picked":["Endless Agony","Bane"],"picked":"Dodge and Roll","floor":37},{"not_picked":["Cloak And Dagger","Dagger Throw"],"picked":"Backflip","floor":41},{"not_picked":["Underhanded Strike","Deflect"],"picked":"Flying Knee","floor":42},{"not_picked":["Bane","Dodge and Roll"],"picked":"Accuracy","floor":47}],"player_experience":600788,"potions_floor_usage":[16,16],"damage_taken":[{"damage":0,"enemies":"Jaw Worm","floor":1,"turns":3},{"damage":0,"enemies":"Cultist","floor":3,"turns":4},{"damage":0,"enemies":"2 Louse","floor":4,"turns":2},{"damage":21,"enemies":"3 Sentries","floor":7,"turns":5},{"damage":0,"enemies":"Blue Slaver","floor":14,"turns":3},{"damage":52,"enemies":"Hexaghost","floor":16,"turns":12},{"damage":0,"enemies":"Chosen","floor":18,"turns":3},{"damage":0,"enemies":"Gremlin Leader","floor":24,"turns":3},{"damage":10,"enemies":"Shell Parasite","floor":25,"turns":3},{"damage":12,"enemies":"Snake Plant","floor":27,"turns":2},{"damage":0,"enemies":"3 Cultists","floor":29,"turns":2},{"damage":12,"enemies":"Slavers","floor":30,"turns":4},{"damage":9,"enemies":"Cultist and Chosen","floor":31,"turns":3},{"damage":7,"enemies":"Champ","floor":33,"turns":8},{"damage":0,"enemies":"3 Darklings","floor":35,"turns":2},{"damage":28,"enemies":"3 Shapes","floor":37,"turns":4},{"damage":2,"enemies":"2 Orb Walkers","floor":41,"turns":4},{"damage":0,"enemies":"Maw","floor":42,"turns":4},{"damage":14,"enemies":"3 Darklings","floor":47,"turns":2},{"damage":53,"enemies":"Awakened One","floor":50,"turns":10}],"event_choices":[{"event_name":"Scrap Ooze","player_choice":"success","floor":2,"damage_taken":12},{"event_name":"World of Goop","player_choice":"Gather Gold","floor":5,"damage_taken":0},{"event_name":"Dead Adventurer","player_choice":"Searched \u00271\u0027 times","floor":11,"damage_taken":0},{"event_name":"Big Fish","player_choice":"Banana","floor":12,"damage_taken":0},{"event_name":"Duplicator","player_choice":"One dupe","floor":19,"damage_taken":0},{"event_name":"Match and Keep!","player_choice":"1 cards matched","floor":21,"damage_taken":0},{"event_name":"Vampires","player_choice":"Ignored","floor":22,"damage_taken":0},{"event_name":"Tomb of Lord Red Mask","player_choice":"Ignored","floor":36,"damage_taken":0},{"event_name":"Mysterious Sphere","player_choice":"Ignore","floor":39,"damage_taken":0},{"event_name":"Winding Halls","player_choice":"Embrace Madness","floor":46,"damage_taken":0}],"boss_relics":[{"not_picked":["Black Star","Runic Dome"],"picked":"Sozu"},{"not_picked":["Eternal Feather","The Specimen"],"picked":"Cursed Key"}],"potions_floor_spawned":[3,14,18,29,30,31,35,37,42],"seed_played":"-9059268191050915017","ascension_level":11,"is_trial":false}