{"gold_per_floor":[116,127,127,127,140,140,178,178,178,178,203,234,234,302,302,302],"floor_reached":16,"playtime":452,"items_purged":[],"score":204,"play_id":"8c6bc93d-8d76-4d6c-99c9-62bd857cf334","local_time":"20181226144221","is_ascension_mode":true,"campfire_choices":[{"floor":6.0,"key":"REST"},{"floor":8,"key":"REST"},{"data":"Feel No Pain","floor":10,"key":"SMITH"},{"floor":13,"key":"REST"},{"data":"Shockwave","floor":15,"key":"SMITH"}],"neow_cost":"NONE","seed_source_timestamp":273621760342011,"circlet_count":0,"master_deck":["AscendersBane","Strike_R","Strike_R","Strike_R","Strike_R","Strike_R","Defend_R","Defend_R","Defend_R","Defend_R","Bash+1","Feel No Pain+1","Shockwave+1","Pommel Strike","Intimidate","Armaments","Bludgeon"],"special_seed":0,"relics":["Burning Blood","Golden Idol","SsserpentHead","Bottled Flame","Oddly Smooth Stone","Pocketwatch"],"potions_floor_usage":[12],"damage_taken":[{"damage":7.0,"enemies":"Small Slimes","floor":1.0,"turns":3.0},{"damage":2.0,"enemies":"2 Louse","floor":2.0,"turns":6.0},{"damage":16.0,"enemies":"Cultist","floor":5.0,"turns":5.0},{"damage":30.0,"enemies":"3 Sentries","floor":7.0,"turns":12.0},{"damage":14,"enemies":"3 Louse","floor":11,"turns":5},{"damage":32,"enemies":"Lagavulin","floor":12,"turns":6},{"damage":9,"enemies":"Looter","floor":14,"turns":3},{"damage":44,"enemies":"Hexaghost","floor":16,"turns":9}],"seed_played":"1118091057548814082","potions_obtained":[{"floor":2.0,"key":"SteroidPotion"},{"floor":14,"key":"Fire Potion"}],"is_trial":false,"path_per_floor":["M","M","?","?","M","R","E","R","T","R","M","E","R","M","R","B"],"character_chosen":"IRONCLAD","items_purchased":[],"campfire_rested":3,"item_purchase_floors":[],"current_hp_per_floor":[67,71,45,45,35,57,33,55,55,55,47,21,43,40,40,0],"gold":302,"neow_bonus":"UPGRADE_CARD","is_prod":false,"is_daily":false,"chose_seed":false,"campfire_upgraded":2,"win_rate":0,"timestamp":1545860541,"path_taken":["M","M","?","?","M","R","E","R","T","R","M","E","R","?","R","BOSS"],"build_version":"2018-12-25","purchased_purges":0,"victory":false,"max_hp_per_floor":[75,75,75,75,75,75,75,75,75,75,75,75,75,75,75,75],"card_choices":[{"not_picked":["Heavy Blade","Warcry"],"picked":"Feel No Pain","floor":1.0},{"not_picked":["Bloodletting","Power Through"],"picked":"Shockwave","floor":2.0},{"not_picked":["Body Slam","Dual Wield"],"picked":"Pommel Strike","floor":5.0},{"not_picked":["Rampage","Pommel Strike"],"picked":"Intimidate","floor":7},{"not_picked":["Perfected Strike","Iron Wave"],"picked":"Armaments","floor":11},{"not_picked":["Entrench","Hemokinesis","Wild Strike"],"picked":"SKIP","floor":12},{"not_picked":["Havoc","Twin Strike"],"picked":"Bludgeon","floor":14}],"player_experience":1002887,"relics_obtained":[{"floor":7,"key":"Bottled Flame"},{"floor":9,"key":"Oddly Smooth Stone"},{"floor":12,"key":"Pocketwatch"}],"event_choices":[{"damage_healed":0.0,"max_hp_gain":0.0,"max_hp_loss":0.0,"gold_gain":0.0,"event_name":"Golden Idol","player_choice":"Take Damage","floor":3.0,"gold_loss":0.0,"damage_taken":26.0,"relics_obtained":["Golden Idol"]},{"damage_healed":0.0,"max_hp_gain":0.0,"max_hp_loss":0.0,"gold_gain":0.0,"event_name":"FaceTrader","player_choice":"Trade","floor":4.0,"gold_loss":0.0,"damage_taken":0.0,"relics_obtained":["SsserpentHead"]}],"is_beta":true,"boss_relics":[],"items_purged_floors":[],"is_endless":false,"potions_floor_spawned":[2,14],"killed_by":"Hexaghost","ascension_level":17}