{"gold_per_floor":[119,119,119,194,211,240,240,271,271,271,281,41,41,51,51,128,128,139,115,115,115,115,115,115,115,141,141,161,161],"floor_reached":29,"playtime":902,"items_purged":["Defend_B"],"score":499,"play_id":"7e44f2ff-de0d-4077-9fc8-1cbd4cf58915","local_time":"20190326202810","is_ascension_mode":true,"campfire_choices":[{"data":"Defragment","floor":7,"key":"SMITH"},{"data":"Zap","floor":10,"key":"SMITH"},{"data":"Dualcast","floor":15,"key":"SMITH"},{"floor":23,"key":"REST"},{"data":"Echo Form","floor":25,"key":"SMITH"},{"floor":27,"key":"REST"}],"neow_cost":"NONE","seed_source_timestamp":845363332951950,"circlet_count":0,"master_deck":["AscendersBane","Strike_B","Strike_B","Strike_B","Strike_B","Defend_B","Defend_B","Zap+1","Dualcast+1","Capacitor","Defragment+1","Leap","Compile Driver","Steam","Echo Form+1","BootSequence","Self Repair+1","Writhe","Leap"],"relics":["Cracked Core","NeowsBlessing","Ornamental Fan","Orichalcum","Lantern","Bag of Marbles","PreservedInsect","Black Star","Art of War","Pen Nib"],"potions_floor_usage":[8,16,18,22],"damage_taken":[{"damage":0,"enemies":"2 Louse","floor":1,"turns":1},{"damage":0,"enemies":"Small Slimes","floor":5,"turns":1},{"damage":0,"enemies":"3 Sentries","floor":6,"turns":1},{"damage":11,"enemies":"Gremlin Nob","floor":8,"turns":3},{"damage":7,"enemies":"Jaw Worm","floor":11,"turns":2},{"damage":5,"enemies":"Red Slaver","floor":14,"turns":2},{"damage":25,"enemies":"The Guardian","floor":16,"turns":13},{"damage":26,"enemies":"Chosen","floor":18,"turns":4},{"damage":27,"enemies":"2 Thieves","floor":19,"turns":4},{"damage":0,"enemies":"Shelled Parasite and Fungi","floor":22,"turns":1},{"damage":41,"enemies":"Snake Plant","floor":28,"turns":5},{"damage":43,"enemies":"Slavers","floor":29,"turns":2}],"seed_played":"-1524113738657348617","potions_obtained":[{"floor":6,"key":"Fire Potion"},{"floor":8,"key":"Block Potion"},{"floor":16,"key":"GamblersBrew"},{"floor":19,"key":"SmokeBomb"}],"is_trial":false,"path_per_floor":["M","?","?","?","M","E","R","E","T","R","M","$","T","M","R","B",null,"M","M","?","?","M","R","?","R","T","R","M","E"],"character_chosen":"DEFECT","items_purchased":["Bag of Marbles"],"campfire_rested":2,"item_purchase_floors":[12],"current_hp_per_floor":[64,57,62,51,51,51,51,40,40,40,33,33,33,28,28,3,58,32,5,5,5,5,27,42,42,42,64,43,0],"gold":161,"neow_bonus":"THREE_ENEMY_KILL","is_prod":false,"is_daily":false,"chose_seed":false,"campfire_upgraded":4,"win_rate":0,"timestamp":1553646490,"path_taken":["M","?","?","?","?","E","R","E","T","R","M","$","?","M","R","BOSS","M","M","?","?","?","R","?","R","T","R","M","E"],"build_version":"2019-01-23","purchased_purges":1,"victory":false,"max_hp_per_floor":[71,71,76,76,76,76,76,76,76,76,76,76,76,76,76,76,76,76,76,76,76,76,76,76,76,76,76,76,76],"card_choices":[{"not_picked":["Stack","Beam Cell"],"picked":"Capacitor","floor":1},{"not_picked":["Cold Snap","Undo"],"picked":"Defragment","floor":5},{"not_picked":["Skim","Rebound"],"picked":"Leap","floor":6},{"not_picked":["Streamline","Redo"],"picked":"Compile Driver","floor":8},{"not_picked":["Scrape","Fusion"],"picked":"Steam","floor":11},{"not_picked":["Turbo","Darkness","Rebound"],"picked":"SKIP","floor":14},{"not_picked":["Reboot","Electrodynamics"],"picked":"Echo Form","floor":16},{"not_picked":["Heatsinks","Redo"],"picked":"BootSequence","floor":18},{"not_picked":["Hologram","White Noise"],"picked":"Self Repair","floor":19},{"not_picked":["Tempest","Force Field"],"picked":"Leap","floor":28}],"player_experience":1437768,"relics_obtained":[{"floor":6,"key":"Ornamental Fan"},{"floor":8,"key":"Orichalcum"},{"floor":9,"key":"Lantern"},{"floor":13,"key":"PreservedInsect"},{"floor":26,"key":"Pen Nib"}],"event_choices":[{"cards_removed":["Defend_B"],"damage_healed":0,"gold_gain":0,"player_choice":"Card Removal","damage_taken":7,"max_hp_gain":0,"max_hp_loss":0,"event_name":"Golden Wing","floor":2,"gold_loss":0},{"damage_healed":0,"gold_gain":0,"player_choice":"Donut","damage_taken":0,"max_hp_gain":5,"max_hp_loss":0,"event_name":"Big Fish","floor":3,"gold_loss":0},{"damage_healed":0,"gold_gain":75,"player_choice":"Gather Gold","damage_taken":11,"max_hp_gain":0,"max_hp_loss":0,"event_name":"World of Goop","floor":4,"gold_loss":0},{"damage_healed":0,"gold_gain":0,"player_choice":"Opened","damage_taken":0,"relics_obtained":["Art of War"],"max_hp_gain":0,"max_hp_loss":0,"event_name":"The Mausoleum","floor":20,"gold_loss":0,"cards_obtained":["Writhe"]},{"damage_healed":0,"gold_gain":0,"player_choice":"Forge","damage_taken":0,"max_hp_gain":0,"max_hp_loss":0,"event_name":"Accursed Blacksmith","floor":21,"gold_loss":0,"cards_upgraded":["Self Repair"]},{"damage_healed":15,"gold_gain":0,"player_choice":"Heal","damage_taken":0,"max_hp_gain":0,"max_hp_loss":0,"event_name":"The Library","floor":24,"gold_loss":0}],"is_beta":false,"boss_relics":[{"not_picked":["Runic Pyramid","Nuclear Battery"],"picked":"Black Star"}],"items_purged_floors":[12],"is_endless":false,"potions_floor_spawned":[6,8,16,19,22],"killed_by":"Slavers","ascension_level":19}