{"gold_per_floor":[109,129,54,54,24,51,51,84,84,117,117,133,168,168,168,239,239,250,250,250,250,250,250,250,268,268,268,286,286,52,52,52,52],"floor_reached":33,"playtime":1333,"items_purged":[],"score":584,"play_id":"b5619093-20e8-4cbc-ab40-a5ad142eb64e","local_time":"20190328145126","is_ascension_mode":true,"campfire_choices":[{"data":"Zap","floor":7.0,"key":"SMITH"},{"data":"Go for the Eyes","floor":15.0,"key":"SMITH"},{"floor":24,"key":"REST"},{"data":"Doom and Gloom","floor":27,"key":"SMITH"},{"data":"Streamline","floor":29,"key":"SMITH"},{"data":"Dualcast","floor":32,"key":"SMITH"}],"neow_cost":"NONE","seed_source_timestamp":0,"circlet_count":0,"master_deck":["AscendersBane","Strike_B+1","Strike_B+1","Defend_B+1","Defend_B+1","Defend_B+1","Defend_B+1","Zap+1","Dualcast+1","Auto Shields","Streamline+1","Leap","Go for the Eyes+1","BootSequence","All For One","Chill","Doom and Gloom+1","Fission+1","White Noise","Necronomicurse","Compile Driver","Ball Lightning","Defragment"],"special_seed":0,"relics":["Cracked Core","NeowsBlessing","Mango","Ornamental Fan","Juzu Bracelet","Pantograph","Whetstone","Gambling Chip","Sozu","Necronomicon","Kunai","Darkstone Periapt","Anchor"],"potions_floor_usage":[],"damage_taken":[{"damage":0.0,"enemies":"Cultist","floor":1.0,"turns":1.0},{"damage":0.0,"enemies":"Small Slimes","floor":2.0,"turns":1.0},{"damage":0.0,"enemies":"Gremlin Nob","floor":6.0,"turns":1.0},{"damage":30.0,"enemies":"3 Sentries","floor":8.0,"turns":8.0},{"damage":37.0,"enemies":"Gremlin Nob","floor":10.0,"turns":4.0},{"damage":0.0,"enemies":"2 Louse","floor":12.0,"turns":2.0},{"damage":9.0,"enemies":"3 Sentries","floor":13.0,"turns":13.0},{"damage":19.0,"enemies":"The Guardian","floor":16.0,"turns":12.0},{"damage":8.0,"enemies":"2 Thieves","floor":18.0,"turns":3.0},{"damage":0,"enemies":"Spheric Guardian","floor":25,"turns":3},{"damage":5,"enemies":"Snake Plant","floor":28,"turns":3},{"damage":61,"enemies":"Champ","floor":33,"turns":12}],"seed_played":"4479862993086712431","potions_obtained":[{"floor":2.0,"key":"SpeedPotion"},{"floor":6.0,"key":"Regen Potion"},{"floor":8.0,"key":"Swift Potion"},{"floor":16.0,"key":"SteroidPotion"}],"is_trial":false,"path_per_floor":["M","M","?","?","$","E","R","E","T","E","?","M","E","?","R","B",null,"M","?","?","?","?","T","R","M","T","R","M","R","$","?","R","B"],"character_chosen":"DEFECT","items_purchased":["Leap","Defragment","Anchor"],"campfire_rested":1,"item_purchase_floors":[5,30,30],"current_hp_per_floor":[64,64,64,60,60,60,60,45,45,8,29,29,20,20,20,26,68,60,39,15,15,15,15,41,41,41,41,36,36,36,36,36,0],"gold":52,"neow_bonus":"THREE_ENEMY_KILL","is_prod":false,"is_daily":false,"chose_seed":false,"campfire_upgraded":5,"win_rate":0,"timestamp":1553799086,"path_taken":["M","M","?","?","$","E","R","E","T","E","?","M","E","?","R","BOSS","M","?","?","?","?","?","R","M","T","R","M","R","$","?","R","BOSS"],"build_version":"2019-01-23","purchased_purges":0,"victory":false,"max_hp_per_floor":[71,71,71,85,85,85,85,85,85,85,85,85,85,82,82,82,82,82,82,87,87,87,87,87,87,87,87,87,87,87,87,87,87],"card_choices":[{"not_picked":["Redo","Recycle"],"picked":"Auto Shields","floor":1.0},{"not_picked":["Leap","Sweeping Beam"],"picked":"Streamline","floor":2.0},{"not_picked":["Storm","Hello World"],"picked":"Go for the Eyes","floor":6.0},{"not_picked":["Leap","Hologram"],"picked":"BootSequence","floor":8.0},{"not_picked":["Rebound","Cold Snap"],"picked":"All For One","floor":10.0},{"not_picked":["Turbo","Cold Snap"],"picked":"Chill","floor":12.0},{"not_picked":["Chill","Gash"],"picked":"Doom and Gloom","floor":13.0},{"not_picked":["Hyperbeam","Meteor Strike"],"picked":"Fission","floor":16.0},{"not_picked":["Rebound","Go for the Eyes"],"picked":"White Noise","floor":18.0},{"not_picked":["Chill","Recycle"],"picked":"Compile Driver","floor":25},{"not_picked":["Go for the Eyes","Coolheaded"],"picked":"Ball Lightning","floor":28}],"player_experience":1465807,"relics_obtained":[{"floor":6.0,"key":"Ornamental Fan"},{"floor":8.0,"key":"Juzu Bracelet"},{"floor":9.0,"key":"Pantograph"},{"floor":10.0,"key":"Whetstone"},{"floor":13.0,"key":"Gambling Chip"},{"floor":19.0,"key":"Necronomicon"},{"floor":23.0,"key":"Kunai"},{"floor":26,"key":"Darkstone Periapt"}],"event_choices":[{"cards_removed":["Strike_B"],"damage_healed":0.0,"max_hp_gain":0.0,"max_hp_loss":0.0,"gold_gain":0.0,"event_name":"The Cleric","player_choice":"Card Removal","floor":3.0,"gold_loss":75.0,"damage_taken":0.0},{"damage_healed":0.0,"max_hp_gain":0.0,"max_hp_loss":0.0,"gold_gain":0.0,"event_name":"Scrap Ooze","player_choice":"Success","floor":4.0,"gold_loss":0.0,"damage_taken":18.0,"relics_obtained":["Mango"]},{"damage_healed":21.0,"max_hp_gain":0.0,"max_hp_loss":0.0,"gold_gain":0.0,"event_name":"Mushrooms","player_choice":"Healed and dodged fight","floor":11.0,"gold_loss":0.0,"damage_taken":0.0,"cards_obtained":["Parasite"]},{"cards_removed":["Parasite"],"damage_healed":0.0,"max_hp_gain":0.0,"max_hp_loss":0.0,"gold_gain":0.0,"event_name":"Living Wall","player_choice":"Forget","floor":14.0,"gold_loss":0.0,"damage_taken":0.0},{"damage_healed":0.0,"max_hp_gain":0.0,"max_hp_loss":0.0,"gold_gain":0.0,"event_name":"Cursed Tome","player_choice":"Obtained Book","floor":19.0,"gold_loss":0.0,"damage_taken":21.0},{"damage_healed":0.0,"max_hp_gain":5.0,"max_hp_loss":0.0,"gold_gain":0.0,"event_name":"Forgotten Altar","player_choice":"Shed Blood","floor":20.0,"gold_loss":0.0,"damage_taken":29.0},{"damage_healed":0.0,"max_hp_gain":0.0,"max_hp_loss":0.0,"gold_gain":0.0,"event_name":"Upgrade Shrine","player_choice":"Upgraded","floor":21.0,"gold_loss":0.0,"damage_taken":0.0,"cards_upgraded":["Fission"]},{"damage_healed":0.0,"max_hp_gain":0.0,"max_hp_loss":0.0,"gold_gain":0.0,"event_name":"Back to Basics","player_choice":"Simplicity","floor":22.0,"gold_loss":0.0,"damage_taken":0.0,"cards_upgraded":["Strike_B","Defend_B","Defend_B","Defend_B","Defend_B"]},{"cards_removed":["Strike_B"],"damage_healed":0,"gold_gain":0,"player_choice":"Purged","damage_taken":0,"max_hp_gain":0,"max_hp_loss":0,"event_name":"Purifier","floor":31,"gold_loss":0}],"is_beta":false,"boss_relics":[{"not_picked":["Runic Pyramid","FrozenCore"],"picked":"Sozu"}],"items_purged_floors":[],"is_endless":false,"potions_floor_spawned":[2,6,8,16,18,28],"killed_by":"Champ","ascension_level":20}