{"gold_per_floor":[113,125,176,326,12,12,43,56,105,105,120,120,137,172,172,172],"floor_reached":16,"playtime":548,"items_purged":["Doubt"],"score":220,"play_id":"c88fae8c-bb57-4939-8b3a-65ace2d9feb7","local_time":"20190407153855","is_ascension_mode":true,"campfire_choices":[{"data":"Whirlwind","floor":6,"key":"SMITH"},{"data":"Clothesline","floor":10,"key":"SMITH"},{"data":"Combust","floor":15,"key":"SMITH"}],"neow_cost":"NONE","seed_source_timestamp":537937646777140,"circlet_count":0,"master_deck":["AscendersBane","Strike_R","Strike_R","Strike_R","Strike_R","Strike_R","Defend_R+1","Defend_R+1","Defend_R","Defend_R","Bash","Clothesline+1","Whirlwind+1","Shrug It Off","Uppercut","Combust+1","Reaper"],"relics":["Burning Blood","Sling","Orichalcum","Darkstone Periapt"],"potions_floor_usage":[11,13,13,14,16],"damage_taken":[{"damage":6,"enemies":"Cultist","floor":1,"turns":3},{"damage":4,"enemies":"2 Louse","floor":2,"turns":4},{"damage":28,"enemies":"Gremlin Nob","floor":7,"turns":4},{"damage":4,"enemies":"Jaw Worm","floor":8,"turns":4},{"damage":3,"enemies":"2 Fungi Beasts","floor":11,"turns":4},{"damage":4,"enemies":"Blue Slaver","floor":13,"turns":5},{"damage":20,"enemies":"Lagavulin","floor":14,"turns":6},{"damage":55,"enemies":"The Guardian","floor":16,"turns":10}],"seed_played":"3661761087039724499","potions_obtained":[{"floor":7,"key":"Regen Potion"},{"floor":8,"key":"EntropicBrew"},{"floor":13,"key":"BloodPotion"}],"is_trial":false,"path_per_floor":["M","M","?","?","$","R","E","M","T","R","M","?","M","E","R","B"],"character_chosen":"IRONCLAD","items_purchased":["Sling","Shrug It Off"],"campfire_rested":0,"item_purchase_floors":[5,5],"current_hp_per_floor":[75,77,77,77,77,77,55,57,57,57,72,47,57,51,51,0],"gold":172,"neow_bonus":"TEN_PERCENT_HP_BONUS","is_prod":false,"is_daily":false,"chose_seed":false,"campfire_upgraded":3,"win_rate":0,"timestamp":1554665935,"path_taken":["M","M","?","?","$","R","E","M","T","R","?","?","M","E","R","BOSS"],"build_version":"2019-01-23","purchased_purges":1,"victory":false,"max_hp_per_floor":[82,82,82,82,82,82,82,82,82,82,82,82,82,82,82,82],"card_choices":[{"not_picked":["Headbutt","Twin Strike"],"picked":"Clothesline","floor":1},{"not_picked":["Armaments","Body Slam"],"picked":"Whirlwind","floor":2},{"not_picked":["Twin Strike","Anger","Sword Boomerang"],"picked":"SKIP","floor":7},{"not_picked":["Body Slam","Clothesline","Clash"],"picked":"SKIP","floor":8},{"not_picked":["Sword Boomerang","Thunderclap"],"picked":"Uppercut","floor":11},{"not_picked":["Corruption","Pommel Strike"],"picked":"Combust","floor":13},{"not_picked":["Ghostly Armor","Iron Wave"],"picked":"Reaper","floor":14}],"player_experience":1704213,"relics_obtained":[{"floor":7,"key":"Orichalcum"},{"floor":14,"key":"Darkstone Periapt"}],"event_choices":[{"damage_healed":0,"gold_gain":51,"player_choice":"Gained Gold","damage_taken":0,"max_hp_gain":0,"max_hp_loss":0,"event_name":"Golden Wing","floor":3,"gold_loss":0},{"damage_healed":0,"gold_gain":150,"player_choice":"AGREE","damage_taken":0,"max_hp_gain":0,"max_hp_loss":0,"event_name":"Liars Game","floor":4,"gold_loss":0,"cards_obtained":["Doubt"]},{"damage_healed":0,"gold_gain":0,"player_choice":"Entered Light","damage_taken":25,"max_hp_gain":0,"max_hp_loss":0,"event_name":"Shining Light","floor":12,"gold_loss":0,"cards_upgraded":["Defend_R","Defend_R"]}],"is_beta":false,"boss_relics":[],"items_purged_floors":[5],"is_endless":false,"potions_floor_spawned":[7,8,13],"killed_by":"The Guardian","ascension_level":20}