{"gold_per_floor":[109,125,145,145,164,196,216,247,247,247,272,272,304,323,323,401,401,416,430,440,330,62,97,38,38,38,56,56,56,87,87,87,87],"floor_reached":33,"playtime":1411,"items_purged":["Defend_R"],"score":630,"play_id":"1c90781e-3768-4ae2-a009-e52871b86cef","local_time":"20190316034033","is_ascension_mode":true,"campfire_choices":[{"data":"Bludgeon","floor":10,"key":"SMITH"},{"data":"Anger","floor":12,"key":"SMITH"},{"data":"Bash","floor":15,"key":"SMITH"},{"floor":25,"key":"REST"},{"floor":28,"key":"REST"},{"floor":32,"key":"REST"}],"neow_cost":"NONE","seed_source_timestamp":231361998449882,"circlet_count":0,"master_deck":["AscendersBane","Strike_R+1","Strike_R","Strike_R","Strike_R","Strike_R","Defend_R","Defend_R","Bash+1","Clash","Clothesline","Carnage","Bludgeon+1","Clash","Anger+1","Battle Trance","Twin Strike","Immolate","Spot Weakness","Iron Wave+1","Mind Blast","Feel No Pain","Clash","Reaper","Dual Wield"],"relics":["Burning Blood","Du-Vu Doll","Blue Candle","Bottled Lightning","Darkstone Periapt","Oddly Smooth Stone","Fusion Hammer","Letter Opener","Peace Pipe","Strawberry"],"potions_floor_usage":[6,8,16,23,27,30,33],"damage_taken":[{"damage":1,"enemies":"Small Slimes","floor":1,"turns":3},{"damage":2,"enemies":"2 Louse","floor":2,"turns":3},{"damage":1,"enemies":"Cultist","floor":3,"turns":4},{"damage":8,"enemies":"Blue Slaver","floor":5,"turns":2},{"damage":25,"enemies":"3 Sentries","floor":6,"turns":8},{"damage":0,"enemies":"Large Slime","floor":7,"turns":2},{"damage":30,"enemies":"Lagavulin","floor":8,"turns":5},{"damage":15,"enemies":"3 Sentries","floor":11,"turns":4},{"damage":20,"enemies":"Lagavulin","floor":13,"turns":5},{"damage":4,"enemies":"2 Fungi Beasts","floor":14,"turns":3},{"damage":11,"enemies":"Hexaghost","floor":16,"turns":7},{"damage":32,"enemies":"3 Byrds","floor":18,"turns":4},{"damage":0,"enemies":"Chosen","floor":19,"turns":3},{"damage":17,"enemies":"Centurion and Healer","floor":20,"turns":4},{"damage":25,"enemies":"Book of Stabbing","floor":23,"turns":4},{"damage":19,"enemies":"3 Cultists","floor":27,"turns":4},{"damage":49,"enemies":"Gremlin Leader","floor":30,"turns":6},{"damage":8,"enemies":"Colosseum Slavers","floor":31,"turns":2},{"damage":82,"enemies":"Collector","floor":33,"turns":6}],"seed_played":"-2728399520427210751","potions_obtained":[{"floor":1,"key":"Swift Potion"},{"floor":5,"key":"Strength Potion"},{"floor":6,"key":"LiquidBronze"},{"floor":13,"key":"Dexterity Potion"},{"floor":18,"key":"EssenceOfSteel"},{"floor":19,"key":"Fire Potion"},{"floor":27,"key":"AttackPotion"},{"floor":30,"key":"Regen Potion"}],"is_trial":false,"path_per_floor":["M","M","M","?","M","E","M","E","T","R","E","R","E","M","R","B",null,"M","M","M","?","$","E","$","R","T","M","R","?","E","?","R","B"],"character_chosen":"IRONCLAD","items_purchased":["Mind Blast","Feel No Pain","Clash"],"campfire_rested":3,"item_purchase_floors":[22,22,24],"current_hp_per_floor":[73,75,75,80,78,59,65,41,41,41,32,32,18,20,20,15,64,38,44,33,33,33,14,14,38,38,25,49,49,25,23,49,0],"gold":87,"neow_bonus":"THREE_CARDS","is_prod":false,"is_daily":false,"chose_seed":false,"campfire_upgraded":3,"win_rate":0,"timestamp":1552722033,"path_taken":["M","M","M","?","M","E","M","E","T","R","E","R","E","M","R","BOSS","M","M","M","?","$","E","$","R","T","?","R","?","E","?","R","BOSS"],"build_version":"2019-01-23","purchased_purges":1,"victory":false,"max_hp_per_floor":[75,75,75,80,80,80,80,80,80,80,80,80,80,80,80,80,80,80,80,80,80,80,80,80,80,80,80,80,80,87,87,87,87],"card_choices":[{"not_picked":["Twin Strike","Fire Breathing"],"picked":"Clash","floor":0},{"not_picked":["Seeing Red","Entrench"],"picked":"Clothesline","floor":1},{"not_picked":["Iron Wave","Combust"],"picked":"Carnage","floor":2},{"not_picked":["Shrug It Off","Feel No Pain"],"picked":"Bludgeon","floor":3},{"not_picked":["Blood for Blood","Second Wind","Wild Strike"],"picked":"SKIP","floor":5},{"not_picked":["Perfected Strike","Shrug It Off"],"picked":"Clash","floor":6},{"not_picked":["Intimidate","Body Slam","Dual Wield"],"picked":"SKIP","floor":7},{"not_picked":["Twin Strike","Body Slam"],"picked":"Anger","floor":8},{"not_picked":["Shockwave","Twin Strike"],"picked":"Battle Trance","floor":11},{"not_picked":["Pummel","Wild Strike","Intimidate"],"picked":"SKIP","floor":13},{"not_picked":["Rupture","Shrug It Off"],"picked":"Twin Strike","floor":14},{"not_picked":["Juggernaut","Berserk"],"picked":"Immolate","floor":16},{"not_picked":["Cleave","Shrug It Off"],"picked":"Spot Weakness","floor":18},{"not_picked":["Havoc","Rupture","Armaments"],"picked":"SKIP","floor":19},{"not_picked":["Armaments","Clash"],"picked":"Iron Wave+1","floor":20},{"not_picked":["Burning Pact","Perfected Strike","Intimidate"],"picked":"SKIP","floor":23},{"not_picked":["Iron Wave","Clash"],"picked":"Reaper","floor":27},{"not_picked":["Anger","Shrug It Off"],"picked":"Dual Wield","floor":30}],"player_experience":1156426,"relics_obtained":[{"floor":6,"key":"Du-Vu Doll"},{"floor":8,"key":"Blue Candle"},{"floor":9,"key":"Bottled Lightning"},{"floor":11,"key":"Darkstone Periapt"},{"floor":13,"key":"Oddly Smooth Stone"},{"floor":23,"key":"Letter Opener"},{"floor":26,"key":"Peace Pipe"},{"floor":30,"key":"Strawberry"}],"event_choices":[{"damage_healed":0,"gold_gain":0,"player_choice":"Donut","damage_taken":0,"max_hp_gain":5,"max_hp_loss":0,"event_name":"Big Fish","floor":4,"gold_loss":0},{"cards_removed":["Defend_R"],"damage_healed":0,"gold_gain":0,"player_choice":"Upgrade and Remove","damage_taken":0,"max_hp_gain":0,"max_hp_loss":0,"event_name":"Designer","floor":21,"gold_loss":110,"cards_upgraded":["Strike_R"]},{"damage_healed":0,"gold_gain":0,"player_choice":"Ignored","damage_taken":0,"max_hp_gain":0,"max_hp_loss":0,"event_name":"Ghosts","floor":29,"gold_loss":0},{"damage_healed":0,"gold_gain":0,"player_choice":"Fight","damage_taken":0,"max_hp_gain":0,"max_hp_loss":0,"event_name":"Colosseum","floor":31,"gold_loss":0},{"damage_healed":0,"gold_gain":0,"player_choice":"Fled From Nobs","damage_taken":0,"max_hp_gain":0,"max_hp_loss":0,"event_name":"Colosseum","floor":31,"gold_loss":0}],"is_beta":false,"boss_relics":[{"not_picked":["Mark of Pain","Snecko Eye"],"picked":"Fusion Hammer"}],"items_purged_floors":[22],"is_endless":false,"potions_floor_spawned":[1,5,6,7,13,18,19,27,30,31],"killed_by":"Collector","ascension_level":20}