{"gold_per_floor":[116,116,116,39,39,73,73,102,102,102,127,137,137,155,155,232,232,249,249,9,29,45,45,45],"floor_reached":24,"playtime":592,"items_purged":["Strike_R"],"score":485,"play_id":"ac87e4ae-036f-43b9-bd8f-1cd1470a97f3","local_time":"20190112225852","is_ascension_mode":true,"campfire_choices":[{"data":"Bash","floor":7,"key":"SMITH"},{"data":"Armaments","floor":10,"key":"SMITH"},{"data":"Feel No Pain","floor":13,"key":"SMITH"},{"data":"True Grit","floor":15,"key":"SMITH"},{"data":"Corruption","floor":23,"key":"SMITH"}],"neow_cost":"NONE","seed_source_timestamp":309266110358121,"circlet_count":0,"master_deck":["AscendersBane","Strike_R+1","Strike_R+1","Strike_R","Defend_R","Defend_R","Defend_R","Defend_R","Bash+1","Shrug It Off","Feel No Pain+1","Cleave","Armaments+1","Impervious","True Grit+1","Immolate","Power Through","Clothesline","Intimidate","Intimidate","Feel No Pain+1","Corruption+1","Reckless Charge"],"relics":["Burning Blood","NeowsBlessing","Oddly Smooth Stone","Art of War","Happy Flower","Mercury Hourglass","Lantern","Orrery","GremlinMask"],"potions_floor_usage":[16,24,24],"damage_taken":[{"damage":0,"enemies":"Small Slimes","floor":1,"turns":1},{"damage":0,"enemies":"Lagavulin","floor":6,"turns":1},{"damage":0,"enemies":"3 Sentries","floor":8,"turns":2},{"damage":25,"enemies":"Lagavulin","floor":11,"turns":5},{"damage":2,"enemies":"2 Louse","floor":12,"turns":2},{"damage":0,"enemies":"Cultist","floor":14,"turns":3},{"damage":25,"enemies":"Slime Boss","floor":16,"turns":10},{"damage":6,"enemies":"2 Thieves","floor":18,"turns":4},{"damage":0,"enemies":"Chosen","floor":21,"turns":8},{"damage":10,"enemies":"Centurion and Healer","floor":22,"turns":10},{"damage":70,"enemies":"Gremlin Leader","floor":24,"turns":9}],"seed_played":"-2549456221066687174","potions_obtained":[{"floor":11,"key":"Swift Potion"},{"floor":16,"key":"EssenceOfSteel"},{"floor":18,"key":"Block Potion"}],"is_trial":false,"path_per_floor":["M","?","?","$","?","E","R","E","T","R","E","M","R","M","R","B",null,"M","?","$","M","M","R","E"],"character_chosen":"IRONCLAD","items_purchased":["Feel No Pain","Corruption","Reckless Charge"],"campfire_rested":0,"item_purchase_floors":[4,20,20],"current_hp_per_floor":[74,63,40,40,40,46,46,52,52,52,33,37,37,43,43,24,62,62,62,62,68,64,64,0],"gold":45,"neow_bonus":"THREE_ENEMY_KILL","is_prod":false,"is_daily":false,"chose_seed":false,"campfire_upgraded":5,"win_rate":0,"timestamp":1547359132,"path_taken":["M","?","?","$","?","E","R","E","T","R","E","M","R","M","R","BOSS","M","?","$","M","?","R","E"],"build_version":"2019-01-10","purchased_purges":1,"victory":false,"max_hp_per_floor":[75,75,75,75,75,75,75,75,75,75,75,75,75,75,75,75,75,75,75,75,75,75,75,75],"card_choices":[{"not_picked":["Clash","Burning Pact"],"picked":"Shrug It Off","floor":1},{"not_picked":["Second Wind","Burning Pact"],"picked":"Cleave","floor":6},{"not_picked":["Havoc","Cleave"],"picked":"Armaments","floor":8},{"not_picked":["Headbutt","Sword Boomerang","Dropkick"],"picked":"SKIP","floor":11},{"not_picked":["Sword Boomerang","Whirlwind"],"picked":"Impervious","floor":12},{"not_picked":["Pummel","Infernal Blade"],"picked":"True Grit","floor":14},{"not_picked":["Brutality","Double Tap"],"picked":"Immolate","floor":16},{"not_picked":["Anger","Iron Wave"],"picked":"Power Through","floor":17},{"not_picked":["Rage","Rupture"],"picked":"Clothesline","floor":17},{"not_picked":["Blood for Blood","Headbutt"],"picked":"Intimidate","floor":17},{"not_picked":["Sword Boomerang","Thunderclap"],"picked":"Intimidate","floor":17},{"not_picked":["Sword Boomerang","Exhume"],"picked":"Feel No Pain+1","floor":18},{"not_picked":["Armaments","Headbutt","Flex"],"picked":"SKIP","floor":21},{"not_picked":["Anger","Searing Blow","Double Tap"],"picked":"SKIP","floor":22}],"player_experience":1038325,"relics_obtained":[{"floor":6,"key":"Art of War"},{"floor":8,"key":"Happy Flower"},{"floor":9,"key":"Mercury Hourglass"},{"floor":11,"key":"Lantern"}],"event_choices":[{"damage_healed":0,"gold_gain":0,"player_choice":"Success","damage_taken":11,"relics_obtained":["Oddly Smooth Stone"],"max_hp_gain":0,"max_hp_loss":0,"event_name":"Scrap Ooze","floor":2,"gold_loss":0},{"damage_healed":0,"gold_gain":0,"player_choice":"Entered Light","damage_taken":23,"max_hp_gain":0,"max_hp_loss":0,"event_name":"Shining Light","floor":3,"gold_loss":0,"cards_upgraded":["Strike_R","Strike_R"]},{"cards_removed":["Strike_R"],"damage_healed":0,"gold_gain":0,"player_choice":"Forget","damage_taken":0,"max_hp_gain":0,"max_hp_loss":0,"event_name":"Living Wall","floor":5,"gold_loss":0},{"damage_healed":0,"gold_gain":0,"player_choice":"Trade","damage_taken":0,"relics_obtained":["GremlinMask"],"max_hp_gain":0,"max_hp_loss":0,"event_name":"FaceTrader","floor":19,"gold_loss":0}],"is_beta":true,"boss_relics":[{"not_picked":["Runic Cube","Lizard Tail"],"picked":"Orrery"}],"items_purged_floors":[20],"is_endless":false,"potions_floor_spawned":[11,16,18,22],"killed_by":"Gremlin Leader","ascension_level":17}