{"gold_per_floor":[111,136,136,136,147,172,172,29,55,86,36,67,67,82,82,157,157,167,181,194,54,34,63,63,75,75,75,89,124,136,162,174,257,269,301,330,342,276,288,308,308,321,321,321,331,365,122,132,132,132,132,132,29,54,54],"floor_reached":56,"playtime":3626,"items_purged":["Strike_G","Defend_G","Strike_G"],"score":2109,"play_id":"89c01ab9-8592-4da0-88d3-d56e2e1de197","local_time":"20190427033455","is_ascension_mode":true,"campfire_choices":[{"data":"Neutralize","floor":7,"key":"SMITH"},{"floor":13,"key":"REST"},{"data":"Skewer","floor":15,"key":"SMITH"},{"data":"Glass Knife","floor":24,"key":"SMITH"},{"data":"Footwork","floor":27,"key":"SMITH"},{"data":"Concentrate","floor":30,"key":"SMITH"},{"data":"Noxious Fumes","floor":32,"key":"SMITH"},{"floor":41,"key":"RECALL"},{"floor":49,"key":"REST"},{"floor":52,"key":"REST"}],"neow_cost":"NONE","seed_source_timestamp":1425686012416586,"circlet_count":0,"master_deck":["AscendersBane","Defend_G","Defend_G","Defend_G+1","Defend_G","Strike_G","Strike_G","Strike_G","Survivor+1","Neutralize+1","Blur+1","Caltrops","Dagger Spray","Malaise+1","Skewer+1","PiercingWail","Glass Knife+1","Concentrate+1","Cloak And Dagger+1","PiercingWail","Footwork+1","Burst","Flying Knee","Dodge and Roll","Tools of the Trade","Noxious Fumes+1","Wraith Form v2","Deflect+1","Terror","PiercingWail","Backflip+1","Crippling Poison","Phantasmal Killer"],"relics":["Ring of the Snake","NeowsBlessing","Bronze Scales","Pen Nib","Orichalcum","Smiling Mask","War Paint","Runic Pyramid","Lantern","Thread and Needle","MawBank","Fusion Hammer","Potion Belt","Kunai","Medical Kit","Bag of Marbles"],"potions_floor_usage":[12,23,33,46,48,50,55,55,55,55],"damage_taken":[{"damage":0,"enemies":"Cultist","floor":1,"turns":1},{"damage":0,"enemies":"Jaw Worm","floor":5,"turns":1},{"damage":0,"enemies":"Gremlin Nob","floor":6,"turns":1},{"damage":20,"enemies":"Lagavulin","floor":10,"turns":12},{"damage":10,"enemies":"3 Sentries","floor":12,"turns":7},{"damage":4,"enemies":"2 Louse","floor":14,"turns":3},{"damage":0,"enemies":"The Guardian","floor":16,"turns":13},{"damage":0,"enemies":"Chosen","floor":18,"turns":5},{"damage":0,"enemies":"3 Byrds","floor":19,"turns":1},{"damage":0,"enemies":"Cultist and Chosen","floor":20,"turns":7},{"damage":0,"enemies":"Gremlin Leader","floor":23,"turns":4},{"damage":0,"enemies":"Snecko","floor":25,"turns":6},{"damage":0,"enemies":"Centurion and Healer","floor":28,"turns":6},{"damage":12,"enemies":"Book of Stabbing","floor":29,"turns":4},{"damage":1,"enemies":"3 Cultists","floor":31,"turns":6},{"damage":0,"enemies":"Automaton","floor":33,"turns":15},{"damage":0,"enemies":"Orb Walker","floor":35,"turns":1},{"damage":0,"enemies":"3 Shapes","floor":36,"turns":8},{"damage":0,"enemies":"Jaw Worm Horde","floor":39,"turns":6},{"damage":1,"enemies":"Sphere and 2 Shapes","floor":40,"turns":8},{"damage":0,"enemies":"3 Darklings","floor":42,"turns":6},{"damage":0,"enemies":"4 Shapes","floor":45,"turns":9},{"damage":8,"enemies":"Reptomancer","floor":46,"turns":9},{"damage":11,"enemies":"Transient","floor":48,"turns":5},{"damage":27,"enemies":"Time Eater","floor":50,"turns":13},{"damage":19,"enemies":"Shield and Spear","floor":54,"turns":11},{"damage":42,"enemies":"The Heart","floor":55,"turns":11}],"seed_played":"-8163284928165056888","potions_obtained":[{"floor":5,"key":"Energy Potion"},{"floor":6,"key":"Weak Potion"},{"floor":14,"key":"Ancient Potion"},{"floor":19,"key":"GhostInAJar"},{"floor":20,"key":"SteroidPotion"},{"floor":31,"key":"PowerPotion"},{"floor":36,"key":"SteroidPotion"},{"floor":39,"key":"Weak Potion"},{"floor":42,"key":"PowerPotion"},{"floor":48,"key":"Poison Potion"}],"is_trial":false,"path_per_floor":["M","T","?","?","M","E","R","$","T","E","$","E","R","M","R","B",null,"M","M","M","$","?","E","R","M","T","R","M","E","R","M","R","B",null,"M","M","?","$","M","M","R","M","T","?","M","E","$","M","R","B",null,"R","$","E","B",null],"character_chosen":"THE_SILENT","items_purchased":["Pen Nib","Footwork","Deflect","Terror","Medical Kit","Dexterity Potion","FearPotion"],"campfire_rested":3,"item_purchase_floors":[8,21,21,38,47,53,53],"current_hp_per_floor":[59,59,59,39,39,39,39,39,39,19,19,9,28,24,24,24,56,56,56,56,56,56,56,56,56,56,56,56,44,44,43,43,43,60,60,60,60,60,60,59,59,59,59,59,59,51,51,40,59,32,58,66,66,47,5],"gold":54,"neow_bonus":"THREE_ENEMY_KILL","is_prod":false,"is_daily":false,"chose_seed":false,"campfire_upgraded":6,"win_rate":0,"timestamp":1556350495,"path_taken":["M","?","?","?","M","E","R","?","T","E","$","E","R","M","R","BOSS","M","M","M","$","?","E","R","M","T","R","M","E","R","?","R","BOSS","M","M","?","$","?","M","R","M","T","?","M","E","?","M","R","BOSS","R","$","E","BOSS"],"build_version":"2019-04-23","purchased_purges":3,"victory":true,"max_hp_per_floor":[66,66,66,66,66,66,66,66,66,66,66,66,66,66,66,66,66,66,66,66,66,66,66,66,66,66,66,66,66,66,66,66,66,66,66,66,66,66,66,66,66,66,66,66,66,66,66,66,66,66,66,66,66,66,66],"card_choices":[{"not_picked":["Deflect","Sucker Punch"],"picked":"Blur","floor":1},{"not_picked":["Deflect","Quick Slash"],"picked":"Caltrops","floor":5},{"not_picked":["Flying Knee","Backflip"],"picked":"Dagger Spray","floor":6},{"not_picked":["Quick Slash","Footwork"],"picked":"Malaise","floor":10},{"not_picked":["Slice","Eviscerate"],"picked":"Skewer","floor":12},{"not_picked":["Underhanded Strike","Outmaneuver"],"picked":"PiercingWail","floor":14},{"not_picked":["Tools of the Trade","Unload"],"picked":"Glass Knife","floor":16},{"not_picked":["Tactician","Slice"],"picked":"Concentrate","floor":18},{"not_picked":["Bane","Outmaneuver"],"picked":"Cloak And Dagger+1","floor":19},{"not_picked":["Quick Slash+1","Eviscerate"],"picked":"PiercingWail","floor":20},{"not_picked":["Blade Dance","Bane"],"picked":"Burst","floor":23},{"not_picked":["Backflip","Underhanded Strike"],"picked":"Flying Knee","floor":25},{"not_picked":["Dagger Throw+1","Catalyst"],"picked":"Dodge and Roll","floor":28},{"not_picked":["Catalyst","Predator"],"picked":"Tools of the Trade","floor":29},{"not_picked":["Terror","Poisoned Stab"],"picked":"Noxious Fumes","floor":31},{"not_picked":["Unload","Adrenaline"],"picked":"Wraith Form v2","floor":33},{"not_picked":["All Out Attack","Eviscerate"],"picked":"Deflect+1","floor":35},{"not_picked":["Riddle With Holes","PiercingWail","Underhanded Strike"],"picked":"SKIP","floor":36},{"not_picked":["Slice+1","Accuracy"],"picked":"PiercingWail","floor":39},{"not_picked":["Cloak And Dagger+1","Poisoned Stab"],"picked":"Backflip+1","floor":40},{"not_picked":["Backflip","Quick Slash+1","Slice"],"picked":"SKIP","floor":42},{"not_picked":["Flechettes","Bane"],"picked":"Crippling Poison","floor":45},{"not_picked":["Escape Plan","Prepared"],"picked":"Phantasmal Killer","floor":46},{"not_picked":["Dagger Throw","Outmaneuver","Sucker Punch"],"picked":"SKIP","floor":48},{"not_picked":["All Out Attack","Unload","Expertise+1"],"picked":"SKIP","floor":54}],"player_experience":2465696,"relics_obtained":[{"floor":2,"key":"Bronze Scales"},{"floor":9,"key":"Orichalcum"},{"floor":10,"key":"Smiling Mask"},{"floor":12,"key":"War Paint"},{"floor":23,"key":"Lantern"},{"floor":26,"key":"Thread and Needle"},{"floor":29,"key":"MawBank"},{"floor":46,"key":"Kunai"},{"floor":54,"key":"Bag of Marbles"}],"event_choices":[{"damage_healed":0,"gold_gain":0,"player_choice":"Leave","damage_taken":0,"max_hp_gain":0,"max_hp_loss":0,"event_name":"The Cleric","floor":3,"gold_loss":0},{"damage_healed":0,"gold_gain":0,"player_choice":"Entered Light","damage_taken":20,"max_hp_gain":0,"max_hp_loss":0,"event_name":"Shining Light","floor":4,"gold_loss":0,"cards_upgraded":["Defend_G","Blur"]},{"damage_healed":0,"gold_gain":0,"player_choice":"Bought 1 Potion","damage_taken":0,"max_hp_gain":0,"max_hp_loss":0,"event_name":"The Woman in Blue","floor":22,"gold_loss":0},{"cards_removed":["Deflect"],"damage_healed":0,"gold_gain":0,"player_choice":"Gave Card","damage_taken":0,"relics_obtained":["Potion Belt"],"max_hp_gain":0,"max_hp_loss":0,"event_name":"WeMeetAgain","floor":37,"gold_loss":0},{"damage_healed":0,"gold_gain":0,"player_choice":"Ignored","damage_taken":0,"max_hp_gain":0,"max_hp_loss":0,"event_name":"SecretPortal","floor":44,"gold_loss":0}],"is_beta":true,"boss_relics":[{"not_picked":["HoveringKite","Black Star"],"picked":"Runic Pyramid"},{"not_picked":["WristBlade","Calling Bell"],"picked":"Fusion Hammer"}],"items_purged_floors":[11,21,47],"is_endless":false,"potions_floor_spawned":[5,6,14,19,20,31,36,39,42,48,54],"ascension_level":15}