{"gold_per_floor":[119,44,59,59,78,113,113,133,206,206,225,241,241,241,241,241],"floor_reached":16,"playtime":1228,"items_purged":["Doubt"],"score":204,"play_id":"e1cab304-3114-43a4-ac78-eacc1ec86f48","local_time":"20190402142533","is_ascension_mode":true,"campfire_choices":[{"data":"Coolheaded","floor":7,"key":"SMITH"},{"data":"Glacier","floor":10,"key":"SMITH"},{"floor":15,"key":"REST"}],"neow_cost":"CURSE","seed_source_timestamp":100786077320292,"circlet_count":0,"master_deck":["AscendersBane","Strike_B","Strike_B","Strike_B","Strike_B","Defend_B","Defend_B","Defend_B","Defend_B","Zap+1","Dualcast","Glacier+1","Conserve Battery","Cold Snap","Coolheaded+1","Ball Lightning","Coolheaded","Defragment"],"relics":["Cracked Core","Nunchaku","Incense Burner","Bottled Lightning","Boot"],"potions_floor_usage":[6,6],"damage_taken":[{"damage":5,"enemies":"2 Louse","floor":1,"turns":3},{"damage":0,"enemies":"Cultist","floor":3,"turns":4},{"damage":0,"enemies":"Small Slimes","floor":5,"turns":3},{"damage":56,"enemies":"Gremlin Nob","floor":6,"turns":6},{"damage":0,"enemies":"Blue Slaver","floor":8,"turns":4},{"damage":6,"enemies":"Exordium Wildlife","floor":11,"turns":5},{"damage":6,"enemies":"Exordium Thugs","floor":12,"turns":6},{"damage":25,"enemies":"Hexaghost","floor":16,"turns":14}],"seed_played":"6565430298177045082","potions_obtained":[{"floor":1,"key":"LiquidBronze"},{"floor":3,"key":"Regen Potion"}],"is_trial":false,"path_per_floor":["M","$","M","?","M","E","R","M","T","R","M","M","?","?","R","B"],"character_chosen":"DEFECT","items_purchased":[],"campfire_rested":1,"item_purchase_floors":[],"current_hp_per_floor":[59,59,59,59,59,18,18,18,18,18,12,6,6,1,22,0],"gold":241,"neow_bonus":"ONE_RARE_RELIC","is_prod":false,"is_daily":false,"chose_seed":false,"campfire_upgraded":2,"win_rate":0,"timestamp":1554229533,"path_taken":["M","$","M","?","M","E","R","M","T","R","M","?","?","?","R","BOSS"],"build_version":"2019-01-23","purchased_purges":1,"victory":false,"max_hp_per_floor":[71,71,71,71,71,71,71,71,71,71,71,71,71,71,71,71],"card_choices":[{"not_picked":["Conserve Battery","Streamline"],"picked":"Glacier","floor":1},{"not_picked":["Redo","Turbo"],"picked":"Conserve Battery","floor":3},{"not_picked":["Auto Shields","Self Repair"],"picked":"Cold Snap","floor":5},{"not_picked":["Streamline","Recycle"],"picked":"Coolheaded","floor":6},{"not_picked":["Beam Cell","Streamline"],"picked":"Ball Lightning","floor":8},{"not_picked":["Barrage","Fission"],"picked":"Coolheaded","floor":11},{"not_picked":["Conserve Battery","Auto Shields"],"picked":"Defragment","floor":12}],"player_experience":1527186,"relics_obtained":[{"floor":6,"key":"Incense Burner"},{"floor":9,"key":"Bottled Lightning"}],"event_choices":[{"damage_healed":0,"gold_gain":0,"player_choice":"Forge","damage_taken":0,"max_hp_gain":0,"max_hp_loss":0,"event_name":"Accursed Blacksmith","floor":4,"gold_loss":0,"cards_upgraded":["Zap"]},{"damage_healed":0,"gold_gain":0,"player_choice":"Ignored","damage_taken":0,"max_hp_gain":0,"max_hp_loss":0,"event_name":"Shining Light","floor":13,"gold_loss":0},{"damage_healed":0,"gold_gain":0,"player_choice":"Success","damage_taken":5,"relics_obtained":["Boot"],"max_hp_gain":0,"max_hp_loss":0,"event_name":"Scrap Ooze","floor":14,"gold_loss":0}],"is_beta":false,"boss_relics":[],"items_purged_floors":[2],"is_endless":false,"potions_floor_spawned":[1,3],"killed_by":"Hexaghost","ascension_level":20}