{"gold_per_floor":[117,129,129,144,161,191,191,191,191,191,209,209,241,255,255,255],"floor_reached":16,"playtime":884,"items_purged":[],"score":224,"play_id":"d9875a8f-e4ed-43f5-a541-a1a0b072eced","local_time":"20190505110422","is_ascension_mode":true,"campfire_choices":[{"data":"Bash","floor":7.0,"key":"SMITH"},{"floor":10.0,"key":"REST"},{"floor":12.0,"key":"REST"},{"data":"Clothesline","floor":15.0,"key":"SMITH"}],"neow_cost":"NONE","seed_source_timestamp":1804382118583312,"circlet_count":0,"master_deck":["AscendersBane","Strike_R","Strike_R","Strike_R","Strike_R","Strike_R","Defend_R","Defend_R","Defend_R","Defend_R","Bash+1","Feel No Pain","Pommel Strike","Clothesline+1","Thunderclap","Flame Barrier","Ghostly Armor","Body Slam+1","Spot Weakness"],"special_seed":0,"relics":["Burning Blood","Vajra","Gremlin Horn","Molten Egg 2","Centennial Puzzle"],"potions_floor_usage":[],"damage_taken":[{"damage":7.0,"enemies":"Small Slimes","floor":1.0,"turns":4.0},{"damage":10.0,"enemies":"2 Louse","floor":2.0,"turns":3.0},{"damage":11.0,"enemies":"Jaw Worm","floor":4.0,"turns":4.0},{"damage":12.0,"enemies":"Exordium Thugs","floor":5.0,"turns":5.0},{"damage":40.0,"enemies":"Lagavulin","floor":6.0,"turns":7.0},{"damage":7.0,"enemies":"2 Fungi Beasts","floor":11.0,"turns":3.0},{"damage":13.0,"enemies":"3 Sentries","floor":13.0,"turns":12.0},{"damage":2.0,"enemies":"Gremlin Gang","floor":14.0,"turns":4.0},{"damage":63,"enemies":"Slime Boss","floor":16,"turns":7}],"seed_played":"-4598812788868895769","potions_obtained":[{"floor":1.0,"key":"Poison Potion"},{"floor":4.0,"key":"LiquidBronze"}],"is_trial":false,"path_per_floor":["M","M","?","M","M","E","R","?","T","R","M","R","E","M","R","B"],"character_chosen":"IRONCLAD","items_purchased":[],"campfire_rested":2,"item_purchase_floors":[],"current_hp_per_floor":[74,70,75,70,64,30,30,4,4,30,29,55,48,52,52,0],"gold":255,"neow_bonus":"TEN_PERCENT_HP_BONUS","is_prod":false,"is_daily":false,"chose_seed":false,"campfire_upgraded":2,"win_rate":0,"timestamp":1557079462,"path_taken":["M","M","?","M","M","E","R","?","T","R","M","R","E","M","R","BOSS"],"build_version":"2019-04-23","purchased_purges":0,"victory":false,"max_hp_per_floor":[82,82,87,87,87,87,87,87,87,87,87,87,87,87,87,87],"card_choices":[{"not_picked":["Perfected Strike","Iron Wave"],"picked":"Feel No Pain","floor":1.0},{"not_picked":["Perfected Strike","Headbutt"],"picked":"Pommel Strike","floor":2.0},{"not_picked":["Iron Wave","Cleave"],"picked":"Clothesline","floor":4.0},{"not_picked":["Juggernaut","Flex"],"picked":"Thunderclap","floor":5.0},{"not_picked":["Barricade","Cleave"],"picked":"Flame Barrier","floor":6.0},{"not_picked":["Armaments","Clothesline+1"],"picked":"Ghostly Armor","floor":11.0},{"not_picked":["Sentinel","Burning Pact"],"picked":"Body Slam+1","floor":13.0},{"not_picked":["Metallicize","Combust"],"picked":"Spot Weakness","floor":14.0}],"player_experience":1518588,"relics_obtained":[{"floor":6.0,"key":"Vajra"},{"floor":9.0,"key":"Molten Egg 2"},{"floor":13.0,"key":"Centennial Puzzle"}],"event_choices":[{"damage_healed":0.0,"max_hp_gain":5.0,"max_hp_loss":0.0,"gold_gain":0.0,"event_name":"Big Fish","player_choice":"Donut","floor":3.0,"gold_loss":0.0,"damage_taken":0.0},{"damage_healed":0.0,"max_hp_gain":0.0,"max_hp_loss":0.0,"gold_gain":0.0,"event_name":"Scrap Ooze","player_choice":"Success","floor":8.0,"gold_loss":0.0,"damage_taken":26.0,"relics_obtained":["Gremlin Horn"]}],"is_beta":true,"boss_relics":[],"items_purged_floors":[],"is_endless":false,"potions_floor_spawned":[1,4],"killed_by":"Slime Boss","ascension_level":20}