{"gold_per_floor":[116,41,55,55,27,27,44,44,71,71,127,137,166,185,185,185],"floor_reached":16,"playtime":514,"items_purged":[],"score":220,"play_id":"723ca88a-01c0-420c-a881-7e043a788cac","local_time":"20190330042129","is_ascension_mode":true,"campfire_choices":[{"data":"Zap","floor":6,"key":"SMITH"},{"data":"Sweeping Beam","floor":8,"key":"SMITH"},{"data":"Rip and Tear","floor":10,"key":"SMITH"},{"data":"FTL","floor":15,"key":"SMITH"}],"neow_cost":"NONE","seed_source_timestamp":1133356309303457,"circlet_count":0,"master_deck":["AscendersBane","Strike_B","Strike_B","Strike_B","Defend_B","Defend_B","Defend_B","Zap+1","Dualcast","Coolheaded","Rip and Tear+1","Sweeping Beam+1","Ball Lightning","FTL+1","Conserve Battery","Undo","BootSequence"],"relics":["Cracked Core","Bronze Scales","Tiny Chest","Potion Belt"],"potions_floor_usage":[7,11],"damage_taken":[{"damage":1,"enemies":"2 Louse","floor":1,"turns":3},{"damage":7,"enemies":"Jaw Worm","floor":3,"turns":4},{"damage":0,"enemies":"Small Slimes","floor":7,"turns":2},{"damage":11,"enemies":"Gremlin Nob","floor":11,"turns":3},{"damage":13,"enemies":"3 Louse","floor":12,"turns":2},{"damage":13,"enemies":"3 Sentries","floor":13,"turns":4},{"damage":11,"enemies":"Lots of Slimes","floor":14,"turns":3},{"damage":15,"enemies":"Slime Boss","floor":16,"turns":7}],"seed_played":"4545439217761503217","potions_obtained":[{"floor":3,"key":"Explosive Potion"},{"floor":7,"key":"GamblersBrew"}],"is_trial":false,"path_per_floor":["M","?","M","?","$","R","M","R","T","R","E","M","E","M","R","B"],"character_chosen":"DEFECT","items_purchased":["Sweeping Beam"],"campfire_rested":0,"item_purchase_floors":[5],"current_hp_per_floor":[70,70,63,56,56,56,56,56,56,56,45,32,19,8,8,0],"gold":185,"neow_bonus":"TEN_PERCENT_HP_BONUS","is_prod":false,"is_daily":false,"chose_seed":false,"campfire_upgraded":4,"win_rate":0,"timestamp":1553934089,"path_taken":["M","?","M","?","$","R","?","R","T","R","E","M","E","M","R","BOSS"],"build_version":"2019-01-23","purchased_purges":0,"victory":false,"max_hp_per_floor":[78,78,78,78,78,78,78,78,78,78,78,78,78,78,78,78],"card_choices":[{"not_picked":["Turbo","Tempest"],"picked":"Coolheaded","floor":1},{"not_picked":["Leap","Conserve Battery"],"picked":"Rip and Tear","floor":3},{"not_picked":["Aggregate","BootSequence"],"picked":"Ball Lightning","floor":7},{"not_picked":["Blizzard","Barrage"],"picked":"FTL","floor":11},{"not_picked":["Skim","Chaos"],"picked":"Conserve Battery","floor":12},{"not_picked":["Turbo","Coolheaded"],"picked":"Undo","floor":13},{"not_picked":["Tempest","Barrage"],"picked":"BootSequence","floor":14}],"player_experience":1493683,"relics_obtained":[{"floor":9,"key":"Bronze Scales"},{"floor":11,"key":"Tiny Chest"},{"floor":13,"key":"Potion Belt"}],"event_choices":[{"cards_removed":["Defend_B"],"damage_healed":0,"gold_gain":0,"player_choice":"Card Removal","damage_taken":0,"max_hp_gain":0,"max_hp_loss":0,"event_name":"The Cleric","floor":2,"gold_loss":75},{"cards_removed":["Strike_B"],"damage_healed":0,"gold_gain":0,"player_choice":"Card Removal","damage_taken":7,"max_hp_gain":0,"max_hp_loss":0,"event_name":"Golden Wing","floor":4,"gold_loss":0}],"is_beta":false,"boss_relics":[],"items_purged_floors":[],"is_endless":false,"potions_floor_spawned":[3,7],"killed_by":"Slime Boss","ascension_level":20}