{"path_per_floor":["M","?","?","$","M","R","E","R","T","M","R","E","M","$","R","B",null,"M","?","$","?","M"],"character_chosen":"THE_SILENT","items_purchased":["Molten Egg 2","Unload","Singing Bowl","Finisher"],"gold_per_floor":[369,334,334,2,18,18,44,44,124,136,136,165,176,28,28,101,101,101,101,67,67,37,37],"floor_reached":23,"campfire_rested":1,"playtime":946,"current_hp_per_floor":[32,49,35,35,35,35,14,50,50,50,50,45,45,45,45,22,58,52,36,36,36,29,0],"items_purged":[],"gold":37,"score":325,"play_id":"8b8e696e-0f90-46c1-89bc-272e5cb7d756","local_time":"20180404111618","is_prod":false,"is_daily":false,"is_ascension_mode":true,"campfire_upgraded":3,"timestamp":1522854978,"path_taken":["M","?","?","$","M","R","E","R","T","M","R","E","M","$","R","BOSS","M","?","$","?","M","E"],"build_version":"2018-03-29v2","purchased_purges":1,"victory":false,"master_deck":["Defend_G","Defend_G+1","Defend_G","Defend_G","Defend_G","Strike_G+1","Strike_G","Strike_G","Strike_G","Strike_G","Survivor","Neutralize","AscendersBane","Terror+1","Unload+1","Sucker Punch+1","Expertise+1","Reflex+1","Storm of Steel","Underhanded Strike+1","Doppelganger","Prepared+1","Finisher+1","Sucker Punch+1"],"max_hp_per_floor":[70,70,70,70,70,70,70,70,70,70,70,70,70,70,70,70,70,70,70,70,70,70,70],"relics":["Ring of the Snake","Molten Egg 2","Regal Pillow","Ornamental Fan","Gambling Chip","Singing Bowl","Ectoplasm","Nilry\u0027s Codex"],"card_choices":[{"not_picked":["Slice","PiercingWail"],"picked":"Terror","floor":1},{"not_picked":["Poisoned Stab","Bane"],"picked":"Sucker Punch","floor":5},{"not_picked":["Masterful Stab","Slice"],"picked":"Expertise","floor":7},{"not_picked":["Prepared","Backflip"],"picked":"Reflex","floor":10},{"not_picked":["Cloak And Dagger","PiercingWail"],"picked":"Storm of Steel","floor":12},{"not_picked":["Poisoned Stab","Dodge and Roll"],"picked":"Underhanded Strike","floor":13},{"not_picked":["Night Terror","Storm of Steel"],"picked":"Doppelganger","floor":16},{"not_picked":["Noxious Fumes","Outmaneuver"],"picked":"Prepared","floor":18},{"not_picked":["Bane","Cloak And Dagger"],"picked":"Sucker Punch","floor":22}],"player_experience":664748,"potions_floor_usage":[12,16,16,23,23],"damage_taken":[{"damage":0,"enemies":"Small Slimes","floor":1,"turns":4},{"damage":0,"enemies":"2 Louse","floor":5,"turns":2},{"damage":21,"enemies":"Gremlin Nob","floor":7,"turns":4},{"damage":0,"enemies":"Cultist","floor":10,"turns":3},{"damage":5,"enemies":"Lagavulin","floor":12,"turns":5},{"damage":0,"enemies":"Exordium Wildlife","floor":13,"turns":2},{"damage":23,"enemies":"Slime Boss","floor":16,"turns":7},{"damage":6,"enemies":"Spheric Guardian","floor":18,"turns":4},{"damage":7,"enemies":"2 Thieves","floor":22,"turns":3},{"damage":41,"enemies":"Gremlin Leader","floor":23,"turns":6}],"event_choices":[{"event_name":"The Cleric","player_choice":"Healed","floor":2,"damage_taken":0},{"event_name":"Shining Light","player_choice":"Entered Light","floor":3,"damage_taken":0},{"event_name":"Cursed Tome","player_choice":"Obtained Book","floor":19,"damage_taken":0},{"event_name":"Ghosts","player_choice":"Ignored","floor":21,"damage_taken":0}],"boss_relics":[{"not_picked":["Lizard Tail","Snecko Eye"],"picked":"Ectoplasm"}],"potions_floor_spawned":[7,10,13,18],"seed_played":"2662312678911128732","killed_by":"Gremlin Leader","ascension_level":13,"is_trial":false}