{"gold_per_floor":[117,136,32,50,68,95,95,129,181,196,227,245,245,264,264,335,335,346,346,175,175,195,253,253,263,289,322,336,363,363,389,389,460,460,477,225,243,254,306,306,336,336,384,384,394,394,406,420,420,420,420,420,420,35,35],"floor_reached":55,"playtime":3476,"items_purged":["Strike_R","Shame"],"score":1998,"play_id":"729757ae-2d1d-4a1d-9173-84e913ede38d","local_time":"20190501091132","is_ascension_mode":true,"campfire_choices":[{"data":"Shockwave","floor":7.0,"key":"SMITH"},{"data":"Spot Weakness","floor":13.0,"key":"SMITH"},{"data":"Uppercut","floor":15.0,"key":"SMITH"},{"floor":24.0,"key":"REST"},{"floor":30.0,"key":"REST"},{"floor":32.0,"key":"RECALL"},{"floor":40.0,"key":"REST"},{"floor":42.0,"key":"REST"},{"floor":44.0,"key":"REST"},{"floor":49.0,"key":"REST"},{"floor":53.0,"key":"REST"}],"neow_cost":"NONE","seed_source_timestamp":742588164053492,"circlet_count":0,"master_deck":["AscendersBane","Strike_R+1","Strike_R","Strike_R","Strike_R","Defend_R","Defend_R","Defend_R","Defend_R+1","Bash+1","Cleave","Shockwave+1","Battle Trance","Headbutt","Spot Weakness+1","Shrug It Off+1","Reaper","Impervious","Uppercut+1","Immolate+1","True Grit+1","Clothesline","Barricade","Limit Break+1","Flame Barrier","Feel No Pain","Headbutt+1","Shrug It Off+1","Shrug It Off","Armaments+1"],"special_seed":0,"relics":["Burning Blood","Vajra","Mercury Hourglass","War Paint","Ancient Tea Set","Fusion Hammer","Regal Pillow","Tiny Chest","Orichalcum","Turnip","Whetstone","Potion Belt","Cursed Key","Champion Belt","Smiling Mask","Anchor"],"potions_floor_usage":[55,55,55,55],"damage_taken":[{"damage":8.0,"enemies":"2 Louse","floor":1.0,"turns":2.0},{"damage":1.0,"enemies":"Cultist","floor":2.0,"turns":3.0},{"damage":2.0,"enemies":"Jaw Worm","floor":4.0,"turns":3.0},{"damage":8.0,"enemies":"Lots of Slimes","floor":5.0,"turns":2.0},{"damage":15.0,"enemies":"3 Sentries","floor":6.0,"turns":4.0},{"damage":10.0,"enemies":"Gremlin Nob","floor":8.0,"turns":3.0},{"damage":8.0,"enemies":"Exordium Thugs","floor":10.0,"turns":4.0},{"damage":30.0,"enemies":"3 Sentries","floor":11.0,"turns":5.0},{"damage":9.0,"enemies":"Large Slime","floor":12.0,"turns":4.0},{"damage":0.0,"enemies":"3 Louse","floor":14.0,"turns":2.0},{"damage":14.0,"enemies":"The Guardian","floor":16.0,"turns":11.0},{"damage":18.0,"enemies":"Spheric Guardian","floor":18.0,"turns":4.0},{"damage":19.0,"enemies":"2 Thieves","floor":22.0,"turns":3.0},{"damage":33.0,"enemies":"Book of Stabbing","floor":23.0,"turns":5.0},{"damage":20.0,"enemies":"Cultist and Chosen","floor":25.0,"turns":5.0},{"damage":0.0,"enemies":"Gremlin Leader","floor":27.0,"turns":5.0},{"damage":32.0,"enemies":"Sentry and Sphere","floor":28.0,"turns":6.0},{"damage":22.0,"enemies":"Book of Stabbing","floor":29.0,"turns":4.0},{"damage":8.0,"enemies":"Slavers","floor":31.0,"turns":4.0},{"damage":52.0,"enemies":"Automaton","floor":33.0,"turns":12.0},{"damage":21.0,"enemies":"3 Darklings","floor":35.0,"turns":5.0},{"damage":2.0,"enemies":"3 Shapes","floor":37.0,"turns":2.0},{"damage":45.0,"enemies":"Spire Growth","floor":38.0,"turns":5.0},{"damage":23.0,"enemies":"2 Orb Walkers","floor":39.0,"turns":3.0},{"damage":60.0,"enemies":"Reptomancer","floor":41.0,"turns":5.0},{"damage":0.0,"enemies":"Maw","floor":45.0,"turns":7.0},{"damage":0.0,"enemies":"3 Darklings","floor":47.0,"turns":3.0},{"damage":16.0,"enemies":"Jaw Worm Horde","floor":48.0,"turns":4.0},{"damage":90.0,"enemies":"Donu and Deca","floor":50.0,"turns":8.0},{"damage":50.0,"enemies":"Awakened One","floor":51.0,"turns":10.0},{"damage":146,"enemies":"Shield and Spear","floor":55,"turns":6}],"seed_played":"6657010630486337290","potions_obtained":[{"floor":4.0,"key":"Fire Potion"},{"floor":6.0,"key":"AttackPotion"},{"floor":8.0,"key":"FearPotion"},{"floor":14.0,"key":"Swift Potion"},{"floor":28.0,"key":"Dexterity Potion"},{"floor":29.0,"key":"EntropicBrew"},{"floor":31.0,"key":"FearPotion"},{"floor":33.0,"key":"Weak Potion"},{"floor":39.0,"key":"Block Potion"},{"floor":41.0,"key":"PowerPotion"},{"floor":45.0,"key":"SkillPotion"},{"floor":48.0,"key":"Regen Potion"}],"is_trial":false,"path_per_floor":["M","M","$","M","M","E","R","E","T","M","E","M","R","M","R","B",null,"M","?","$","?","M","E","R","M","T","E","M","E","R","E","R","B",null,"M","$","M","M","?","R","E","R","T","R","M","?","M","M","R","B","B",null,"R","$","E"],"character_chosen":"IRONCLAD","items_purchased":["Battle Trance","Headbutt","Regal Pillow","Flame Barrier","Feel No Pain","SpeedPotion","EntropicBrew","Fire Potion","Anchor"],"campfire_rested":7,"item_purchase_floors":[3,3,20,36,36,36,54,54,54],"current_hp_per_floor":[66,71,71,75,73,64,64,60,60,73,65,67,67,73,73,75,75,63,63,63,63,64,37,74,61,61,75,49,33,70,68,68,44,67,60,60,75,53,58,75,21,58,58,75,75,75,75,75,75,41,31,64,75,75,0],"gold":35,"neow_bonus":"UPGRADE_CARD","is_prod":false,"is_daily":false,"chose_seed":false,"campfire_upgraded":3,"win_rate":0,"timestamp":1556716292,"path_taken":["M","M","$","M","M","E","R","E","T","M","E","M","R","M","R","BOSS","M","?","$","?","?","E","R","?","T","E","M","E","R","E","R","BOSS","M","$","M","M","?","R","E","R","T","R","M","?","M","M","R","BOSS","BOSS","R","$","E"],"build_version":"2019-01-23","purchased_purges":2,"victory":false,"max_hp_per_floor":[75,75,75,75,75,75,75,75,75,75,75,75,75,75,75,75,75,75,75,75,75,75,75,75,75,75,75,75,75,75,75,75,75,75,75,75,75,75,75,75,75,75,75,75,75,75,75,75,75,75,75,75,75,75,75],"card_choices":[{"not_picked":["Perfected Strike","Dropkick"],"picked":"Cleave","floor":1.0},{"not_picked":["Clash","Rampage"],"picked":"Shockwave","floor":2.0},{"not_picked":["Twin Strike","Flex","Sword Boomerang"],"picked":"SKIP","floor":4.0},{"not_picked":["Body Slam","Pommel Strike"],"picked":"Spot Weakness","floor":5.0},{"not_picked":["Entrench","Perfected Strike"],"picked":"Shrug It Off","floor":6.0},{"not_picked":["Twin Strike","Heavy Blade"],"picked":"Reaper","floor":8.0},{"not_picked":["Sword Boomerang","Ghostly Armor","Dual Wield"],"picked":"SKIP","floor":10.0},{"not_picked":["Clash","Armaments"],"picked":"Impervious","floor":11.0},{"not_picked":["Power Through","Cleave","Body Slam"],"picked":"SKIP","floor":12.0},{"not_picked":["Dual Wield","Havoc"],"picked":"Uppercut","floor":14.0},{"not_picked":["Juggernaut","Reaper"],"picked":"Immolate","floor":16.0},{"not_picked":["True Grit","Clothesline","Carnage"],"picked":"SKIP","floor":18.0},{"not_picked":["Body Slam","Thunderclap","Reckless Charge"],"picked":"SKIP","floor":22.0},{"not_picked":["Battle Trance","Dark Embrace"],"picked":"True Grit+1","floor":23.0},{"not_picked":["Iron Wave","Hemokinesis","Searing Blow"],"picked":"SKIP","floor":25.0},{"not_picked":["Headbutt","Clash","Barricade"],"picked":"SKIP","floor":27.0},{"not_picked":["Headbutt","Clash","Barricade"],"picked":"SKIP","floor":27.0},{"not_picked":["Fire Breathing","Iron Wave","Armaments"],"picked":"SKIP","floor":28.0},{"not_picked":["Power Through","Anger"],"picked":"Clothesline","floor":29.0},{"not_picked":["Double Tap","Sever Soul"],"picked":"Barricade","floor":31.0},{"not_picked":["Impervious","Dark Embrace"],"picked":"Limit Break","floor":33.0},{"not_picked":["Flex","Clash","Rupture"],"picked":"SKIP","floor":35.0},{"not_picked":["Headbutt+1","Flex","Blood for Blood+1"],"picked":"SKIP","floor":37.0},{"not_picked":["Flex","Blood for Blood+1"],"picked":"Headbutt+1","floor":37.0},{"not_picked":["Sentinel+1","Anger+1","Warcry"],"picked":"SKIP","floor":38.0},{"not_picked":["Cleave","Entrench"],"picked":"Shrug It Off+1","floor":39.0},{"not_picked":["Warcry","Metallicize","Sentinel"],"picked":"SKIP","floor":41.0},{"not_picked":["Bludgeon","Seeing Red","Sever Soul"],"picked":"SKIP","floor":45.0},{"not_picked":["Warcry","Flex"],"picked":"Shrug It Off","floor":47.0},{"not_picked":["Seeing Red+1","Clothesline"],"picked":"Armaments+1","floor":48.0}],"player_experience":2196682,"relics_obtained":[{"floor":6.0,"key":"Vajra"},{"floor":8.0,"key":"Mercury Hourglass"},{"floor":9.0,"key":"War Paint"},{"floor":11.0,"key":"Ancient Tea Set"},{"floor":23.0,"key":"Tiny Chest"},{"floor":26.0,"key":"Orichalcum"},{"floor":27.0,"key":"Turnip"},{"floor":29.0,"key":"Whetstone"},{"floor":31.0,"key":"Potion Belt"},{"floor":39.0,"key":"Champion Belt"},{"floor":41.0,"key":"Smiling Mask"}],"event_choices":[{"damage_healed":0.0,"max_hp_gain":0.0,"max_hp_loss":0.0,"gold_gain":0.0,"event_name":"Ghosts","player_choice":"Ignored","floor":19.0,"gold_loss":0.0,"damage_taken":0.0},{"damage_healed":0.0,"max_hp_gain":0.0,"max_hp_loss":0.0,"gold_gain":0.0,"event_name":"N\u0027loth","player_choice":"Ignored","floor":21.0,"gold_loss":0.0,"damage_taken":0.0},{"damage_healed":0.0,"max_hp_gain":0.0,"max_hp_loss":0.0,"gold_gain":0.0,"event_name":"Mysterious Sphere","player_choice":"Fight","floor":39.0,"gold_loss":0.0,"damage_taken":0.0},{"damage_healed":0.0,"max_hp_gain":0.0,"max_hp_loss":0.0,"gold_gain":0.0,"event_name":"Accursed Blacksmith","player_choice":"Forge","floor":46.0,"gold_loss":0.0,"damage_taken":0.0,"cards_upgraded":["Limit Break"]}],"is_beta":false,"boss_relics":[{"not_picked":["Black Blood","Astrolabe"],"picked":"Fusion Hammer"},{"not_picked":["Sozu","Runic Dome"],"picked":"Cursed Key"}],"items_purged_floors":[36,54],"is_endless":false,"potions_floor_spawned":[4,6,8,14,28,29,31,33,39,41,45,47,48],"killed_by":"Shield and Spear","ascension_level":20}