{"gold_per_floor":[363,288,288,5,16,16,16,16,88,88,163,190,207,29,29,100,100,118,135,92,3,3,20,55,55,55,55,55,55,71,86,86,158,158,170,24,24,44,44,44,58,87,113,113,113,128,140,140,140,140],"floor_reached":51,"playtime":2366,"items_purged":["Strike_G","Writhe"],"score":1340,"play_id":"dc4fa363-6eb3-41a0-bb41-0662a9d154ec","local_time":"20180818113742","is_ascension_mode":true,"campfire_choices":[{"data":"Neutralize","floor":6.0,"key":"SMITH"},{"data":"Poisoned Stab","floor":8.0,"key":"SMITH"},{"data":"Leg Sweep","floor":15.0,"key":"SMITH"},{"data":"Footwork","floor":25,"key":"SMITH"},{"data":"Malaise","floor":28,"key":"SMITH"},{"data":"Noxious Fumes","floor":32,"key":"SMITH"},{"data":"Cloak And Dagger","floor":40,"key":"SMITH"},{"data":"A Thousand Cuts","floor":44,"key":"SMITH"},{"data":"Footwork","floor":49,"key":"SMITH"}],"neow_cost":"TEN_PERCENT_HP_LOSS","seed_source_timestamp":263871222868299,"circlet_count":0,"master_deck":["Defend_G","Defend_G","Defend_G","Defend_G+1","Defend_G","Strike_G","Strike_G","Survivor","Neutralize+1","AscendersBane","Backstab","Poisoned Stab+1","Backflip+1","Leg Sweep+1","Dash","Malaise+1","Dodge and Roll","Cloak And Dagger+1","Dodge and Roll","Infinite Blades","Leg Sweep","Necronomicurse","Footwork+1","Dash","Noxious Fumes+1","After Image","A Thousand Cuts","Dash","After Image","Dodge and Roll+1","Distraction+1","A Thousand Cuts+1","Noxious Fumes+1","Noxious Fumes+1","Footwork+1"],"special_seed":0,"relics":["Ring of the Snake","Prayer Wheel","Ninja Scroll","Pantograph","Dead Branch","Unceasing Top","War Paint","Sozu","Necronomicon","Centennial Puzzle","Meat on the Bone","Coffee Dripper","Juzu Bracelet","Strawberry"],"potions_floor_usage":[16,16],"damage_taken":[{"damage":7.0,"enemies":"Jaw Worm","floor":1.0,"turns":7.0},{"damage":0.0,"enemies":"2 Louse","floor":5.0,"turns":2.0},{"damage":0.0,"enemies":"3 Sentries","floor":12.0,"turns":4.0},{"damage":0.0,"enemies":"Small Slimes","floor":13.0,"turns":2.0},{"damage":26,"enemies":"Slime Boss","floor":16,"turns":14},{"damage":0,"enemies":"Chosen","floor":18,"turns":7},{"damage":1,"enemies":"2 Thieves","floor":19,"turns":4},{"damage":0,"enemies":"Centurion and Healer","floor":23,"turns":10},{"damage":4,"enemies":"Book of Stabbing","floor":24,"turns":7},{"damage":7,"enemies":"Cultist and Chosen","floor":30,"turns":6},{"damage":13,"enemies":"Snecko","floor":31,"turns":8},{"damage":16,"enemies":"Collector","floor":33,"turns":11},{"damage":1,"enemies":"3 Darklings","floor":35,"turns":5},{"damage":8,"enemies":"Flame Bruiser 1 Orb","floor":38,"turns":7},{"damage":24,"enemies":"Spire Growth","floor":41,"turns":6},{"damage":7,"enemies":"Nemesis","floor":42,"turns":10},{"damage":0,"enemies":"Sphere and 2 Shapes","floor":46,"turns":3},{"damage":27,"enemies":"3 Darklings","floor":47,"turns":4},{"damage":27,"enemies":"Awakened One","floor":50,"turns":15}],"seed_played":"-5546822351185142887","potions_obtained":[{"floor":1.0,"key":"Strength Potion"},{"floor":12.0,"key":"AttackPotion"}],"is_trial":false,"path_per_floor":["M","$","?","$","M","R","?","R","T","T","?","E","M","$","R","B",null,"M","M","$","$","?","M","E","R","T","?","R","?","M","M","R","B",null,"M","$","?","M","?","R","M","E","T","R","?","M","M","?","R","B"],"character_chosen":"THE_SILENT","items_purchased":["Ninja Scroll","War Paint","Infinite Blades","Leg Sweep","Dash"],"campfire_rested":0,"item_purchase_floors":[4,14,20,21,36],"current_hp_per_floor":[52,52,34,34,34,34,34,34,34,34,23,23,23,23,23,22,51,51,50,50,50,29,29,25,25,25,25,25,25,30,29,29,38,55,54,54,54,46,46,46,34,39,46,46,46,46,31,31,31,41],"gold":140,"neow_bonus":"TWO_FIFTY_GOLD","is_prod":false,"is_daily":false,"chose_seed":false,"campfire_upgraded":9,"win_rate":0,"timestamp":1534617462,"path_taken":["M","$","?","$","M","R","?","R","T","?","?","E","M","$","R","BOSS","M","M","?","$","?","M","E","R","T","?","R","?","M","M","R","BOSS","M","$","?","M","?","R","M","E","T","R","?","M","M","?","R","BOSS"],"build_version":"2018-08-16","purchased_purges":2,"victory":true,"max_hp_per_floor":[60,60,60,60,60,60,60,60,60,60,60,60,60,60,60,60,60,60,60,60,60,60,60,60,60,60,60,60,60,60,60,60,60,60,60,60,60,60,60,60,60,60,67,67,67,67,67,67,67,67],"card_choices":[{"not_picked":["Outmaneuver","Dagger Spray"],"picked":"Backstab","floor":1.0},{"not_picked":["PiercingWail","Expertise"],"picked":"Poisoned Stab","floor":5.0},{"not_picked":["Blade Dance","Acrobatics"],"picked":"Backflip","floor":5.0},{"not_picked":["Catalyst","Underhanded Strike"],"picked":"Leg Sweep","floor":12.0},{"not_picked":["Choke","Underhanded Strike"],"picked":"Dash","floor":13.0},{"not_picked":["Heel Hook","Slice","Prepared"],"picked":"SKIP","floor":13.0},{"not_picked":["Tools of the Trade","Storm of Steel"],"picked":"Malaise","floor":16},{"not_picked":["Catalyst","All Out Attack+1"],"picked":"Dodge and Roll","floor":18},{"not_picked":["Escape Plan","Accuracy"],"picked":"Cloak And Dagger","floor":18},{"not_picked":["Blur","Prepared"],"picked":"Dodge and Roll","floor":19},{"not_picked":["Masterful Stab","Flying Knee","Acrobatics"],"picked":"SKIP","floor":19},{"not_picked":["Deflect+1","Sucker Punch"],"picked":"Footwork","floor":23},{"not_picked":["Bouncing Flask","Dagger Throw+1"],"picked":"Dash","floor":23},{"not_picked":["Venomology","Finisher","Prepared"],"picked":"SKIP","floor":24},{"not_picked":["Poisoned Stab","Dagger Spray","Infinite Blades"],"picked":"SKIP","floor":30},{"not_picked":["Outmaneuver+1","Terror","Deflect"],"picked":"SKIP","floor":30},{"not_picked":["Underhanded Strike","Cloak And Dagger"],"picked":"Noxious Fumes","floor":31},{"not_picked":["Flying Knee","Deadly Poison"],"picked":"After Image","floor":31},{"not_picked":["Storm of Steel","Corpse Explosion"],"picked":"A Thousand Cuts","floor":33},{"not_picked":["Catalyst","Terror+1","Sucker Punch"],"picked":"SKIP","floor":35},{"not_picked":["Blade Dance","Flechettes+1","Outmaneuver"],"picked":"SKIP","floor":35},{"not_picked":["Underhanded Strike","Prepared"],"picked":"Dodge and Roll+1","floor":38},{"not_picked":["Dagger Throw","Prepared+1","Dodge and Roll"],"picked":"SKIP","floor":38},{"not_picked":["Dagger Spray","Wraith Form v2"],"picked":"Distraction+1","floor":41},{"not_picked":["Deflect","Bane","PiercingWail"],"picked":"SKIP","floor":41},{"not_picked":["Escape Plan","PiercingWail"],"picked":"A Thousand Cuts","floor":42},{"not_picked":["PiercingWail+1","Acrobatics+1"],"picked":"Noxious Fumes+1","floor":46},{"not_picked":["Tactician+1","Terror+1"],"picked":"Noxious Fumes+1","floor":46},{"not_picked":["PiercingWail","Dodge and Roll"],"picked":"Footwork","floor":47},{"not_picked":["Acrobatics","Dagger Spray+1","Prepared"],"picked":"SKIP","floor":47}],"player_experience":892109,"relics_obtained":[{"floor":9.0,"key":"Pantograph"},{"floor":10.0,"key":"Dead Branch"},{"floor":12.0,"key":"Unceasing Top"},{"floor":22,"key":"Necronomicon"},{"floor":24,"key":"Centennial Puzzle"},{"floor":26,"key":"Meat on the Bone"},{"floor":42,"key":"Juzu Bracelet"},{"floor":43,"key":"Strawberry"}],"event_choices":[{"event_name":"Scrap Ooze","player_choice":"success","floor":3.0,"damage_taken":18.0},{"event_name":"Dead Adventurer","player_choice":"Searched \u00270\u0027 times","floor":7.0,"damage_taken":0.0},{"event_name":"World of Goop","player_choice":"Gather Gold","floor":11.0,"damage_taken":0.0},{"event_name":"Cursed Tome","player_choice":"Obtained Book","floor":22,"damage_taken":0},{"event_name":"Beggar","player_choice":"Ignored","floor":27,"damage_taken":0},{"event_name":"Match and Keep!","player_choice":"1 cards matched","floor":29,"damage_taken":0},{"event_name":"Duplicator","player_choice":"One dupe","floor":37,"damage_taken":0},{"event_name":"Mysterious Sphere","player_choice":"Ignore","floor":39,"damage_taken":0},{"event_name":"Purifier","player_choice":"One Purge","floor":45,"damage_taken":0},{"event_name":"Falling","player_choice":"Removed Attack","floor":48,"damage_taken":0}],"is_beta":true,"boss_relics":[{"not_picked":["Eternal Feather","WristBlade"],"picked":"Sozu"},{"not_picked":["HoveringKite","Cursed Key"],"picked":"Coffee Dripper"}],"items_purged_floors":[2,36],"is_endless":false,"potions_floor_spawned":[1,12,18,24,33,35,38,46],"ascension_level":18}