{"path_per_floor":["M","M","M","$","?","R","M","R","T","E","R","?","M","$","R","B",null,"M","?","M","$","?","R","M","E","T","E","?","M","$","M","R"],"character_chosen":"THE_SILENT","items_purchased":["Omamori","Regen Potion","Footwork"],"gold_per_floor":[115,135,150,7,7,7,20,20,20,51,51,51,63,14,14,88,88,105,85,97,22,22,22,34,67,67,100,100,117,46,66,66,66],"floor_reached":33,"campfire_rested":1,"playtime":1571,"current_hp_per_floor":[63,63,56,56,56,56,56,56,56,31,31,20,20,20,20,16,58,47,47,53,53,53,53,39,32,32,11,11,7,7,3,24,0],"items_purged":["Strike_G"],"gold":66,"score":499,"play_id":"205cabe0-1b21-4031-8abd-5e977fbf2173","local_time":"20180504144724","is_prod":false,"is_daily":false,"chose_seed":false,"is_ascension_mode":true,"campfire_upgraded":5,"timestamp":1525459644,"path_taken":["M","M","M","$","?","R","M","R","T","E","R","?","M","?","R","BOSS","M","?","M","$","?","R","?","E","T","E","?","M","$","?","R","BOSS"],"build_version":"2018-05-03","seed_source_timestamp":57680862830371,"purchased_purges":2,"victory":false,"master_deck":["Defend_G","Defend_G","Defend_G","Defend_G","Survivor","Neutralize+1","AscendersBane","Skewer+1","Flying Knee","Predator+1","Well Laid Plans","Backstab+1","Doppelganger","Bullet Time+1","Tools of the Trade+1","Tactician+1","Caltrops+1","Caltrops+1","Setup+1","Infinite Blades+1","Footwork+1"],"max_hp_per_floor":[72,72,72,72,72,72,72,72,72,72,72,72,72,72,72,72,72,72,72,72,72,72,72,72,72,72,72,72,72,72,72,72,72],"relics":["Ring of the Snake","Omamori","Tough Bandages","Centennial Puzzle","Mercury Hourglass","Astrolabe","Frozen Egg 2","Bottled Lightning","Blood Vial"],"card_choices":[{"not_picked":["Dodge and Roll","All Out Attack"],"picked":"Skewer","floor":1},{"not_picked":["Concentrate","Blade Dance"],"picked":"Flying Knee","floor":2},{"not_picked":["Well Laid Plans","Backflip"],"picked":"Predator","floor":3},{"not_picked":["Flying Knee","Choke"],"picked":"Well Laid Plans","floor":7},{"not_picked":["Underhanded Strike","Malaise"],"picked":"Backstab","floor":10},{"not_picked":["Night Terror","Tools of the Trade"],"picked":"Doppelganger","floor":16},{"not_picked":["Deadly Poison","Setup"],"picked":"Caltrops","floor":18},{"not_picked":["Poisoned Stab","Infinite Blades"],"picked":"Caltrops","floor":20},{"not_picked":["Acrobatics","Bouncing Flask"],"picked":"Setup","floor":24},{"not_picked":["Flechettes","Blade Dance"],"picked":"Infinite Blades","floor":25}],"player_experience":918951,"potions_floor_usage":[16,16,16,20,33,33,33],"damage_taken":[{"damage":2,"enemies":"Jaw Worm","floor":1,"turns":5},{"damage":0,"enemies":"Cultist","floor":2,"turns":3},{"damage":7,"enemies":"Small Slimes","floor":3,"turns":4},{"damage":0,"enemies":"Exordium Wildlife","floor":7,"turns":3},{"damage":25,"enemies":"Lagavulin","floor":10,"turns":6},{"damage":0,"enemies":"Blue Slaver","floor":13,"turns":3},{"damage":16,"enemies":"Slime Boss","floor":16,"turns":9},{"damage":11,"enemies":"2 Thieves","floor":18,"turns":3},{"damage":0,"enemies":"3 Byrds","floor":20,"turns":2},{"damage":14,"enemies":"Centurion and Healer","floor":24,"turns":5},{"damage":7,"enemies":"Book of Stabbing","floor":25,"turns":4},{"damage":21,"enemies":"Gremlin Leader","floor":27,"turns":6},{"damage":6,"enemies":"Snake Plant","floor":29,"turns":3},{"damage":6,"enemies":"Cultist and Chosen","floor":31,"turns":5},{"damage":40,"enemies":"Champ","floor":33,"turns":8}],"event_choices":[{"event_name":"Purifier","player_choice":"One Purge","floor":5,"damage_taken":0},{"event_name":"Scrap Ooze","player_choice":"success","floor":12,"damage_taken":11},{"event_name":"The Woman in Blue","player_choice":"Bought 1 Potion","floor":19,"damage_taken":0},{"event_name":"Back to Basics","player_choice":"Elegance","floor":22,"damage_taken":0},{"event_name":"Cursed Tome","player_choice":"Ignored","floor":28,"damage_taken":0}],"boss_relics":[{"not_picked":["Cursed Key","Runic Dome"],"picked":"Astrolabe"}],"potions_floor_spawned":[1,10,16,20,24,27],"seed_played":"2964076286435321100","killed_by":"Champ","ascension_level":15,"is_trial":false}