{"gold_per_floor":[111,128,21,37,52,52,109,109,109,138,138,157,190,205,205,205],"floor_reached":16,"playtime":719,"items_purged":[],"score":244,"play_id":"ae82eedf-a3c8-4e0d-a99b-bd06bad40872","local_time":"20190403012205","is_ascension_mode":true,"campfire_choices":[{"data":"Zap","floor":6,"key":"SMITH"},{"floor":8,"key":"REST"},{"floor":11,"key":"REST"},{"data":"Hologram","floor":15,"key":"SMITH"}],"neow_cost":"NONE","seed_source_timestamp":140688625852247,"circlet_count":0,"master_deck":["AscendersBane","Strike_B","Strike_B","Strike_B","Strike_B","Defend_B","Defend_B","Defend_B","Defend_B","Zap+1","Dualcast","All For One","Go for the Eyes","Capacitor","Streamline","Hologram+1","Ball Lightning","Go for the Eyes","Coolheaded"],"relics":["Cracked Core","Tiny Chest","Oddly Smooth Stone","Singing Bowl","Du-Vu Doll"],"potions_floor_usage":[5,7,13,14],"damage_taken":[{"damage":6,"enemies":"Cultist","floor":1,"turns":3},{"damage":4,"enemies":"Jaw Worm","floor":2,"turns":2},{"damage":3,"enemies":"2 Louse","floor":4,"turns":2},{"damage":4,"enemies":"Blue Slaver","floor":5,"turns":3},{"damage":35,"enemies":"3 Sentries","floor":7,"turns":6},{"damage":15,"enemies":"Lagavulin","floor":10,"turns":6},{"damage":4,"enemies":"Red Slaver","floor":12,"turns":4},{"damage":7,"enemies":"Gremlin Nob","floor":13,"turns":3},{"damage":8,"enemies":"Lots of Slimes","floor":14,"turns":3},{"damage":31,"enemies":"Hexaghost","floor":16,"turns":9}],"seed_played":"-4804740414959655783","potions_obtained":[{"floor":1,"key":"Dexterity Potion"},{"floor":4,"key":"SpeedPotion"},{"floor":7,"key":"Fire Potion"},{"floor":12,"key":"SteroidPotion"}],"is_trial":false,"path_per_floor":["M","M","$","M","M","R","E","R","T","E","R","M","E","M","R","B"],"character_chosen":"DEFECT","items_purchased":["Streamline","Hologram"],"campfire_rested":2,"item_purchase_floors":[3,3],"current_hp_per_floor":[58,54,54,51,47,47,12,33,33,20,41,39,34,28,28,0],"gold":205,"neow_bonus":"ONE_RANDOM_RARE_CARD","is_prod":false,"is_daily":false,"chose_seed":false,"campfire_upgraded":2,"win_rate":0,"timestamp":1554268925,"path_taken":["M","M","$","M","?","R","E","R","T","E","R","M","E","M","R","BOSS"],"build_version":"2019-01-23","purchased_purges":0,"victory":false,"max_hp_per_floor":[71,71,71,71,71,71,71,71,71,73,73,75,77,79,79,79],"card_choices":[{"not_picked":["Loop","Compile Driver"],"picked":"Go for the Eyes","floor":1},{"not_picked":["Tempest","Reinforced Body"],"picked":"Capacitor","floor":2},{"not_picked":["Barrage","Rip and Tear"],"picked":"Ball Lightning","floor":4},{"not_picked":["Leap","Rebound"],"picked":"Go for the Eyes","floor":5},{"not_picked":["Tempest","Barrage"],"picked":"Coolheaded","floor":7},{"not_picked":["Barrage","Coolheaded","Redo"],"picked":"Singing Bowl","floor":10},{"not_picked":["Reinforced Body","Ball Lightning","Sweeping Beam"],"picked":"Singing Bowl","floor":12},{"not_picked":["Coolheaded","Steam Power","Streamline"],"picked":"Singing Bowl","floor":13},{"not_picked":["Compile Driver","Coolheaded","Recycle"],"picked":"Singing Bowl","floor":14}],"player_experience":1547052,"relics_obtained":[{"floor":7,"key":"Tiny Chest"},{"floor":9,"key":"Oddly Smooth Stone"},{"floor":10,"key":"Singing Bowl"},{"floor":13,"key":"Du-Vu Doll"}],"event_choices":[],"is_beta":false,"boss_relics":[],"items_purged_floors":[],"is_endless":false,"potions_floor_spawned":[1,4,7,12],"killed_by":"Hexaghost","ascension_level":20}