{"path_per_floor":["M","M","?","?","M","R","E","R","T","R","E","M","R","M","R","B",null,"M","M","M","M","$","R","E","R","T","M","?","M","R","M","R","B",null,"M","M","?","M","M","R","E","R","T","M","?","M","E","M","R"],"character_chosen":"IRONCLAD","items_purchased":["Bag of Marbles","Mummified Hand"],"gold_per_floor":[115,135,135,193,212,212,239,239,311,311,343,358,358,368,368,470,470,470,470,470,470,78,78,78,78,78,78,48,48,48,48,48,48,48,48,48,0,0,0,0,0,0,0,0,0,0,0,0,0],"floor_reached":50,"campfire_rested":1,"playtime":4070,"current_hp_per_floor":[77,80,80,80,80,80,78,78,78,78,71,77,77,80,80,55,80,80,80,74,77,77,77,39,39,39,33,33,31,31,32,56,14,80,71,72,72,74,70,70,64,64,64,45,37,39,35,29,29],"items_purged":[],"gold":0,"play_id":"c04c0165-1ba0-4b0f-b811-1463a2cf5271","is_prod":false,"is_daily":false,"is_ascension_mode":false,"campfire_upgraded":10,"path_taken":["M","?","?","?","M","R","E","R","T","R","E","M","R","M","R","BOSS","M","M","M","M","$","R","E","R","T","M","?","M","R","M","R","BOSS","M","M","?","M","M","R","E","R","T","?","?","M","E","M","R","BOSS"],"build_version":"2018-02-01-PROD3","purchased_purges":1,"victory":false,"master_deck":["Strike_R","Strike_R","Strike_R","Strike_R","Strike_R","Defend_R+1","Defend_R+1","Defend_R","Defend_R","Bash+1","Uppercut+1","Demon Form+1","Heavy Blade+1","Shrug It Off+1","Evolve+1","Pummel+1","Battle Trance+1","Limit Break+1","Heavy Blade+1","Sword Boomerang+1","Warcry+1","Heavy Blade+1","Offering","Twin Strike+1","Iron Wave+1","Demon Form+1","Inflame+1","Pommel Strike+1","Heavy Blade+1"],"max_hp_per_floor":[80,80,80,80,80,80,80,80,80,80,80,80,80,80,80,80,80,80,80,80,80,80,80,80,80,80,80,80,80,80,80,80,80,80,80,80,80,80,80,80,80,80,80,80,80,80,80,80,80],"relics":["Burning Blood","Mercury Hourglass","Bottled Flame","War Paint","Ectoplasm","Bag of Marbles","Mummified Hand","Charon\u0027s Ashes","Omamori","Runic Dome","Red Mask","Happy Flower","Girya","Frozen Eye","Tiny Chest"],"card_choices":[{"not_picked":["Headbutt","Clothesline"],"picked":"Uppercut"},{"not_picked":["Seeing Red","Cleave"],"picked":"Demon Form"},{"not_picked":["Perfected Strike","Dual Wield"],"picked":"Heavy Blade"},{"not_picked":["Reckless Charge","Second Wind"],"picked":"Shrug It Off"},{"not_picked":["Body Slam","Intimidate"],"picked":"Evolve"},{"not_picked":["Rampage","Warcry"],"picked":"Pummel"},{"not_picked":["Body Slam","Armaments"],"picked":"Battle Trance"},{"not_picked":["Feed","Berserk"],"picked":"Limit Break"},{"not_picked":["Cleave","Twin Strike"],"picked":"Heavy Blade"},{"not_picked":["Perfected Strike","Cleave"],"picked":"Sword Boomerang"},{"not_picked":["Disarm","Anger"],"picked":"Warcry"},{"not_picked":["True Grit","Twin Strike"],"picked":"Heavy Blade"},{"not_picked":["Dark Embrace","Berserk"],"picked":"Offering"},{"not_picked":["Shrug It Off","Armaments"],"picked":"Twin Strike"},{"not_picked":["Perfected Strike","True Grit"],"picked":"Iron Wave"},{"not_picked":["Heavy Blade","Pommel Strike"],"picked":"Demon Form"},{"not_picked":["Clash","Anger"],"picked":"Inflame"},{"not_picked":["Havoc","Clash"],"picked":"Pommel Strike"},{"not_picked":["Twin Strike","Clothesline"],"picked":"Heavy Blade"}],"player_experience":91812,"potions_floor_usage":[7,16,18,18,21,24,29,29,36,36,41,41,45,46,50],"damage_taken":[{"damage":9,"enemies":"Blue Slaver","floor":1,"turns":4},{"damage":3,"enemies":"Small Slimes","floor":2,"turns":3},{"damage":6,"enemies":"Cultist","floor":5,"turns":3},{"damage":8,"enemies":"Lagavulin","floor":7,"turns":4},{"damage":13,"enemies":"3 Sentries","floor":11,"turns":4},{"damage":0,"enemies":"Exordium Wildlife","floor":12,"turns":3},{"damage":0,"enemies":"Red Slaver","floor":14,"turns":3},{"damage":31,"enemies":"Hexaghost","floor":16,"turns":8},{"damage":0,"enemies":"3 Byrds","floor":18,"turns":2},{"damage":6,"enemies":"Spheric Guardian","floor":19,"turns":5},{"damage":12,"enemies":"Snake Plant","floor":20,"turns":4},{"damage":3,"enemies":"3 Cultists","floor":21,"turns":4},{"damage":44,"enemies":"Gremlin Leader","floor":24,"turns":5},{"damage":12,"enemies":"Sentry and Sphere","floor":27,"turns":5},{"damage":17,"enemies":"Centurion and Healer","floor":29,"turns":4},{"damage":5,"enemies":"3 Cultists","floor":31,"turns":4},{"damage":48,"enemies":"Automaton","floor":33,"turns":8},{"damage":15,"enemies":"3 Shapes","floor":35,"turns":5},{"damage":5,"enemies":"3 Darklings","floor":36,"turns":2},{"damage":4,"enemies":"Maw","floor":38,"turns":4},{"damage":10,"enemies":"4 Shapes","floor":39,"turns":4},{"damage":23,"enemies":"Giant Head","floor":41,"turns":6},{"damage":25,"enemies":"3 Darklings","floor":44,"turns":3},{"damage":29,"enemies":"Mysterious Sphere","floor":45,"turns":6},{"damage":4,"enemies":"Sphere and 2 Shapes","floor":46,"turns":4},{"damage":10,"enemies":"Nemesis","floor":47,"turns":4},{"damage":12,"enemies":"Maw","floor":48,"turns":3},{"damage":34,"enemies":"Time Eater","floor":50,"turns":3}],"event_choices":[{"event_name":"Accursed Blacksmith","player_choice":"Forge","floor":3,"damage_taken":0},{"event_name":"Golden Wing","player_choice":"Gained Gold","floor":4,"damage_taken":0},{"event_name":"The Woman in Blue","player_choice":"Bought 2 Potions","floor":28,"damage_taken":0},{"event_name":"Tomb of Lord Red Mask","player_choice":"Paid","floor":37,"damage_taken":0},{"event_name":"Mysterious Sphere","player_choice":"Fight","floor":45,"damage_taken":0}],"boss_relics":[{"not_picked":["Black Blood","Calling Bell"],"picked":"Ectoplasm"},{"not_picked":["Astrolabe","Lizard Tail"],"picked":"Runic Dome"}],"potions_floor_spawned":[2,5,11,14,16,20,27,33,35,38,44,45,46,48],"seed_played":"-5836348863474312200","killed_by":"Time Eater","ascension_level":0,"is_trial":false}