{"path_per_floor":["M","?","M","$","M","R","$","M","T","E","?","R","$","M","R","B",null,"M","M","?","?","M","R","?","R","T","R","M","?","M"],"character_chosen":"DEFECT","items_purchased":["Medical Kit","Defragment"],"gold_per_floor":[116,216,226,25,41,41,41,51,51,76,76,76,4,14,14,109,109,128,146,146,246,265,265,265,265,289,289,300,300,316,316],"floor_reached":31,"campfire_rested":0,"playtime":677,"current_hp_per_floor":[61,61,61,61,57,57,57,49,49,24,52,52,52,43,43,21,69,69,67,67,67,46,54,46,54,54,62,39,39,15,0],"items_purged":[],"gold":316,"score":329,"play_id":"b2e1c57f-8cb1-4223-80cd-85543defd375","local_time":"20180506224912","is_prod":false,"is_daily":false,"chose_seed":false,"is_ascension_mode":true,"campfire_upgraded":6,"timestamp":1525672152,"path_taken":["M","?","?","$","M","R","?","M","T","E","?","R","?","M","R","BOSS","M","M","?","?","M","R","?","R","T","R","?","?","M","M"],"build_version":"2018-05-03","seed_source_timestamp":541554718925996,"purchased_purges":0,"victory":false,"master_deck":["Strike_B+1","Strike_B+1","Strike_B+1","Defend_B+1","Defend_B+1","Defend_B+1","Defend_B+1","Zap+1","Dualcast+1","Barrage","Coolheaded","Defragment+1","FTL","Coolheaded","Defragment+1","Impulse+1","Redo+1","Capacitor+1","Ball Lightning","Hologram+1","Go for the Eyes"],"max_hp_per_floor":[75,75,75,75,75,75,75,75,75,85,85,85,85,85,85,85,85,85,85,85,85,85,85,85,85,85,85,85,85,85,85],"relics":["Cracked Core","Medical Kit","Bottled Flame","Pear","Eternal Feather","War Paint"],"card_choices":[{"not_picked":["Consume","Rip and Tear"],"picked":"Coolheaded","floor":1},{"not_picked":["Rebound","Lockon"],"picked":"Defragment","floor":3},{"not_picked":["Go for the Eyes","Scrape"],"picked":"FTL","floor":5},{"not_picked":["Gash","Axe Kick"],"picked":"Coolheaded","floor":10},{"not_picked":["Coolheaded","Barrage"],"picked":"Impulse","floor":14},{"not_picked":["Meteor Strike","Biased Cognition"],"picked":"Redo","floor":16},{"not_picked":["Chaos","Steam Power"],"picked":"Capacitor","floor":18},{"not_picked":["Stack","Axe Kick"],"picked":"Ball Lightning","floor":19},{"not_picked":["Turbo","Buffer"],"picked":"Hologram","floor":22},{"not_picked":["Turbo","Hologram"],"picked":"Go for the Eyes","floor":30}],"player_experience":582455,"potions_floor_usage":[19,28],"damage_taken":[{"damage":7,"enemies":"Jaw Worm","floor":1,"turns":3},{"damage":0,"enemies":"Cultist","floor":3,"turns":4},{"damage":4,"enemies":"Small Slimes","floor":5,"turns":3},{"damage":8,"enemies":"Blue Slaver","floor":8,"turns":4},{"damage":35,"enemies":"Gremlin Nob","floor":10,"turns":4},{"damage":9,"enemies":"3 Louse","floor":14,"turns":2},{"damage":22,"enemies":"Hexaghost","floor":16,"turns":13},{"damage":0,"enemies":"Spheric Guardian","floor":18,"turns":5},{"damage":2,"enemies":"Chosen","floor":19,"turns":6},{"damage":21,"enemies":"Snake Plant","floor":22,"turns":5},{"damage":23,"enemies":"Slaver and Parasite","floor":28,"turns":5},{"damage":24,"enemies":"Cultist and Chosen","floor":30,"turns":6},{"damage":19,"enemies":"Snake Plant","floor":31,"turns":2}],"event_choices":[{"event_name":"Golden Shrine","player_choice":"Pray","floor":2,"damage_taken":0},{"event_name":"Big Fish","player_choice":"Banana","floor":11,"damage_taken":0},{"event_name":"Back to Basics","player_choice":"Simplicity","floor":20,"damage_taken":0},{"event_name":"Golden Shrine","player_choice":"Pray","floor":21,"damage_taken":0},{"event_name":"Knowing Skull","player_choice":"","floor":24,"damage_taken":0},{"event_name":"Vampires","player_choice":"Ignored","floor":29,"damage_taken":0}],"boss_relics":[{"not_picked":["Black Star","Lizard Tail"],"picked":"Eternal Feather"}],"potions_floor_spawned":[1,10,16,18,30],"seed_played":"7639298464888295067","killed_by":"Snake Plant","ascension_level":8,"is_trial":false}