{"gold_per_floor":[141,2,2,2,18,53,53,66,147,163,163,67,67,90,90,179,179,194,228,17,41,41,41,91,4,27,27,48,72,72,85,85,85],"floor_reached":33,"playtime":1430,"items_purged":[],"score":490,"play_id":"5f6f51a8-0ca3-4b70-a83b-490b25d505f4","local_time":"20190423042640","is_ascension_mode":true,"campfire_choices":[{"data":"Juggernaut","floor":7,"key":"SMITH"},{"data":"Perfected Strike","floor":11,"key":"SMITH"},{"data":"True Grit","floor":13,"key":"SMITH"},{"data":"Dark Embrace","floor":15,"key":"SMITH"},{"floor":23,"key":"REST"},{"data":"Disarm","floor":27,"key":"SMITH"},{"floor":30,"key":"REST"},{"floor":32,"key":"REST"}],"neow_cost":"NONE","seed_source_timestamp":36705221053809,"circlet_count":0,"master_deck":["AscendersBane","Strike_R","Strike_R","Strike_R","Strike_R","Defend_R","Defend_R","Defend_R","Defend_R","Bash","Perfected Strike+1","Inflame","Juggernaut+1","Metallicize","Shockwave","Inflame","Twin Strike","True Grit+1","Shockwave","Dark Embrace+1","Offering","Shrug It Off","Disarm+1","Barricade","Disarm"],"relics":["Burning Blood","Tiny Chest","Golden Idol","Bag of Marbles","Question Card","Velvet Choker","Red Mask","Membership Card","Anchor","Bronze Scales"],"potions_floor_usage":[6,10,16,19,19,33],"damage_taken":[{"damage":6,"enemies":"Cultist","floor":1,"turns":3},{"damage":7,"enemies":"Small Slimes","floor":5,"turns":3},{"damage":21,"enemies":"3 Sentries","floor":6,"turns":8},{"damage":0,"enemies":"2 Louse","floor":8,"turns":2},{"damage":2,"enemies":"Looter","floor":10,"turns":4},{"damage":7,"enemies":"2 Fungi Beasts","floor":14,"turns":3},{"damage":59,"enemies":"Hexaghost","floor":16,"turns":10},{"damage":14,"enemies":"Shell Parasite","floor":18,"turns":4},{"damage":45,"enemies":"Masked Bandits","floor":19,"turns":5},{"damage":2,"enemies":"3 Byrds","floor":21,"turns":5},{"damage":11,"enemies":"3 Cultists","floor":28,"turns":5},{"damage":25,"enemies":"Snecko","floor":29,"turns":6},{"damage":17,"enemies":"Shelled Parasite and Fungi","floor":31,"turns":6},{"damage":59,"enemies":"Champ","floor":33,"turns":15}],"seed_played":"-3165116769674828805","potions_obtained":[{"floor":5,"key":"Block Potion"},{"floor":6,"key":"SpeedPotion"},{"floor":14,"key":"BloodPotion"},{"floor":16,"key":"SpeedPotion"},{"floor":19,"key":"SteroidPotion"},{"floor":21,"key":"Block Potion"}],"is_trial":false,"path_per_floor":["M","$","?","?","M","E","R","M","T","M","R","$","R","M","R","B",null,"M","?","$","M","?","R","?","$","T","R","M","M","R","M","R","B"],"character_chosen":"IRONCLAD","items_purchased":["Inflame","Poison Potion","True Grit","Shockwave","Membership Card","Anchor"],"campfire_rested":3,"item_purchase_floors":[2,2,12,12,20,25],"current_hp_per_floor":[68,68,68,68,67,52,52,58,58,62,62,62,62,61,61,8,53,45,12,12,16,16,36,36,36,36,36,31,12,32,21,41,0],"gold":85,"neow_bonus":"RANDOM_COMMON_RELIC","is_prod":false,"is_daily":false,"chose_seed":false,"campfire_upgraded":5,"win_rate":0,"timestamp":1556008000,"path_taken":["M","?","?","?","?","E","R","M","T","M","R","$","R","M","R","BOSS","M","?","$","M","?","R","?","?","T","R","?","M","R","M","R","BOSS"],"build_version":"2019-01-23","purchased_purges":0,"victory":false,"max_hp_per_floor":[75,75,68,68,68,68,68,68,68,68,68,68,68,68,68,68,68,68,68,68,68,68,68,68,68,68,68,68,68,68,68,68,68],"card_choices":[{"not_picked":["Wild Strike","Armaments"],"picked":"Perfected Strike","floor":1},{"not_picked":["Warcry","Shrug It Off"],"picked":"Metallicize","floor":5},{"not_picked":["Anger","Second Wind"],"picked":"Shockwave","floor":6},{"not_picked":["Perfected Strike","Sever Soul"],"picked":"Inflame","floor":8},{"not_picked":["Heavy Blade","Flex","Clash"],"picked":"Twin Strike","floor":10},{"not_picked":["Heavy Blade","Fire Breathing","Uppercut"],"picked":"Dark Embrace","floor":14},{"not_picked":["Feed","Brutality","Berserk"],"picked":"Offering","floor":16},{"not_picked":["Perfected Strike","Heavy Blade","Dropkick"],"picked":"Shrug It Off","floor":18},{"not_picked":["Havoc","Anger","Battle Trance"],"picked":"Disarm","floor":21},{"not_picked":["Headbutt","Second Wind+1","Iron Wave","Body Slam"],"picked":"SKIP","floor":28},{"not_picked":["Wild Strike","Hemokinesis","Corruption"],"picked":"Barricade","floor":29},{"not_picked":["Pommel Strike","Sword Boomerang","Havoc"],"picked":"Disarm","floor":31}],"player_experience":1884581,"relics_obtained":[{"floor":6,"key":"Bag of Marbles"},{"floor":9,"key":"Question Card"},{"floor":19,"key":"Red Mask"},{"floor":26,"key":"Bronze Scales"}],"event_choices":[{"damage_healed":0,"gold_gain":0,"player_choice":"Lose Max HP","damage_taken":0,"relics_obtained":["Golden Idol"],"max_hp_gain":0,"max_hp_loss":7,"event_name":"Golden Idol","floor":3,"gold_loss":0},{"damage_healed":0,"gold_gain":0,"cards_transformed":["Strike_R"],"player_choice":"Transformed","damage_taken":0,"max_hp_gain":0,"max_hp_loss":0,"event_name":"Transmorgrifier","floor":4,"gold_loss":0,"cards_obtained":["Juggernaut"]},{"damage_healed":0,"gold_gain":0,"player_choice":"Fought Bandits","damage_taken":0,"max_hp_gain":0,"max_hp_loss":0,"event_name":"Masked Bandits","floor":19,"gold_loss":0},{"damage_healed":0,"gold_gain":0,"player_choice":"Ignored","damage_taken":0,"max_hp_gain":0,"max_hp_loss":0,"event_name":"The Mausoleum","floor":22,"gold_loss":0},{"damage_healed":0,"gold_gain":50,"player_choice":"Stole From Cult","damage_taken":0,"max_hp_gain":0,"max_hp_loss":0,"event_name":"Nest","floor":24,"gold_loss":0}],"is_beta":false,"boss_relics":[{"not_picked":["Fusion Hammer","Lizard Tail"],"picked":"Velvet Choker"}],"items_purged_floors":[],"is_endless":false,"potions_floor_spawned":[5,6,14,16,19,21,29,31],"killed_by":"Champ","ascension_level":20}