{"gold_per_floor":[117,192,39,39,39,39,82,101,128,26,39,83,110,124,124,248,248,268,268,122,221,241,270,270,305,305,305,305,324,324,324,324,426,426,440,440,440,286,304,304,338,354,354,354,364,376,376,395,395,395,395,395,36,68,68],"floor_reached":56,"playtime":2592,"items_purged":["Pain"],"score":1270,"play_id":"8c77458f-063b-4ee6-a498-6fdc2e06a392","local_time":"20190210205003","is_ascension_mode":false,"campfire_choices":[{"data":"Doom and Gloom","floor":6.0,"key":"SMITH"},{"floor":15.0,"key":"REST"},{"floor":24.0,"key":"REST"},{"data":"Darkness","floor":27.0,"key":"SMITH"},{"floor":30.0,"key":"RECALL"},{"data":"Consume","floor":32.0,"key":"SMITH"},{"floor":40.0,"key":"REST"},{"floor":44.0,"key":"REST"},{"floor":49.0,"key":"REST"},{"floor":52.0,"key":"REST"}],"neow_cost":"CURSE","seed_source_timestamp":1729610168649302,"circlet_count":0,"master_deck":["Strike_B","Strike_B","Strike_B","Defend_B","Defend_B","Defend_B","Defend_B","Zap+1","Dualcast","Genetic Algorithm","Doom and Gloom+1","Reinforced Body+1","Beam Cell","Darkness+1","Leap","BootSequence","Self Repair","Rainbow","Defragment+1","Conserve Battery","Consume+1","Defragment+1","Lockon+1","Machine Learning","Sweeping Beam+1","Rebound","Cold Snap+1","Biased Cognition","Parasite","Redo+1"],"special_seed":0,"relics":["Cracked Core","Ginger","Juzu Bracelet","Bloody Idol","Anchor","Happy Flower","Bottled Flame","Lizard Tail","Lantern","War Paint","Ancient Tea Set","Emotion Chip","Fusion Hammer","Spirit Poop","Bag of Marbles","Boot","Singing Bowl","Bronze Scales","ClockworkSouvenir","Strawberry"],"potions_floor_usage":[55,55,55],"damage_taken":[{"damage":3.0,"enemies":"Small Slimes","floor":1.0,"turns":2.0},{"damage":23.0,"enemies":"Lagavulin","floor":7.0,"turns":5.0},{"damage":0.0,"enemies":"2 Louse","floor":8.0,"turns":1.0},{"damage":1.0,"enemies":"Jaw Worm","floor":11.0,"turns":2.0},{"damage":18.0,"enemies":"Gremlin Nob","floor":12.0,"turns":4.0},{"damage":0.0,"enemies":"2 Fungi Beasts","floor":14.0,"turns":2.0},{"damage":1.0,"enemies":"Slime Boss","floor":16.0,"turns":6.0},{"damage":29.0,"enemies":"3 Byrds","floor":18.0,"turns":6.0},{"damage":8.0,"enemies":"Spheric Guardian","floor":22.0,"turns":4.0},{"damage":55.0,"enemies":"Gremlin Leader","floor":23.0,"turns":9.0},{"damage":16.0,"enemies":"Slavers","floor":25.0,"turns":6.0},{"damage":12.0,"enemies":"3 Cultists","floor":29.0,"turns":4.0},{"damage":30.0,"enemies":"Champ","floor":33.0,"turns":8.0},{"damage":3.0,"enemies":"3 Shapes","floor":35.0,"turns":6.0},{"damage":9.0,"enemies":"3 Darklings","floor":39.0,"turns":5.0},{"damage":45.0,"enemies":"Giant Head","floor":41.0,"turns":9.0},{"damage":11.0,"enemies":"Sphere and 2 Shapes","floor":42.0,"turns":5.0},{"damage":0.0,"enemies":"4 Shapes","floor":45.0,"turns":1.0},{"damage":5.0,"enemies":"Writhing Mass","floor":46.0,"turns":6.0},{"damage":0.0,"enemies":"Jaw Worm Horde","floor":48.0,"turns":3.0},{"damage":56.0,"enemies":"Time Eater","floor":50.0,"turns":11.0},{"damage":17.0,"enemies":"Shield and Spear","floor":54.0,"turns":6.0},{"damage":115,"enemies":"The Heart","floor":55,"turns":8}],"seed_played":"4504125380623520354","potions_obtained":[{"floor":7.0,"key":"Fire Potion"},{"floor":11.0,"key":"Ancient Potion"},{"floor":14.0,"key":"LiquidBronze"},{"floor":25.0,"key":"Fire Potion"},{"floor":41.0,"key":"GamblersBrew"},{"floor":42.0,"key":"Regen Potion"},{"floor":54.0,"key":"LiquidBronze"}],"is_trial":false,"path_per_floor":["M","?","$","?","?","R","E","M","T","$","M","E","T","M","R","B",null,"M","?","$","?","M","E","R","E","T","R","?","M","R","?","R","B",null,"M","?","?","$","M","R","E","M","T","R","M","M","?","M","R","B",null,"R","$","E","B",null],"character_chosen":"DEFECT","items_purchased":["Doom and Gloom","Beam Cell","Darkness","Lantern","Bag of Marbles","Bronze Scales","ClockworkSouvenir"],"campfire_rested":6,"item_purchase_floors":[3,10,10,20,38,53,53],"current_hp_per_floor":[72,61,61,61,43,43,20,20,20,20,19,1,1,1,23,22,75,53,53,53,58,62,19,41,37,37,37,37,37,37,62,62,44,75,75,75,75,75,71,75,42,36,36,58,65,74,74,81,81,32,81,81,81,76,8],"gold":68,"neow_bonus":"ONE_RARE_RELIC","is_prod":false,"is_daily":false,"chose_seed":false,"campfire_upgraded":3,"win_rate":0,"timestamp":1549849803,"path_taken":["M","?","$","?","?","R","E","M","T","$","M","E","?","M","R","BOSS","M","?","$","?","M","E","R","E","T","R","?","M","R","?","R","BOSS","M","?","?","$","M","R","E","M","T","R","M","M","?","M","R","BOSS","R","$","E","BOSS"],"build_version":"2019-01-23","purchased_purges":1,"victory":true,"max_hp_per_floor":[75,75,75,75,75,75,75,75,75,75,75,75,75,75,75,75,75,75,75,75,75,75,75,75,75,75,75,75,75,75,75,75,75,75,75,75,75,75,75,75,75,75,75,75,77,79,79,81,81,81,81,81,81,88,88],"card_choices":[{"not_picked":["Compile Driver","Consume"],"picked":"Genetic Algorithm","floor":1.0},{"not_picked":["Cold Snap","Rebound"],"picked":"Reinforced Body","floor":7.0},{"not_picked":["Coolheaded","Recycle","Genetic Algorithm"],"picked":"SKIP","floor":8.0},{"not_picked":["Sweeping Beam","Redo"],"picked":"Leap","floor":11.0},{"not_picked":["Stack","Skim"],"picked":"BootSequence","floor":12.0},{"not_picked":["Rebound","Reinforced Body"],"picked":"Self Repair","floor":14.0},{"not_picked":["Electrodynamics","Thunder Strike"],"picked":"Rainbow","floor":16.0},{"not_picked":["Ball Lightning","Blizzard"],"picked":"Defragment+1","floor":18.0},{"not_picked":["Coolheaded","Barrage+1"],"picked":"Conserve Battery","floor":22.0},{"not_picked":["Scrape","Conserve Battery"],"picked":"Consume","floor":23.0},{"not_picked":["Turbo+1","Leap"],"picked":"Defragment+1","floor":25.0},{"not_picked":["Sunder","Gash+1"],"picked":"Lockon+1","floor":29.0},{"not_picked":["Amplify","Core Surge"],"picked":"Machine Learning","floor":33.0},{"not_picked":["Steam+1","Blizzard"],"picked":"Sweeping Beam+1","floor":35.0},{"not_picked":["Sweeping Beam+1","Streamline"],"picked":"Rebound","floor":39.0},{"not_picked":["Double Energy+1","Streamline+1"],"picked":"Cold Snap+1","floor":41.0},{"not_picked":["Rip and Tear+1","Doom and Gloom+1"],"picked":"Biased Cognition","floor":42.0},{"not_picked":["Conserve Battery","Hologram","Compile Driver"],"picked":"Singing Bowl","floor":45.0},{"not_picked":["Redo","Fusion","Go for the Eyes"],"picked":"Singing Bowl","floor":46.0},{"not_picked":["Compile Driver+1","Coolheaded+1","Melter"],"picked":"Singing Bowl","floor":48.0},{"not_picked":["Static Discharge+1","Streamline"],"picked":"Redo+1","floor":54.0}],"player_experience":678567,"relics_obtained":[{"floor":7.0,"key":"Anchor"},{"floor":9.0,"key":"Happy Flower"},{"floor":12.0,"key":"Bottled Flame"},{"floor":23.0,"key":"War Paint"},{"floor":25.0,"key":"Ancient Tea Set"},{"floor":26.0,"key":"Emotion Chip"},{"floor":41.0,"key":"Boot"},{"floor":43.0,"key":"Singing Bowl"},{"floor":54.0,"key":"Strawberry"}],"event_choices":[{"damage_healed":0.0,"max_hp_gain":0.0,"max_hp_loss":0.0,"gold_gain":75.0,"event_name":"World of Goop","player_choice":"Gather Gold","floor":2.0,"gold_loss":0.0,"damage_taken":11.0},{"damage_healed":0.0,"max_hp_gain":0.0,"max_hp_loss":0.0,"gold_gain":0.0,"event_name":"Big Fish","player_choice":"Box","floor":4.0,"gold_loss":0.0,"damage_taken":0.0,"relics_obtained":["Juzu Bracelet"],"cards_obtained":["Regret"]},{"damage_healed":0.0,"max_hp_gain":0.0,"max_hp_loss":0.0,"gold_gain":0.0,"event_name":"Golden Idol","player_choice":"Take Damage","floor":5.0,"gold_loss":0.0,"damage_taken":18.0,"relics_obtained":["Golden Idol"]},{"damage_healed":0.0,"max_hp_gain":0.0,"max_hp_loss":0.0,"gold_gain":0.0,"event_name":"Forgotten Altar","player_choice":"Gave Idol","floor":19.0,"relics_lost":["Golden Idol"],"gold_loss":0.0,"damage_taken":0.0,"relics_obtained":["Bloody Idol"]},{"damage_healed":0.0,"max_hp_gain":0.0,"max_hp_loss":0.0,"gold_gain":99.0,"event_name":"Nest","player_choice":"Stole From Cult","floor":21.0,"gold_loss":0.0,"damage_taken":0.0},{"damage_healed":0.0,"max_hp_gain":0.0,"max_hp_loss":0.0,"gold_gain":0.0,"event_name":"Cursed Tome","player_choice":"Ignored","floor":28.0,"gold_loss":0.0,"damage_taken":0.0},{"damage_healed":25.0,"max_hp_gain":0.0,"max_hp_loss":0.0,"gold_gain":0.0,"event_name":"The Library","player_choice":"Heal","floor":31.0,"gold_loss":0.0,"damage_taken":0.0},{"cards_removed":["Regret"],"damage_healed":0.0,"max_hp_gain":0.0,"max_hp_loss":0.0,"gold_gain":0.0,"event_name":"Bonfire Elementals","player_choice":"Offered Curse","floor":36.0,"gold_loss":0.0,"damage_taken":0.0,"relics_obtained":["Spirit Poop"]},{"cards_removed":["Strike_B"],"damage_healed":0.0,"max_hp_gain":0.0,"max_hp_loss":0.0,"gold_gain":0.0,"event_name":"Falling","player_choice":"Removed Attack","floor":37.0,"gold_loss":0.0,"damage_taken":0.0},{"damage_healed":0.0,"max_hp_gain":0.0,"max_hp_loss":0.0,"gold_gain":0.0,"event_name":"Mysterious Sphere","player_choice":"Ignored","floor":47.0,"gold_loss":0.0,"damage_taken":0.0}],"is_beta":false,"boss_relics":[{"not_picked":["Calling Bell","Ectoplasm"],"picked":"Lizard Tail"},{"not_picked":["Coffee Dripper","Empty Cage"],"picked":"Fusion Hammer"}],"items_purged_floors":[3],"is_endless":false,"potions_floor_spawned":[7,11,14,25,41,42,45,54],"ascension_level":0}