{"gold_per_floor":[213,230,230,249,54,54,124,124,150,200,219,219,240,290,290,290],"floor_reached":16,"playtime":450,"items_purged":[],"score":184,"play_id":"59a9c7b4-423f-4f50-bd44-e25dede6801c","local_time":"20190426000354","is_ascension_mode":true,"campfire_choices":[{"data":"True Grit","floor":6,"key":"SMITH"},{"data":"Bash","floor":8,"key":"SMITH"},{"data":"Heavy Blade","floor":12,"key":"SMITH"},{"data":"Sword Boomerang","floor":15,"key":"SMITH"}],"neow_cost":"NONE","seed_source_timestamp":281139811902765,"circlet_count":0,"master_deck":["AscendersBane","Strike_R","Strike_R","Strike_R","Strike_R","Strike_R","Defend_R","Defend_R","Defend_R","Defend_R","Bash+1","Sword Boomerang+1","Heavy Blade+1","True Grit+1","Feel No Pain","Metallicize","Clothesline"],"relics":["Burning Blood","SsserpentHead","Red Skull","Juzu Bracelet","Golden Idol"],"potions_floor_usage":[16],"damage_taken":[{"damage":9,"enemies":"Jaw Worm","floor":1,"turns":4},{"damage":2,"enemies":"Cultist","floor":2,"turns":4},{"damage":0,"enemies":"2 Louse","floor":4,"turns":3},{"damage":10,"enemies":"2 Fungi Beasts","floor":7,"turns":4},{"damage":13,"enemies":"Exordium Wildlife","floor":11,"turns":4},{"damage":3,"enemies":"Looter","floor":13,"turns":3},{"damage":44,"enemies":"The Guardian","floor":16,"turns":6}],"seed_played":"-2362838340994183173","potions_obtained":[{"floor":2,"key":"BloodPotion"},{"floor":4,"key":"LiquidBronze"},{"floor":7,"key":"LiquidBronze"}],"is_trial":false,"path_per_floor":["M","M","?","M","$","R","M","R","T","?","M","R","M","?","R","B"],"character_chosen":"IRONCLAD","items_purchased":["Feel No Pain","Red Skull"],"campfire_rested":0,"item_purchase_floors":[5,5],"current_hp_per_floor":[65,69,69,75,75,75,71,71,71,45,38,38,41,41,41,0],"gold":290,"neow_bonus":"HUNDRED_GOLD","is_prod":false,"is_daily":false,"chose_seed":false,"campfire_upgraded":4,"win_rate":0,"timestamp":1556251434,"path_taken":["M","M","?","M","?","R","?","R","T","?","M","R","M","?","R","BOSS"],"build_version":"2019-01-23","purchased_purges":0,"victory":false,"max_hp_per_floor":[75,75,75,75,75,75,75,75,75,75,75,75,75,75,75,75],"card_choices":[{"not_picked":["Body Slam","Dual Wield"],"picked":"Sword Boomerang","floor":1},{"not_picked":["Dual Wield","Flex"],"picked":"Heavy Blade","floor":2},{"not_picked":["Iron Wave","Rampage"],"picked":"True Grit","floor":4},{"not_picked":["Ghostly Armor","Perfected Strike"],"picked":"Metallicize","floor":7},{"not_picked":["Headbutt","Reckless Charge","Havoc"],"picked":"SKIP","floor":11},{"not_picked":["Double Tap","Corruption"],"picked":"Clothesline","floor":13}],"player_experience":1934651,"relics_obtained":[{"floor":9,"key":"Juzu Bracelet"}],"event_choices":[{"damage_healed":0,"gold_gain":0,"player_choice":"Trade","damage_taken":0,"relics_obtained":["SsserpentHead"],"max_hp_gain":0,"max_hp_loss":0,"event_name":"FaceTrader","floor":3,"gold_loss":0},{"damage_healed":0,"gold_gain":0,"player_choice":"Take Damage","damage_taken":26,"relics_obtained":["Golden Idol"],"max_hp_gain":0,"max_hp_loss":0,"event_name":"Golden Idol","floor":10,"gold_loss":0},{"damage_healed":0,"gold_gain":0,"player_choice":"Ignored","damage_taken":0,"max_hp_gain":0,"max_hp_loss":0,"event_name":"Liars Game","floor":14,"gold_loss":0}],"is_beta":false,"boss_relics":[],"items_purged_floors":[],"is_endless":false,"potions_floor_spawned":[2,4,7],"killed_by":"The Guardian","ascension_level":20}