{"gold_per_floor":[111,127,137,137,157,157,168,194,194,220,185,216,216,64,64,138,138,157,174,186,186,204,204,204],"floor_reached":24,"playtime":1613,"items_purged":[],"score":413,"play_id":"abb00441-7ac8-46c4-86b1-ed83e05ac95c","local_time":"20190323030712","is_ascension_mode":true,"campfire_choices":[{"data":"Chaos","floor":6,"key":"SMITH"},{"data":"Zap","floor":15,"key":"SMITH"},{"floor":23,"key":"REST"}],"neow_cost":"TEN_PERCENT_HP_LOSS","seed_source_timestamp":522913602357277,"circlet_count":0,"master_deck":["AscendersBane","Strike_B","Strike_B","Strike_B","Strike_B","Defend_B","Defend_B","Defend_B","Defend_B","Zap+1","Dualcast","Echo Form","Cold Snap","Glacier","Blizzard","Zap+1","Chaos+1","Cold Snap","Cold Snap","Meteor Strike","BootSequence","Go for the Eyes","FTL","Seek","Conserve Battery+1","All For One","White Noise","Conserve Battery+1"],"relics":["Cracked Core","Ancient Tea Set","Pocketwatch","Mango","Calipers","Blood Vial","Cursed Key","Nilry\u0027s Codex"],"potions_floor_usage":[7,12,16,22],"damage_taken":[{"damage":0,"enemies":"Cultist","floor":1,"turns":4},{"damage":5,"enemies":"2 Louse","floor":2,"turns":2},{"damage":7,"enemies":"Jaw Worm","floor":3,"turns":4},{"damage":4,"enemies":"Red Slaver","floor":5,"turns":4},{"damage":7,"enemies":"2 Fungi Beasts","floor":7,"turns":3},{"damage":16,"enemies":"3 Sentries","floor":8,"turns":9},{"damage":11,"enemies":"Lagavulin","floor":10,"turns":7},{"damage":0,"enemies":"3 Sentries","floor":12,"turns":5},{"damage":16,"enemies":"The Guardian","floor":16,"turns":11},{"damage":24,"enemies":"3 Byrds","floor":18,"turns":6},{"damage":4,"enemies":"Chosen","floor":19,"turns":4},{"damage":12,"enemies":"Snecko","floor":20,"turns":5},{"damage":0,"enemies":"Chosen and Byrds","floor":22,"turns":6},{"damage":46,"enemies":"Gremlin Leader","floor":24,"turns":3}],"seed_played":"-8830337776633479408","potions_obtained":[{"floor":2,"key":"GamblersBrew"},{"floor":3,"key":"EssenceOfSteel"},{"floor":7,"key":"SteroidPotion"},{"floor":8,"key":"Dexterity Potion"},{"floor":10,"key":"AttackPotion"},{"floor":16,"key":"SpeedPotion"},{"floor":18,"key":"LiquidBronze"},{"floor":22,"key":"Ancient Potion"}],"is_trial":false,"path_per_floor":["M","M","M","?","M","R","M","E","T","E","?","E","?","$","R","B",null,"M","M","M","?","M","R","E"],"character_chosen":"DEFECT","items_purchased":["Blood Vial"],"campfire_rested":1,"item_purchase_floors":[14],"current_hp_per_floor":[64,59,52,52,48,48,41,25,25,28,47,47,47,47,47,33,67,45,43,33,17,19,42,0],"gold":204,"neow_bonus":"THREE_RARE_CARDS","is_prod":false,"is_daily":false,"chose_seed":false,"campfire_upgraded":2,"win_rate":0,"timestamp":1553324832,"path_taken":["M","M","M","?","M","R","?","E","T","E","?","E","?","$","R","BOSS","M","M","M","?","M","R","E"],"build_version":"2019-01-23","purchased_purges":0,"victory":false,"max_hp_per_floor":[64,64,64,64,64,64,64,64,64,78,78,78,78,78,78,78,78,78,78,78,78,78,78,78],"card_choices":[{"not_picked":["Thunder Strike","Hyperbeam"],"picked":"Echo Form","floor":0},{"not_picked":["Gash","Streamline"],"picked":"Cold Snap","floor":1},{"not_picked":["Melter","BootSequence"],"picked":"Glacier","floor":2},{"not_picked":["Redo","Darkness"],"picked":"Blizzard","floor":3},{"not_picked":["Redo","Steam"],"picked":"Cold Snap","floor":5},{"not_picked":["Coolheaded","Rebound"],"picked":"Meteor Strike","floor":7},{"not_picked":["Rebound","Redo"],"picked":"BootSequence","floor":8},{"not_picked":["Beam Cell","Recycle"],"picked":"Go for the Eyes","floor":10},{"not_picked":["Static Discharge","Ball Lightning"],"picked":"FTL","floor":12},{"not_picked":["Amplify","Multi-Cast"],"picked":"Seek","floor":16},{"not_picked":["Turbo","Stack"],"picked":"Conserve Battery+1","floor":18},{"not_picked":["Gash+1","Hologram"],"picked":"All For One","floor":19},{"not_picked":["Streamline","Gash"],"picked":"White Noise","floor":20},{"not_picked":["Hello World","Beam Cell"],"picked":"Conserve Battery+1","floor":22}],"player_experience":1362102,"relics_obtained":[{"floor":8,"key":"Ancient Tea Set"},{"floor":9,"key":"Pocketwatch"},{"floor":10,"key":"Mango"},{"floor":12,"key":"Calipers"},{"floor":21,"key":"Nilry\u0027s Codex"}],"event_choices":[{"damage_healed":0,"gold_gain":0,"player_choice":"3 cards matched","damage_taken":0,"max_hp_gain":0,"max_hp_loss":0,"event_name":"Match and Keep!","floor":4,"gold_loss":0,"cards_obtained":["Zap","Chaos","Cold Snap"]},{"damage_healed":19,"gold_gain":0,"player_choice":"Healed","damage_taken":0,"max_hp_gain":0,"max_hp_loss":0,"event_name":"The Cleric","floor":11,"gold_loss":35},{"damage_healed":0,"gold_gain":0,"player_choice":"Grow","damage_taken":0,"max_hp_gain":0,"max_hp_loss":0,"event_name":"Living Wall","floor":13,"gold_loss":0,"cards_upgraded":["Zap"]},{"damage_healed":0,"gold_gain":0,"player_choice":"Obtained Book","damage_taken":16,"max_hp_gain":0,"max_hp_loss":0,"event_name":"Cursed Tome","floor":21,"gold_loss":0}],"is_beta":false,"boss_relics":[{"not_picked":["White Beast Statue","Pandora\u0027s Box"],"picked":"Cursed Key"}],"items_purged_floors":[],"is_endless":false,"potions_floor_spawned":[2,3,7,8,10,16,18,22],"killed_by":"Gremlin Leader","ascension_level":14}