{"gold_per_floor":[114,128,66,80,98,98,108,124,151,151,171,171,188,188,188,287,287,307,222,2,2,25,25,44,44],"floor_reached":25,"playtime":1188,"items_purged":[],"score":380,"play_id":"b4e16c2a-74d0-412d-9d6d-622ea3efad96","local_time":"20180824203836","is_ascension_mode":true,"campfire_choices":[{"data":"Neutralize","floor":6,"key":"SMITH"},{"data":"Malaise","floor":10,"key":"SMITH"},{"data":"Deadly Poison","floor":12,"key":"SMITH"},{"data":"Dodge and Roll","floor":15,"key":"SMITH"},{"data":"Magnetism","floor":23,"key":"SMITH"}],"neow_cost":"TEN_PERCENT_HP_LOSS","seed_source_timestamp":815986920260235,"circlet_count":0,"master_deck":["Defend_G","Defend_G","Defend_G","Defend_G","Defend_G","Strike_G","Strike_G","Strike_G","Strike_G","Strike_G","Survivor","Neutralize+1","AscendersBane","Quick Slash","Cloak And Dagger","Flying Knee","Poisoned Stab","Backstab","Dagger Spray","Dodge and Roll+1","Backflip","Backflip","Malaise+1","Deadly Poison+1","Cloak And Dagger","Tools of the Trade","Dash","Cloak And Dagger","Magnetism+1","Infinite Blades","Blur+1","Backflip+1"],"relics":["Ring of the Snake","Prayer Wheel","Bag of Marbles","Odd Mushroom","Golden Idol","Philosopher\u0027s Stone","Bird Faced Urn"],"potions_floor_usage":[11,16,25,25],"damage_taken":[{"damage":11,"enemies":"Cultist","floor":1,"turns":5},{"damage":0,"enemies":"Small Slimes","floor":2,"turns":4},{"damage":0,"enemies":"Jaw Worm","floor":4,"turns":5},{"damage":0,"enemies":"3 Louse","floor":5,"turns":3},{"damage":6,"enemies":"Looter","floor":7,"turns":3},{"damage":0,"enemies":"2 Fungi Beasts","floor":8,"turns":3},{"damage":0,"enemies":"The Mushroom Lair","floor":11,"turns":1},{"damage":10,"enemies":"Large Slime","floor":13,"turns":6},{"damage":14,"enemies":"The Guardian","floor":16,"turns":13},{"damage":5,"enemies":"Shell Parasite","floor":18,"turns":8},{"damage":8,"enemies":"Spheric Guardian","floor":22,"turns":4},{"damage":31,"enemies":"Snake Plant","floor":24,"turns":6},{"damage":29,"enemies":"Centurion and Healer","floor":25,"turns":4}],"seed_played":"6701102567941785992","potions_obtained":[{"floor":7,"key":"PowerPotion"},{"floor":8,"key":"AttackPotion"},{"floor":11,"key":"Strength Potion"},{"floor":16,"key":"SkillPotion"},{"floor":18,"key":"Regen Potion"}],"is_trial":false,"path_per_floor":["M","M","$","M","M","R","M","M","T","R","?","R","M","?","R","B",null,"M","?","$","?","M","R","M"],"character_chosen":"THE_SILENT","items_purchased":["Poisoned Stab","Magnetism"],"campfire_rested":0,"item_purchase_floors":[3,20],"current_hp_per_floor":[48,48,48,48,48,48,42,42,42,42,42,42,32,32,32,18,45,40,40,40,40,32,32,7,0],"gold":44,"neow_bonus":"ONE_RARE_RELIC","is_prod":false,"is_daily":false,"chose_seed":false,"campfire_upgraded":5,"win_rate":0,"timestamp":1535168316,"path_taken":["M","?","$","M","M","R","M","M","T","R","?","R","M","?","R","BOSS","M","?","$","?","M","R","M","M"],"build_version":"2018-08-23v2","purchased_purges":0,"victory":false,"max_hp_per_floor":[60,60,60,60,60,60,60,60,60,60,60,60,60,54,54,54,54,54,54,54,54,54,54,54,54],"card_choices":[{"not_picked":["Dodge and Roll","Flying Knee"],"picked":"Quick Slash","floor":1},{"not_picked":["Bane","Dagger Throw"],"picked":"Cloak And Dagger","floor":1},{"not_picked":["Underhanded Strike","Endless Agony"],"picked":"Flying Knee","floor":2},{"not_picked":["Acrobatics","Prepared","Catalyst"],"picked":"SKIP","floor":2},{"not_picked":["Slice","Dodge and Roll"],"picked":"Backstab","floor":4},{"not_picked":["Underhanded Strike","A Thousand Cuts"],"picked":"Dagger Spray","floor":4},{"not_picked":["Acrobatics","Poisoned Stab"],"picked":"Dodge and Roll","floor":5},{"not_picked":["Outmaneuver","Calculated Gamble","Riddle With Holes"],"picked":"SKIP","floor":5},{"not_picked":["Dodge and Roll","Deadly Poison"],"picked":"Backflip","floor":7},{"not_picked":["Predator","Riddle With Holes","Blade Dance"],"picked":"SKIP","floor":7},{"not_picked":["Reflex","Masterful Stab"],"picked":"Backflip","floor":8},{"not_picked":["Prepared","PiercingWail"],"picked":"Malaise","floor":8},{"not_picked":["Outmaneuver","Underhanded Strike"],"picked":"Deadly Poison","floor":11},{"not_picked":["Flying Knee","Dagger Throw"],"picked":"Cloak And Dagger","floor":13},{"not_picked":["Sucker Punch","Riddle With Holes","Predator"],"picked":"SKIP","floor":13},{"not_picked":["Unload","Die Die Die"],"picked":"Tools of the Trade","floor":16},{"not_picked":["Slice+1","PiercingWail"],"picked":"Dash","floor":18},{"not_picked":["Acrobatics","Masterful Stab"],"picked":"Cloak And Dagger","floor":18},{"not_picked":["Heel Hook","Blade Dance"],"picked":"Infinite Blades","floor":22},{"not_picked":["Poisoned Stab","Slice","Predator"],"picked":"SKIP","floor":22},{"not_picked":["Corpse Explosion","Poisoned Stab"],"picked":"Blur+1","floor":24},{"not_picked":["Cloak And Dagger","Dagger Spray"],"picked":"Backflip+1","floor":24}],"player_experience":897752,"relics_obtained":[{"floor":9,"key":"Bag of Marbles"},{"floor":11,"key":"Odd Mushroom"}],"event_choices":[{"event_name":"Mushrooms","player_choice":"Fought Mushrooms","floor":11,"damage_taken":0},{"event_name":"Golden Idol","player_choice":"Lose Max HP","floor":14,"damage_taken":0},{"event_name":"Addict","player_choice":"Obtained Relic","floor":19,"damage_taken":0},{"event_name":"Vampires","player_choice":"Ignored","floor":21,"damage_taken":0}],"is_beta":true,"boss_relics":[{"not_picked":["White Beast Statue","Tiny House"],"picked":"Philosopher\u0027s Stone"}],"items_purged_floors":[],"is_endless":false,"potions_floor_spawned":[7,8,11,13,16,18],"killed_by":"Centurion and Healer","ascension_level":19}