{"path_per_floor":["M","?","?","M","?","E","R","T","T","M","E","R","E","$","R","B",null,"M","$","$","T","?","E","R"],"character_chosen":"THE_SILENT","items_purchased":["Calipers","Energy Potion","Acrobatics","Ancient Tea Set"],"gold_per_floor":[118,118,118,130,130,204,204,259,284,299,332,332,375,15,15,134,134,149,27,27,105,195,233,233],"floor_reached":25,"campfire_rested":1,"playtime":1931,"current_hp_per_floor":[62,62,62,60,60,36,42,42,42,40,32,38,36,36,44,7,70,70,70,70,70,46,9,38],"items_purged":["Normality"],"gold":233,"score":268,"play_id":"8fdaeb82-4746-4bbb-b56f-a07b173f5d27","is_prod":false,"is_daily":false,"is_ascension_mode":true,"campfire_upgraded":3,"path_taken":["M","?","?","M","?","E","R","?","T","M","E","R","E","?","R","BOSS","M","?","$","?","?","E","R","E"],"build_version":"2018-02-08-PROD1","purchased_purges":2,"victory":false,"master_deck":["Defend_G","Defend_G","Defend_G","Defend_G","Defend_G","Strike_G","Strike_G","Strike_G+1","Strike_G","Strike_G","Survivor+1","Neutralize+1","Dagger Spray+1","Skewer+1","Injury","Poisoned Stab","Tactician+1","Infinite Blades+1","Acrobatics+1","Acrobatics","Adrenaline","Caltrops","Trip","Acrobatics+1","Heel Hook+1"],"max_hp_per_floor":[70,70,70,70,70,70,70,70,70,70,70,70,70,70,70,70,70,70,70,70,70,70,70,70],"relics":["Eternal Feather","Happy Flower","Golden Idol","Tiny Chest","Orichalcum","Dream Catcher","The Courier","War Paint","Calipers","Sozu","Ancient Tea Set","Dodecahedron","Whetstone"],"card_choices":[{"not_picked":["Skewer","Deadly Poison"],"picked":"Dagger Spray"},{"not_picked":["Dagger Spray","Reflex"],"picked":"Skewer"},{"not_picked":["Bane","Underhanded Strike"],"picked":"Poisoned Stab"},{"not_picked":["Cloak And Dagger","Poisoned Stab"],"picked":"Tactician"},{"not_picked":["Flechettes","Distraction"],"picked":"Infinite Blades"},{"not_picked":["Die Die Die","Concentrate"],"picked":"Acrobatics"},{"not_picked":["Grand Finale","Phantasmal Killer"],"picked":"Adrenaline"},{"not_picked":["Acrobatics","Expertise"],"picked":"Caltrops"},{"not_picked":["Reflex","Caltrops"],"picked":"Acrobatics"},{"not_picked":["Well Laid Plans","Concentrate"],"picked":"Heel Hook"}],"player_experience":165524,"potions_floor_usage":[13,13,16],"damage_taken":[{"damage":8,"enemies":"Small Slimes","floor":1,"turns":4},{"damage":2,"enemies":"Cultist","floor":4,"turns":5},{"damage":24,"enemies":"Gremlin Nob","floor":6,"turns":5},{"damage":2,"enemies":"2 Louse","floor":10,"turns":3},{"damage":8,"enemies":"3 Sentries","floor":11,"turns":8},{"damage":14,"enemies":"Lagavulin","floor":13,"turns":7},{"damage":37,"enemies":"The Guardian","floor":16,"turns":11},{"damage":0,"enemies":"3 Byrds","floor":18,"turns":4},{"damage":37,"enemies":"Book of Stabbing","floor":23,"turns":6},{"damage":41,"enemies":"Gremlin Leader","floor":25,"turns":4}],"event_choices":[{"event_name":"Accursed Blacksmith","player_choice":"Rummage","floor":2,"damage_taken":0},{"event_name":"Upgrade Shrine","player_choice":"Upgraded","floor":3,"damage_taken":0},{"event_name":"Golden Idol","player_choice":"Take Wound","floor":5,"damage_taken":0},{"event_name":"Knowing Skull","player_choice":"GOLD CARD ","floor":22,"damage_taken":0}],"boss_relics":[{"not_picked":["Calling Bell","Lizard Tail"],"picked":"Sozu"}],"potions_floor_spawned":[4,6,11,16],"seed_played":"-5360315048020531913","killed_by":"Gremlin Leader","ascension_level":3,"is_trial":false}