{"gold_per_floor":[114,189,215,228,246,275,275,285,359,386,235,235,263,276,276,350,350,363,463,463,475,487,487,519,519,519,519,409,428,448,477,477,477],"floor_reached":33,"playtime":2268,"items_purged":["Strike_G"],"score":615,"play_id":"72696188-05d4-4f83-91ac-5eb9c0704881","local_time":"20190408030159","is_ascension_mode":true,"campfire_choices":[{"floor":7,"key":"REST"},{"data":"Dagger Throw","floor":12,"key":"SMITH"},{"data":"Dagger Throw","floor":15,"key":"SMITH"},{"floor":23,"key":"REST"},{"data":"Reflex","floor":25,"key":"SMITH"},{"floor":27,"key":"REST"},{"data":"Infinite Blades","floor":32,"key":"SMITH"}],"neow_cost":"PERCENT_DAMAGE","seed_source_timestamp":577201149080578,"circlet_count":0,"master_deck":["AscendersBane","Defend_G","Defend_G","Defend_G+1","Defend_G","Defend_G","Strike_G","Strike_G","Strike_G","Strike_G","Survivor","Neutralize","Infinite Blades+1","Leg Sweep","Dagger Throw+1","Backstab","PiercingWail","Acrobatics","Dagger Spray","Dagger Throw+1","Reflex+1","PiercingWail","Malaise","PiercingWail","PiercingWail+1","Escape Plan","Dodge and Roll","Tactician","A Thousand Cuts"],"relics":["Ring of the Snake","Tingsha","Lantern","Nunchaku","Ninja Scroll","Regal Pillow","Odd Mushroom","HoveringKite","FossilizedHelix","Dodecahedron","Singing Bowl","Mercury Hourglass","The Specimen"],"potions_floor_usage":[6,10,16,16,19,33,33],"damage_taken":[{"damage":5,"enemies":"Cultist","floor":1,"turns":5},{"damage":5,"enemies":"Jaw Worm","floor":4,"turns":4},{"damage":0,"enemies":"2 Louse","floor":5,"turns":4},{"damage":8,"enemies":"Gremlin Nob","floor":6,"turns":3},{"damage":3,"enemies":"Exordium Wildlife","floor":8,"turns":6},{"damage":2,"enemies":"Lagavulin","floor":10,"turns":5},{"damage":0,"enemies":"The Mushroom Lair","floor":13,"turns":3},{"damage":0,"enemies":"Large Slime","floor":14,"turns":4},{"damage":14,"enemies":"Slime Boss","floor":16,"turns":10},{"damage":0,"enemies":"Chosen","floor":18,"turns":5},{"damage":1,"enemies":"Colosseum Slavers","floor":19,"turns":4},{"damage":18,"enemies":"Colosseum Nobs","floor":19,"turns":5},{"damage":0,"enemies":"2 Thieves","floor":21,"turns":4},{"damage":2,"enemies":"Centurion and Healer","floor":22,"turns":7},{"damage":18,"enemies":"Book of Stabbing","floor":24,"turns":8},{"damage":0,"enemies":"Snecko","floor":29,"turns":5},{"damage":0,"enemies":"Snake Plant","floor":30,"turns":5},{"damage":7,"enemies":"Slavers","floor":31,"turns":6},{"damage":86,"enemies":"Automaton","floor":33,"turns":12}],"seed_played":"-8227625741335978808","potions_obtained":[{"floor":1,"key":"Poison Potion"},{"floor":4,"key":"GhostInAJar"},{"floor":8,"key":"FearPotion"},{"floor":10,"key":"Energy Potion"},{"floor":16,"key":"Ancient Potion"},{"floor":18,"key":"Energy Potion"},{"floor":21,"key":"Explosive Potion"},{"floor":29,"key":"Fire Potion"},{"floor":30,"key":"Block Potion"}],"is_trial":false,"path_per_floor":["M","?","T","M","M","E","R","M","T","E","$","R","?","M","R","B",null,"M","?","?","M","M","R","E","R","T","R","?","M","M","E","R","B"],"character_chosen":"THE_SILENT","items_purchased":["Dagger Spray","Dagger Throw"],"campfire_rested":3,"item_purchase_floors":[11,11],"current_hp_per_floor":[39,28,28,23,23,15,34,31,31,29,29,29,29,29,29,15,53,53,34,34,34,32,66,48,48,48,66,66,68,70,63,63,0],"gold":477,"neow_bonus":"ONE_RARE_RELIC","is_prod":false,"is_daily":false,"chose_seed":false,"campfire_upgraded":4,"win_rate":0,"timestamp":1554706919,"path_taken":["M","?","?","?","M","E","R","M","T","E","$","R","?","M","R","BOSS","M","?","?","M","M","R","E","R","T","R","?","M","?","E","R","BOSS"],"build_version":"2019-01-23","purchased_purges":1,"victory":false,"max_hp_per_floor":[66,66,66,66,66,66,66,66,66,66,66,66,66,66,66,66,66,66,66,66,66,66,66,66,66,66,66,66,68,70,70,70,70],"card_choices":[{"not_picked":["Riddle With Holes","Outmaneuver"],"picked":"Infinite Blades","floor":1},{"not_picked":["Concentrate","Slice"],"picked":"Leg Sweep","floor":4},{"not_picked":["Dagger Spray","Bane"],"picked":"Dagger Throw","floor":5},{"not_picked":["Calculated Gamble","Expertise"],"picked":"Backstab","floor":6},{"not_picked":["Underhanded Strike","Riddle With Holes"],"picked":"PiercingWail","floor":8},{"not_picked":["Outmaneuver","Underhanded Strike"],"picked":"Acrobatics","floor":10},{"not_picked":["Setup","Flechettes"],"picked":"Reflex","floor":13},{"not_picked":["Catalyst","Skewer"],"picked":"PiercingWail","floor":14},{"not_picked":["Corpse Explosion","Phantasmal Killer"],"picked":"Malaise","floor":16},{"not_picked":["Prepared","Slice"],"picked":"PiercingWail","floor":18},{"not_picked":["Backflip","Masterful Stab"],"picked":"PiercingWail+1","floor":19},{"not_picked":["Flying Knee","Outmaneuver"],"picked":"Escape Plan","floor":21},{"not_picked":["Venomology","Skewer"],"picked":"Dodge and Roll","floor":22},{"not_picked":["Acrobatics","Slice"],"picked":"Tactician","floor":24},{"not_picked":["Dagger Spray","Blade Dance","Tactician"],"picked":"Singing Bowl","floor":29},{"not_picked":["Quick Slash","Dagger Throw","Catalyst"],"picked":"Singing Bowl","floor":30},{"not_picked":["Underhanded Strike","Poisoned Stab"],"picked":"A Thousand Cuts","floor":31}],"player_experience":1721617,"relics_obtained":[{"floor":3,"key":"Lantern"},{"floor":6,"key":"Nunchaku"},{"floor":9,"key":"Ninja Scroll"},{"floor":10,"key":"Regal Pillow"},{"floor":13,"key":"Odd Mushroom"},{"floor":19,"key":"FossilizedHelix"},{"floor":19,"key":"Dodecahedron"},{"floor":24,"key":"Singing Bowl"},{"floor":26,"key":"Mercury Hourglass"},{"floor":31,"key":"The Specimen"}],"event_choices":[{"damage_healed":0,"gold_gain":75,"player_choice":"Gather Gold","damage_taken":11,"max_hp_gain":0,"max_hp_loss":0,"event_name":"World of Goop","floor":2,"gold_loss":0},{"damage_healed":0,"gold_gain":0,"player_choice":"Fought Mushrooms","damage_taken":0,"max_hp_gain":0,"max_hp_loss":0,"event_name":"Mushrooms","floor":13,"gold_loss":0},{"damage_healed":0,"gold_gain":0,"player_choice":"Fight","damage_taken":0,"max_hp_gain":0,"max_hp_loss":0,"event_name":"Colosseum","floor":19,"gold_loss":0},{"damage_healed":0,"gold_gain":0,"player_choice":"Fought Nobs","damage_taken":0,"max_hp_gain":0,"max_hp_loss":0,"event_name":"Colosseum","floor":19,"gold_loss":0},{"damage_healed":0,"gold_gain":0,"player_choice":"Smashed Altar","damage_taken":0,"max_hp_gain":0,"max_hp_loss":0,"event_name":"Forgotten Altar","floor":20,"gold_loss":0,"cards_obtained":["Decay"]},{"cards_removed":["Decay"],"damage_healed":0,"gold_gain":0,"player_choice":"Upgrade and Remove","damage_taken":0,"max_hp_gain":0,"max_hp_loss":0,"event_name":"Designer","floor":28,"gold_loss":110,"cards_upgraded":["Defend_G"]}],"is_beta":false,"boss_relics":[{"not_picked":["Eternal Feather","Busted Crown"],"picked":"HoveringKite"}],"items_purged_floors":[11],"is_endless":false,"potions_floor_spawned":[1,4,8,10,16,18,21,29,30],"killed_by":"Automaton","ascension_level":20}