{"gold_per_floor":[117,137,137,147,161,161,186,186,186,205,218,218,236,236,236,313,313,329,329,257,257,269,269,67,67,119,119,136,136,156,81,81,155,155,170,170,170,180,194,194,225,243,268,268,268,268,300,0,0,0],"floor_reached":51,"playtime":2170,"items_purged":["Strike_G+1","Unload+1"],"score":1309,"play_id":"7b6a8c72-3375-49ea-ae47-9d4d6782d4c9","local_time":"20180811224511","is_ascension_mode":true,"campfire_choices":[{"data":"Deadly Poison","floor":6,"key":"SMITH"},{"data":"Defend_G","floor":8,"key":"SMITH"},{"data":"Dodge and Roll","floor":12,"key":"SMITH"},{"data":"Defend_G","floor":15,"key":"SMITH"},{"data":"Tools of the Trade","floor":23,"key":"SMITH"},{"data":"Mayhem","floor":25,"key":"SMITH"},{"data":"Leg Sweep","floor":27,"key":"SMITH"},{"floor":32,"key":"REST"},{"data":"Dodge and Roll","floor":40,"key":"SMITH"},{"floor":49,"key":"REST"}],"neow_cost":"NONE","seed_source_timestamp":542191283546774,"circlet_count":0,"master_deck":["Defend_G+1","Defend_G+1","Defend_G+1","Defend_G+1","Defend_G+1","Survivor","Neutralize+1","AscendersBane","Deadly Poison+1","PiercingWail","Dagger Spray","Well Laid Plans","Flying Knee","Backflip","Dodge and Roll+1","Dagger Throw","Tools of the Trade+1","Poisoned Stab","Tactician","Leg Sweep+1","Mayhem+1","Adrenaline+1","Backflip","Die Die Die","Flechettes+1","Cloak And Dagger+1","Dodge and Roll+1","Injury","Backflip","Master of Strategy","Underhanded Strike","Cloak And Dagger+1","Noxious Fumes"],"relics":["Ring of the Snake","Tough Bandages","Meat on the Bone","Mummified Hand","Runic Dome","Happy Flower","Bag of Marbles","Matryoshka","Astrolabe","Regal Pillow","Letter Opener","Gambling Chip","Juzu Bracelet","Potion Belt","Torii","Mercury Hourglass"],"potions_floor_usage":[7,33,33,41,50,50],"damage_taken":[{"damage":0,"enemies":"Jaw Worm","floor":1,"turns":6},{"damage":0,"enemies":"Cultist","floor":2,"turns":4},{"damage":0,"enemies":"2 Louse","floor":4,"turns":4},{"damage":9,"enemies":"Red Slaver","floor":5,"turns":5},{"damage":17,"enemies":"Lagavulin","floor":7,"turns":8},{"damage":9,"enemies":"Lots of Slimes","floor":10,"turns":4},{"damage":0,"enemies":"Large Slime","floor":11,"turns":5},{"damage":0,"enemies":"Looter","floor":13,"turns":4},{"damage":2,"enemies":"The Guardian","floor":16,"turns":13},{"damage":3,"enemies":"Spheric Guardian","floor":18,"turns":6},{"damage":7,"enemies":"Shell Parasite","floor":22,"turns":6},{"damage":21,"enemies":"Snake Plant","floor":28,"turns":6},{"damage":0,"enemies":"Centurion and Healer","floor":30,"turns":8},{"damage":0,"enemies":"Automaton","floor":33,"turns":16},{"damage":0,"enemies":"Flame Bruiser 1 Orb","floor":35,"turns":8},{"damage":2,"enemies":"Orb Walker","floor":38,"turns":4},{"damage":5,"enemies":"Flame Bruiser 2 Orb","floor":39,"turns":7},{"damage":21,"enemies":"2 Orb Walkers","floor":41,"turns":6},{"damage":2,"enemies":"3 Darklings","floor":42,"turns":3},{"damage":0,"floor":45,"turns":8},{"damage":23,"enemies":"Nemesis","floor":47,"turns":9},{"damage":2,"enemies":"Donu and Deca","floor":50,"turns":11}],"seed_played":"-9130383315778880210","potions_obtained":[{"floor":2,"key":"Weak Potion"},{"floor":7,"key":"SpeedPotion"},{"floor":11,"key":"EssenceOfSteel"},{"floor":16,"key":"Dexterity Potion"},{"floor":35,"key":"FearPotion"},{"floor":41,"key":"SteroidPotion"},{"floor":42,"key":"Strength Potion"}],"is_trial":false,"path_per_floor":["M","M","?","M","M","R","E","R","T","M","M","R","M","?","R","B",null,"M","?","?","?","M","R","$","R","T","R","M","T","M","$","R","B",null,"M","?","T","M","M","R","E","M","T","?","?","?","E","$","R","B"],"character_chosen":"THE_SILENT","items_purchased":["Mayhem","Noxious Fumes","GhostInAJar","Strength Potion"],"campfire_rested":2,"item_purchase_floors":[24,48,48,48],"current_hp_per_floor":[59,59,59,59,50,50,33,33,33,36,36,36,36,25,25,35,58,55,55,55,55,48,48,48,48,48,48,39,39,39,39,58,58,64,64,64,64,62,57,57,36,34,34,24,36,36,25,25,59,57],"gold":0,"neow_bonus":"UPGRADE_CARD","is_prod":false,"is_daily":false,"chose_seed":false,"campfire_upgraded":8,"win_rate":0,"timestamp":1534052711,"path_taken":["M","M","?","M","M","R","E","R","T","?","?","R","M","?","R","BOSS","M","?","?","?","M","R","?","R","T","R","?","?","M","$","R","BOSS","M","?","?","M","M","R","E","M","T","?","?","?","E","$","R","BOSS"],"build_version":"2018-08-08","purchased_purges":2,"victory":true,"max_hp_per_floor":[66,66,66,66,66,66,66,66,66,66,66,66,66,66,66,66,66,66,66,66,66,66,66,66,66,66,66,66,66,66,66,66,66,66,66,66,66,66,66,66,66,66,66,66,66,66,66,66,66,66],"card_choices":[{"not_picked":["Bane","Dodge and Roll"],"picked":"Deadly Poison","floor":1},{"not_picked":["Deadly Poison","Distraction"],"picked":"PiercingWail","floor":2},{"not_picked":["Deflect","Bane"],"picked":"Dagger Spray","floor":4},{"not_picked":["Setup","Calculated Gamble"],"picked":"Well Laid Plans","floor":5},{"not_picked":["Phantasmal Killer","Skewer"],"picked":"Flying Knee","floor":7},{"not_picked":["Predator","Deflect"],"picked":"Backflip","floor":10},{"not_picked":["Sucker Punch","Outmaneuver"],"picked":"Dodge and Roll","floor":11},{"not_picked":["Quick Slash","Endless Agony"],"picked":"Dagger Throw","floor":13},{"not_picked":["Die Die Die","Grand Finale"],"picked":"Tools of the Trade","floor":16},{"not_picked":["Flying Knee","Blade Dance"],"picked":"Poisoned Stab","floor":18},{"not_picked":["Infinite Blades","Dagger Spray"],"picked":"Leg Sweep","floor":22},{"not_picked":["Quick Slash","Blade Dance+1"],"picked":"Adrenaline","floor":28},{"not_picked":["Crippling Poison","Escape Plan"],"picked":"Backflip","floor":30},{"not_picked":["Doppelganger","Glass Knife"],"picked":"Die Die Die","floor":33},{"not_picked":["Deadly Poison","Blur+1"],"picked":"Dodge and Roll","floor":35},{"not_picked":["Outmaneuver","PiercingWail","Dagger Throw+1"],"picked":"SKIP","floor":38},{"not_picked":["Choke+1","Prepared","Poisoned Stab"],"picked":"SKIP","floor":39},{"not_picked":["Backflip","Bouncing Flask"],"picked":"Tools of the Trade","floor":41},{"not_picked":["Deflect","Slice+1"],"picked":"Backflip","floor":42},{"not_picked":["Swift Strike","Thinking Ahead"],"picked":"Master of Strategy","floor":44},{"not_picked":["Flying Knee+1","Blade Dance"],"picked":"Underhanded Strike","floor":45},{"not_picked":["Dash+1","Underhanded Strike+1"],"picked":"Cloak And Dagger+1","floor":47}],"player_experience":870865,"relics_obtained":[{"floor":7,"key":"Tough Bandages"},{"floor":9,"key":"Meat on the Bone"},{"floor":26,"key":"Bag of Marbles"},{"floor":29,"key":"Matryoshka"},{"floor":37,"key":"Regal Pillow"},{"floor":37,"key":"Letter Opener"},{"floor":41,"key":"Gambling Chip"},{"floor":43,"key":"Juzu Bracelet"},{"floor":43,"key":"Potion Belt"},{"floor":45,"key":"Torii"},{"floor":47,"key":"Mercury Hourglass"}],"event_choices":[{"event_name":"Bonfire Elementals","player_choice":"BASIC","floor":3,"damage_taken":0},{"event_name":"Scrap Ooze","player_choice":"success","floor":14,"damage_taken":11},{"event_name":"Back to Basics","player_choice":"Simplicity","floor":19,"damage_taken":0},{"event_name":"WeMeetAgain","player_choice":"Gold","floor":20,"damage_taken":0},{"event_name":"The Library","player_choice":"Read","floor":21,"damage_taken":0},{"event_name":"Accursed Blacksmith","player_choice":"Forge","floor":36,"damage_taken":0},{"event_name":"SensoryStone","player_choice":"Memory 3","floor":44,"damage_taken":0},{"event_name":"MindBloom","player_choice":"Fight","floor":45,"damage_taken":0},{"event_name":"Falling","player_choice":"Removed Power","floor":46,"damage_taken":0}],"is_beta":true,"boss_relics":[{"not_picked":["Philosopher\u0027s Stone","Orrery"],"picked":"Runic Dome"},{"not_picked":["Pandora\u0027s Box","Snecko Eye"],"picked":"Astrolabe"}],"items_purged_floors":[31,48],"is_endless":false,"potions_floor_spawned":[2,7,11,13,16,18,30,35,41,42],"ascension_level":15}