{"gold_per_floor":[115,132,132,150,160,187,207,234,234,254,254,254,265,292,292,367,367,383,63,113,174,241,241,267,285,308,358,375,390,390,423,423,500,500,520,117,0,150,200,259,51,149,149,223,273,290,290,320,320,320],"floor_reached":51,"playtime":3201,"items_purged":["Anger","Berserk+1"],"score":1543,"play_id":"2ba2b756-2809-4814-9243-39a066e23440","local_time":"20190316000824","is_ascension_mode":true,"campfire_choices":[{"floor":12,"key":"REST"},{"data":"Armaments","floor":15,"key":"SMITH"},{"data":"Bludgeon","floor":23,"key":"SMITH"},{"data":"Disarm","floor":30,"key":"SMITH"},{"data":"Armaments","floor":32,"key":"SMITH"},{"floor":47,"key":"REST"},{"floor":49,"key":"REST"}],"neow_cost":"NONE","seed_source_timestamp":216831960366243,"circlet_count":0,"master_deck":["AscendersBane","Strike_R","Strike_R","Strike_R","Strike_R","Defend_R","Defend_R","Defend_R","Defend_R","Bash","Twin Strike","Disarm+1","Rage","Armaments+1","Shrug It Off","Evolve","Clothesline","Armaments+1","Bludgeon+1","Corruption","Armaments+1","Shockwave","Demon Form+1","Carnage","Feel No Pain+1","Dark Embrace+1","Reckless Charge","Madness","Madness","Body Slam+1","Spot Weakness+1","Flex+1","Pommel Strike+1","Metallicize+1"],"relics":["Burning Blood","Gremlin Horn","StoneCalendar","Champion Belt","Matryoshka","SsserpentHead","Shuriken","Snecko Eye","Bag of Marbles","Frozen Egg 2","Letter Opener","PreservedInsect","Boot","Lizard Tail","Oddly Smooth Stone","Orichalcum","Red Mask","Peace Pipe","Tiny Chest","Torii","Potion Belt","Incense Burner","Dream Catcher","Juzu Bracelet","Omamori"],"potions_floor_usage":[2,8,13,13,14,16,24,25,25,33,33,46,50,50,50],"damage_taken":[{"damage":14,"enemies":"Jaw Worm","floor":1,"turns":4},{"damage":2,"enemies":"2 Louse","floor":2,"turns":3},{"damage":0,"enemies":"Cultist","floor":4,"turns":3},{"damage":15,"enemies":"Lots of Slimes","floor":5,"turns":5},{"damage":27,"enemies":"Gremlin Nob","floor":6,"turns":4},{"damage":11,"enemies":"Gremlin Gang","floor":7,"turns":5},{"damage":22,"enemies":"3 Sentries","floor":8,"turns":7},{"damage":8,"enemies":"3 Louse","floor":10,"turns":4},{"damage":11,"enemies":"Exordium Thugs","floor":13,"turns":7},{"damage":7,"enemies":"Lagavulin","floor":14,"turns":7},{"damage":30,"enemies":"Hexaghost","floor":16,"turns":11},{"damage":29,"enemies":"Spheric Guardian","floor":18,"turns":5},{"damage":0,"enemies":"2 Thieves","floor":21,"turns":4},{"damage":25,"enemies":"Shelled Parasite and Fungi","floor":22,"turns":5},{"damage":10,"enemies":"Slavers","floor":24,"turns":4},{"damage":0,"enemies":"Snake Plant","floor":25,"turns":3},{"damage":2,"enemies":"Centurion and Healer","floor":28,"turns":3},{"damage":0,"enemies":"Snecko","floor":29,"turns":3},{"damage":13,"enemies":"Gremlin Leader","floor":31,"turns":4},{"damage":16,"enemies":"Collector","floor":33,"turns":6},{"damage":6,"enemies":"3 Darklings","floor":35,"turns":3},{"damage":6,"enemies":"Mind Bloom Boss Battle","floor":38,"turns":6},{"damage":0,"enemies":"Reptomancer","floor":40,"turns":6},{"damage":43,"enemies":"2 Orb Walkers","floor":42,"turns":6},{"damage":8,"enemies":"Orb Walker","floor":46,"turns":2},{"damage":19,"enemies":"Nemesis","floor":48,"turns":5},{"damage":56,"enemies":"Awakened One","floor":50,"turns":7}],"seed_played":"4098499195493576106","potions_obtained":[{"floor":2,"key":"Fruit Juice"},{"floor":7,"key":"Block Potion"},{"floor":8,"key":"Block Potion"},{"floor":10,"key":"SpeedPotion"},{"floor":13,"key":"Swift Potion"},{"floor":14,"key":"SneckoOil"},{"floor":18,"key":"Weak Potion"},{"floor":21,"key":"Ancient Potion"},{"floor":24,"key":"Energy Potion"},{"floor":25,"key":"SpeedPotion"},{"floor":29,"key":"Weak Potion"},{"floor":31,"key":"BloodPotion"},{"floor":46,"key":"PowerPotion"},{"floor":48,"key":"Energy Potion"}],"is_trial":false,"path_per_floor":["M","M","?","M","M","E","M","E","T","M","?","R","M","E","R","B",null,"M","$","?","M","M","R","E","M","T","?","M","M","R","E","R","B",null,"M","$","?","?","?","E","$","?","T","T","T","M","R","E","R","B",null],"character_chosen":"IRONCLAD","items_purchased":["Bag of Marbles","EssenceOfSteel","Oddly Smooth Stone","Orichalcum","Reckless Charge","Strength Potion","PowerPotion"],"campfire_rested":3,"item_purchase_floors":[19,19,36,36,36,41,41],"current_hp_per_floor":[67,76,58,64,55,34,29,13,13,11,11,37,32,31,31,7,67,44,44,44,50,31,31,27,33,33,33,37,43,43,36,36,34,74,74,74,74,74,58,64,64,27,27,27,27,25,51,38,64,14],"gold":320,"neow_bonus":"TEN_PERCENT_HP_BONUS","is_prod":false,"is_daily":false,"chose_seed":false,"campfire_upgraded":4,"win_rate":0,"timestamp":1552709304,"path_taken":["M","M","?","M","M","E","M","E","T","M","?","R","M","E","R","BOSS","M","$","?","?","?","R","E","M","T","?","M","M","R","E","R","BOSS","M","$","?","?","?","E","$","?","T","?","?","M","R","E","R","BOSS"],"build_version":"2019-01-23","purchased_purges":2,"victory":true,"max_hp_per_floor":[82,87,87,87,87,87,87,87,87,87,87,87,87,87,87,87,87,87,87,87,87,87,87,87,87,87,87,87,87,87,87,87,87,87,87,87,87,87,87,87,87,87,87,87,87,87,87,87,87,87],"card_choices":[{"not_picked":["Warcry","Thunderclap"],"picked":"Anger","floor":1},{"not_picked":["Intimidate","Second Wind"],"picked":"Twin Strike","floor":2},{"not_picked":["Reckless Charge","Berserk"],"picked":"Disarm","floor":4},{"not_picked":["Clash","Thunderclap"],"picked":"Rage","floor":5},{"not_picked":["Clash","Infernal Blade"],"picked":"Armaments","floor":6},{"not_picked":["Searing Blow","Pommel Strike"],"picked":"Shrug It Off","floor":7},{"not_picked":["Corruption","Sentinel"],"picked":"Evolve","floor":8},{"not_picked":["Burning Pact","Corruption"],"picked":"Clothesline","floor":10},{"not_picked":["Clash","Twin Strike"],"picked":"Armaments","floor":13},{"not_picked":["Sever Soul","Havoc","Sword Boomerang"],"picked":"SKIP","floor":14},{"not_picked":["Feed","Juggernaut"],"picked":"Bludgeon","floor":16},{"not_picked":["Armaments","Clothesline"],"picked":"Corruption","floor":18},{"not_picked":["Corruption","Perfected Strike"],"picked":"Shockwave","floor":21},{"not_picked":["Armaments","Hemokinesis","Flex"],"picked":"SKIP","floor":22},{"not_picked":["True Grit","Uppercut+1"],"picked":"Demon Form","floor":24},{"not_picked":["Pommel Strike","Cleave"],"picked":"Carnage","floor":25},{"not_picked":["Blood for Blood","Uppercut","Havoc"],"picked":"SKIP","floor":28},{"not_picked":["Flex","Clash","Anger"],"picked":"SKIP","floor":29},{"not_picked":["Burning Pact","Headbutt+1"],"picked":"Feel No Pain+1","floor":31},{"not_picked":["Exhume","Berserk+1"],"picked":"Dark Embrace+1","floor":33},{"not_picked":["Clothesline+1","Fire Breathing+1","Clash"],"picked":"SKIP","floor":35},{"not_picked":["Iron Wave+1","Clash+1"],"picked":"Body Slam+1","floor":40},{"not_picked":["Uppercut","Shrug It Off"],"picked":"Spot Weakness+1","floor":42},{"not_picked":["Headbutt","Blood for Blood","Iron Wave"],"picked":"SKIP","floor":46},{"not_picked":["Warcry","Immolate"],"picked":"Flex+1","floor":47},{"not_picked":["Brutality+1","Body Slam+1"],"picked":"Pommel Strike+1","floor":48},{"not_picked":["Sentinel","Havoc"],"picked":"Metallicize+1","floor":49}],"player_experience":1142173,"relics_obtained":[{"floor":6,"key":"StoneCalendar"},{"floor":8,"key":"Champion Belt"},{"floor":9,"key":"Matryoshka"},{"floor":14,"key":"Shuriken"},{"floor":24,"key":"Frozen Egg 2"},{"floor":26,"key":"Letter Opener"},{"floor":26,"key":"PreservedInsect"},{"floor":31,"key":"Boot"},{"floor":38,"key":"Peace Pipe"},{"floor":40,"key":"Tiny Chest"},{"floor":42,"key":"Torii"},{"floor":43,"key":"Potion Belt"},{"floor":43,"key":"Incense Burner"},{"floor":44,"key":"Dream Catcher"},{"floor":45,"key":"Juzu Bracelet"},{"floor":48,"key":"Omamori"}],"event_choices":[{"damage_healed":0,"gold_gain":0,"player_choice":"Success","damage_taken":18,"relics_obtained":["Gremlin Horn"],"max_hp_gain":0,"max_hp_loss":0,"event_name":"Scrap Ooze","floor":3,"gold_loss":0},{"damage_healed":0,"gold_gain":0,"player_choice":"Trade","damage_taken":0,"relics_obtained":["SsserpentHead"],"max_hp_gain":0,"max_hp_loss":0,"event_name":"FaceTrader","floor":11,"gold_loss":0},{"damage_healed":0,"gold_gain":0,"player_choice":"Copied","damage_taken":0,"max_hp_gain":0,"max_hp_loss":0,"event_name":"Duplicator","floor":20,"gold_loss":0,"cards_obtained":["Armaments"]},{"damage_healed":0,"gold_gain":0,"cards_transformed":["Strike_R"],"player_choice":"Transformed","damage_taken":0,"max_hp_gain":0,"max_hp_loss":0,"event_name":"Transmorgrifier","floor":27,"gold_loss":0,"cards_obtained":["Berserk"]},{"damage_healed":0,"gold_gain":0,"player_choice":"Paid","damage_taken":0,"relics_obtained":["Red Mask"],"max_hp_gain":0,"max_hp_loss":0,"event_name":"Tomb of Lord Red Mask","floor":37,"gold_loss":167},{"damage_healed":0,"gold_gain":0,"player_choice":"Fight","damage_taken":0,"max_hp_gain":0,"max_hp_loss":0,"event_name":"MindBloom","floor":38,"gold_loss":0},{"damage_healed":0,"gold_gain":0,"player_choice":"Embrace Madness","damage_taken":16,"max_hp_gain":0,"max_hp_loss":0,"event_name":"Winding Halls","floor":39,"gold_loss":0,"cards_obtained":["Madness","Madness"]},{"damage_healed":0,"gold_gain":0,"player_choice":"Fight","damage_taken":0,"max_hp_gain":0,"max_hp_loss":0,"event_name":"Mysterious Sphere","floor":42,"gold_loss":0}],"is_beta":false,"boss_relics":[{"not_picked":["Orrery","Eternal Feather"],"picked":"Snecko Eye"},{"not_picked":["Tiny House","Velvet Choker"],"picked":"Lizard Tail"}],"items_purged_floors":[19,41],"is_endless":false,"potions_floor_spawned":[2,7,8,10,13,14,18,21,24,25,29,31,46,48],"ascension_level":19}