{"gold_per_floor":[117,132,149,167,55,55,81,81,81,81,99,99,126,146,146,223,223,240,255,7,27,27,27,44,44,44,44,63,63,79,97,97,173,173,185,1184,1196,860,860,860,874,874,874,874,885,901,901],"floor_reached":47,"playtime":3466,"items_purged":["Strike_G","Normality"],"score":928,"play_id":"6bb24060-9e9a-486e-bc3e-95bb3f439cfe","local_time":"20190408150609","is_ascension_mode":true,"campfire_choices":[{"data":"Infinite Blades","floor":6,"key":"SMITH"},{"data":"A Thousand Cuts","floor":8,"key":"SMITH"},{"data":"Blade Dance","floor":15,"key":"SMITH"},{"data":"Cloak And Dagger","floor":23,"key":"SMITH"},{"data":"Footwork","floor":25,"key":"SMITH"},{"data":"Neutralize","floor":27,"key":"SMITH"},{"data":"Accuracy","floor":29,"key":"SMITH"},{"data":"Dodge and Roll","floor":32,"key":"SMITH"},{"floor":40,"key":"RECALL"},{"data":"Noxious Fumes","floor":42,"key":"SMITH"}],"neow_cost":"NONE","seed_source_timestamp":619468016593060,"circlet_count":0,"master_deck":["AscendersBane","Defend_G","Defend_G","Defend_G","Defend_G+1","Defend_G","Strike_G","Survivor","Neutralize+1","Escape Plan+1","PiercingWail","Masterful Stab","Footwork+1","Infinite Blades+1","Accuracy+1","A Thousand Cuts+1","Blade Dance+1","Footwork+1","Wraith Form v2","Quick Slash+1","Tools of the Trade+1","Die Die Die+1","Slice","Dodge and Roll+1","Cloak And Dagger+1","Leg Sweep","Deflect","PiercingWail","Crippling Poison","Envenom+1","Normality","Dodge and Roll","Well Laid Plans","Sadistic Nature","Noxious Fumes+1","Sucker Punch+1","Footwork+1"],"relics":["Ring of the Snake","War Paint","Happy Flower","Mercury Hourglass","Pear","Odd Mushroom","Astrolabe","Lee\u0027s Waffle","Bronze Scales","Thread and Needle","Sozu"],"potions_floor_usage":[7,7,16,24,28,30,30,33],"damage_taken":[{"damage":1,"enemies":"2 Louse","floor":1,"turns":4},{"damage":1,"enemies":"Jaw Worm","floor":2,"turns":7},{"damage":0,"enemies":"Small Slimes","floor":3,"turns":4},{"damage":0,"enemies":"Exordium Wildlife","floor":4,"turns":4},{"damage":15,"enemies":"Lagavulin","floor":7,"turns":7},{"damage":5,"enemies":"Lots of Slimes","floor":11,"turns":4},{"damage":5,"enemies":"Gremlin Nob","floor":13,"turns":4},{"damage":16,"enemies":"The Mushroom Lair","floor":14,"turns":4},{"damage":5,"enemies":"Slime Boss","floor":16,"turns":6},{"damage":15,"enemies":"Spheric Guardian","floor":18,"turns":4},{"damage":34,"enemies":"Shell Parasite","floor":19,"turns":6},{"damage":14,"enemies":"Snecko","floor":21,"turns":5},{"damage":8,"enemies":"Cultist and Chosen","floor":24,"turns":6},{"damage":10,"enemies":"Shelled Parasite and Fungi","floor":28,"turns":4},{"damage":5,"enemies":"Centurion and Healer","floor":30,"turns":6},{"damage":7,"enemies":"Snecko","floor":31,"turns":6},{"damage":34,"enemies":"Collector","floor":33,"turns":12},{"damage":0,"enemies":"3 Shapes","floor":35,"turns":4},{"damage":0,"enemies":"Orb Walker","floor":37,"turns":3},{"damage":10,"enemies":"Writhing Mass","floor":41,"turns":8},{"damage":22,"enemies":"3 Darklings","floor":45,"turns":4},{"damage":28,"enemies":"Jaw Worm Horde","floor":46,"turns":4},{"damage":27,"enemies":"Transient","floor":47,"turns":4}],"seed_played":"1523491174149710914","potions_obtained":[{"floor":2,"key":"GhostInAJar"},{"floor":3,"key":"Strength Potion"},{"floor":13,"key":"PowerPotion"},{"floor":19,"key":"EssenceOfSteel"},{"floor":21,"key":"EntropicBrew"},{"floor":24,"key":"PowerPotion"},{"floor":30,"key":"Ancient Potion"}],"is_trial":false,"path_per_floor":["M","M","M","M","$","R","E","R","T","?","M","T","E","?","R","B",null,"M","M","$","M","?","R","M","R","T","R","M","R","M","M","R","B",null,"M","?","M","$","?","R","M","R","T","?","M","M","M"],"character_chosen":"THE_SILENT","items_purchased":["Accuracy","Lee\u0027s Waffle","Dodge and Roll","Well Laid Plans","Sadistic Nature"],"campfire_rested":0,"item_purchase_floors":[5,20,20,38,38],"current_hp_per_floor":[58,57,57,57,57,57,42,42,42,42,37,37,42,26,26,21,62,47,13,83,69,69,69,61,61,61,61,51,51,46,39,39,5,64,64,64,64,64,64,64,54,54,54,54,32,4,0],"gold":901,"neow_bonus":"THREE_CARDS","is_prod":false,"is_daily":false,"chose_seed":false,"campfire_upgraded":9,"win_rate":0,"timestamp":1554750369,"path_taken":["M","M","M","M","$","R","E","R","T","?","M","?","E","?","R","BOSS","M","M","$","M","?","R","M","R","T","R","M","R","M","?","R","BOSS","M","?","M","$","?","R","?","R","T","?","M","M","?"],"build_version":"2019-01-23","purchased_purges":2,"victory":false,"max_hp_per_floor":[66,66,66,66,66,66,66,66,66,66,66,66,76,76,76,76,76,76,76,83,83,83,83,83,83,83,83,83,83,83,83,83,83,83,83,83,83,83,83,83,83,83,83,83,83,83,83],"card_choices":[{"not_picked":["Underhanded Strike","Catalyst"],"picked":"Escape Plan","floor":0},{"not_picked":["Blade Dance","Prepared"],"picked":"PiercingWail","floor":1},{"not_picked":["Deflect","Backflip"],"picked":"Masterful Stab","floor":2},{"not_picked":["Distraction","Bouncing Flask"],"picked":"Footwork","floor":3},{"not_picked":["Backflip","Tactician"],"picked":"Infinite Blades","floor":4},{"not_picked":["Bane","Choke"],"picked":"A Thousand Cuts","floor":7},{"not_picked":["Deadly Poison","Quick Slash"],"picked":"Blade Dance","floor":11},{"not_picked":["Storm of Steel","Deadly Poison"],"picked":"Footwork","floor":13},{"not_picked":["Grand Finale","Night Terror"],"picked":"Wraith Form v2","floor":16},{"not_picked":["Bane","Dagger Spray","Poisoned Stab"],"picked":"SKIP","floor":18},{"not_picked":["Predator","Outmaneuver"],"picked":"Slice","floor":19},{"not_picked":["Dagger Throw","Slice"],"picked":"Cloak And Dagger","floor":21},{"not_picked":["Backstab","Poisoned Stab"],"picked":"Leg Sweep","floor":24},{"not_picked":["Prepared","Skewer"],"picked":"Deflect","floor":28},{"not_picked":["Heel Hook","Cloak And Dagger"],"picked":"PiercingWail","floor":30},{"not_picked":["Bane","Dagger Spray"],"picked":"Crippling Poison","floor":31},{"not_picked":["Bullet Time","Doppelganger"],"picked":"Envenom","floor":33},{"not_picked":["Flying Knee","Slice","Distraction"],"picked":"SKIP","floor":35},{"not_picked":["Quick Slash","Riddle With Holes"],"picked":"Dodge and Roll","floor":37},{"not_picked":["Choke","Cloak And Dagger"],"picked":"Noxious Fumes","floor":41},{"not_picked":["Dagger Spray","All Out Attack"],"picked":"Sucker Punch+1","floor":45},{"not_picked":["Outmaneuver","Well Laid Plans"],"picked":"Footwork+1","floor":46}],"player_experience":1731985,"relics_obtained":[{"floor":7,"key":"War Paint"},{"floor":9,"key":"Happy Flower"},{"floor":12,"key":"Mercury Hourglass"},{"floor":13,"key":"Pear"},{"floor":14,"key":"Odd Mushroom"},{"floor":22,"key":"Bronze Scales"},{"floor":26,"key":"Thread and Needle"}],"event_choices":[{"damage_healed":0,"gold_gain":0,"player_choice":"Grow","damage_taken":0,"max_hp_gain":0,"max_hp_loss":0,"event_name":"Living Wall","floor":10,"gold_loss":0,"cards_upgraded":["Footwork"]},{"damage_healed":0,"gold_gain":0,"player_choice":"Fought Mushrooms","damage_taken":0,"max_hp_gain":0,"max_hp_loss":0,"event_name":"Mushrooms","floor":14,"gold_loss":0},{"damage_healed":0,"gold_gain":0,"player_choice":"Relic","damage_taken":0,"max_hp_gain":0,"max_hp_loss":0,"event_name":"Wheel of Change","floor":22,"gold_loss":0},{"damage_healed":0,"gold_gain":999,"player_choice":"Gold","damage_taken":0,"max_hp_gain":0,"max_hp_loss":0,"event_name":"MindBloom","floor":36,"gold_loss":0,"cards_obtained":["Normality","Normality"]},{"damage_healed":0,"gold_gain":0,"player_choice":"Got Potions","damage_taken":0,"max_hp_gain":0,"max_hp_loss":0,"event_name":"Lab","floor":39,"gold_loss":0},{"damage_healed":0,"gold_gain":0,"player_choice":"Upgraded","damage_taken":0,"max_hp_gain":0,"max_hp_loss":0,"event_name":"Upgrade Shrine","floor":44,"gold_loss":0,"cards_upgraded":["Envenom"]}],"is_beta":false,"boss_relics":[{"not_picked":["HoveringKite","Tiny House"],"picked":"Astrolabe"},{"not_picked":["Black Star","Philosopher\u0027s Stone"],"picked":"Sozu"}],"items_purged_floors":[5,38],"is_endless":false,"potions_floor_spawned":[2,3,13,19,21,24,30,35,37],"killed_by":"Transient","ascension_level":20}