{"path_per_floor":["M","?","$","?","M","R","E","R","T","M","R","T","R","M","R","B",null,"M","$","?","M","M","R","M","R","T","?","M","E","R","?","R","B",null,"M","M","?","M","$","R","?","R","T","?","?","R","E","M","R","B"],"character_chosen":"DEFECT","items_purchased":["Capacitor","Bird Faced Urn","Magnetism","Stack"],"gold_per_floor":[114,114,15,15,34,34,69,69,115,135,135,182,182,201,201,296,296,314,7,7,23,40,40,52,52,124,49,69,96,96,96,96,195,195,210,223,223,243,4,4,4,4,4,4,59,59,86,97,97,97],"floor_reached":51,"campfire_rested":1,"playtime":2775,"current_hp_per_floor":[52,52,52,38,38,38,12,32,32,32,32,32,32,42,42,52,64,68,68,68,51,68,68,68,68,68,68,68,42,42,42,42,68,68,68,68,59,57,57,57,57,57,57,57,49,49,48,50,50,54],"items_purged":["Dualcast"],"gold":97,"score":923,"play_id":"4949b4a3-4e21-40db-8c55-54684516c403","local_time":"20180429171954","is_prod":false,"is_daily":false,"chose_seed":false,"is_ascension_mode":true,"campfire_upgraded":6,"timestamp":1525047594,"path_taken":["M","?","$","?","?","R","E","R","T","M","R","?","R","M","R","BOSS","M","$","?","M","M","R","?","R","T","?","?","E","R","?","R","BOSS","M","M","?","M","$","R","?","R","T","?","?","R","E","M","R","BOSS"],"build_version":"2018-04-27v3","seed_source_timestamp":0,"purchased_purges":2,"victory":true,"master_deck":["Strike_B+1","Defend_B+1","Defend_B+1","Defend_B+1","Defend_B+1","Zap+1","White Noise+1","Capacitor","Leap+1","Skim","Self Repair+1","Buffer+1","Creative AI+1","Skim+1","Aggregate+1","FTL+1","Gash+1","Leap","Thunder Strike+1","Coolheaded+1","Seek","Stack+1","Hologram+1","Madness","Machine Learning","Magnetism+1","Stack","White Noise+1","Cold Snap+1","Loop","Ball Lightning"],"max_hp_per_floor":[68,68,68,68,68,68,68,68,68,68,68,68,68,68,68,68,68,68,68,68,68,68,68,68,68,68,68,68,68,68,68,68,68,68,68,68,68,68,68,68,68,68,68,68,68,68,68,68,68,68],"relics":["Cracked Core","Shovel","Orichalcum","Lantern","Bronze Scales","Astrolabe","Bird Faced Urn","Nloth\u0027s Gift","Pantograph","Meat on the Bone","DataDisk","Vajra","White Beast Statue","Whetstone","Cables","Gambling Chip","Question Card","Shuriken","Centennial Puzzle"],"card_choices":[{"not_picked":["Leap","Coolheaded"],"picked":"White Noise","floor":1.0},{"not_picked":["Turbo","Darkness"],"picked":"Leap","floor":5.0},{"not_picked":["Axe Kick","Scrape"],"picked":"Skim","floor":7.0},{"not_picked":["Aggregate","Rebound"],"picked":"Self Repair","floor":10.0},{"not_picked":["Streamline","Capacitor"],"picked":"Buffer","floor":14.0},{"not_picked":["Prime","Seek"],"picked":"Creative AI","floor":16.0},{"not_picked":["Cold Snap","Skim"],"picked":"FTL","floor":18.0},{"not_picked":["Beam Cell","Turbo"],"picked":"Gash","floor":21.0},{"not_picked":["Cold Snap","Streamline"],"picked":"Leap","floor":24.0},{"not_picked":["Storm","Reprogram"],"picked":"Thunder Strike","floor":28.0},{"not_picked":["Fission","Stack"],"picked":"Coolheaded","floor":29.0},{"not_picked":["Fission","Rainbow"],"picked":"Seek","floor":33.0},{"not_picked":["Leap","Skim"],"picked":"Stack","floor":35.0},{"not_picked":["Leap","Auto Shields"],"picked":"Hologram","floor":36.0},{"not_picked":["Flux Capacitor","Scrape"],"picked":"Machine Learning","floor":38.0},{"not_picked":["Beam Cell","Barrage"],"picked":"Cold Snap","floor":45},{"not_picked":["All For One","Gash","Heatsinks"],"picked":"Loop","floor":47},{"not_picked":["Streamline","Coolheaded","Cold Snap"],"picked":"Ball Lightning","floor":48}],"player_experience":555864,"potions_floor_usage":[45,47,48,50],"damage_taken":[{"damage":16.0,"enemies":"Jaw Worm","floor":1.0,"turns":4.0},{"damage":0.0,"enemies":"Cultist","floor":5.0,"turns":3.0},{"damage":26.0,"enemies":"Gremlin Nob","floor":7.0,"turns":4.0},{"damage":0.0,"enemies":"Small Slimes","floor":10.0,"turns":3.0},{"damage":0.0,"enemies":"Blue Slaver","floor":14.0,"turns":3.0},{"damage":0.0,"enemies":"Slime Boss","floor":16.0,"turns":12.0},{"damage":0.0,"enemies":"Spheric Guardian","floor":18.0,"turns":5.0},{"damage":27.0,"enemies":"2 Thieves","floor":21.0,"turns":5.0},{"damage":13.0,"enemies":"Centurion and Healer","floor":22.0,"turns":9.0},{"damage":0.0,"enemies":"Snecko","floor":24.0,"turns":7.0},{"damage":15.0,"enemies":"Slaver and Parasite","floor":28.0,"turns":7.0},{"damage":28.0,"enemies":"Book of Stabbing","floor":29.0,"turns":6.0},{"damage":28.0,"enemies":"Collector","floor":33.0,"turns":13.0},{"damage":0.0,"enemies":"Orb Walker","floor":35.0,"turns":5.0},{"damage":20.0,"enemies":"3 Darklings","floor":36.0,"turns":9.0},{"damage":10.0,"enemies":"Flame Bruiser 2 Orb","floor":38.0,"turns":6.0},{"damage":46,"enemies":"Mysterious Sphere","floor":45,"turns":6},{"damage":44,"enemies":"2 Orb Walkers","floor":47,"turns":8},{"damage":14,"enemies":"Spire Growth","floor":48,"turns":5},{"damage":56,"enemies":"Time Eater","floor":50,"turns":16}],"event_choices":[{"event_name":"Upgrade Shrine","player_choice":"Upgraded","floor":2.0,"damage_taken":0.0},{"event_name":"Shining Light","player_choice":"Entered Light","floor":4.0,"damage_taken":0.0},{"event_name":"N\u0027loth","player_choice":"Traded a War Paint","floor":20.0,"damage_taken":0.0},{"event_name":"Beggar","player_choice":"Gave Gold","floor":27.0,"damage_taken":0.0},{"event_name":"Back to Basics","player_choice":"Simplicity","floor":31.0,"damage_taken":0.0},{"event_name":"Winding Halls","player_choice":"Embrace Madness","floor":37.0,"damage_taken":0.0},{"event_name":"Purifier","player_choice":"One Purge","floor":41,"damage_taken":0},{"event_name":"Duplicator","player_choice":"One dupe","floor":44,"damage_taken":0},{"event_name":"Mysterious Sphere","player_choice":"Fight","floor":45,"damage_taken":0}],"boss_relics":[],"potions_floor_spawned":[1,7,14,21,24,29,35,36,38,45,47,48],"seed_played":"-7974310019036788570","ascension_level":6,"is_trial":false}