{"gold_per_floor":[114,114,124,124,124,149,167,63,113,145,145,158,158,178,178,178],"floor_reached":16,"playtime":448,"items_purged":[],"score":270,"play_id":"5a6c16cd-13a8-4fee-8e36-037983b61b13","local_time":"20190426050118","is_ascension_mode":true,"campfire_choices":[{"data":"Barrage","floor":11,"key":"SMITH"},{"data":"Zap","floor":13,"key":"SMITH"},{"data":"Hologram","floor":15,"key":"SMITH"}],"neow_cost":"NONE","seed_source_timestamp":298994582005006,"circlet_count":0,"master_deck":["AscendersBane","Strike_B","Strike_B","Strike_B","Defend_B","Defend_B","Defend_B","Defend_B","Zap+1","Dualcast","Barrage+1","Glacier","Cold Snap","Cold Snap","Hologram+1","Gash","Coolheaded","Leap","Reinforced Body"],"relics":["Cracked Core","NeowsBlessing","NlothsMask","Anchor","Bronze Scales"],"potions_floor_usage":[2,10,14,16,16],"damage_taken":[{"damage":0,"enemies":"Small Slimes","floor":1,"turns":1},{"damage":0,"enemies":"Cultist","floor":3,"turns":1},{"damage":0,"enemies":"3 Sentries","floor":6,"turns":1},{"damage":0,"enemies":"2 Louse","floor":7,"turns":2},{"damage":48,"enemies":"Gremlin Nob","floor":10,"turns":7},{"damage":0,"enemies":"Blue Slaver","floor":12,"turns":3},{"damage":5,"enemies":"Exordium Thugs","floor":14,"turns":4},{"damage":15,"enemies":"The Guardian","floor":16,"turns":8}],"seed_played":"2167570137277429878","potions_obtained":[{"floor":1,"key":"GamblersBrew"},{"floor":2,"key":"Fruit Juice"},{"floor":2,"key":"LiquidBronze"},{"floor":7,"key":"FearPotion"},{"floor":12,"key":"GamblersBrew"},{"floor":14,"key":"Dexterity Potion"}],"is_trial":false,"path_per_floor":["M","?","M","?","?","E","M","$","T","E","R","M","R","M","R","B"],"character_chosen":"DEFECT","items_purchased":["Hologram","Gash"],"campfire_rested":0,"item_purchase_floors":[8,8],"current_hp_per_floor":[64,69,69,62,62,62,62,62,62,14,14,14,14,9,9,0],"gold":178,"neow_bonus":"THREE_ENEMY_KILL","is_prod":false,"is_daily":false,"chose_seed":false,"campfire_upgraded":3,"win_rate":0,"timestamp":1556269278,"path_taken":["M","?","?","?","?","E","M","$","T","E","R","M","R","M","R","BOSS"],"build_version":"2019-01-23","purchased_purges":0,"victory":false,"max_hp_per_floor":[71,76,76,76,76,76,76,76,76,76,76,76,76,76,76,76],"card_choices":[{"not_picked":["Darkness","Compile Driver"],"picked":"Barrage","floor":1},{"not_picked":["Lockon","Static Discharge"],"picked":"Glacier","floor":3},{"not_picked":["Streamline","Storm"],"picked":"Cold Snap","floor":6},{"not_picked":["Scrape","Heatsinks"],"picked":"Cold Snap","floor":7},{"not_picked":["BootSequence","Stack"],"picked":"Coolheaded","floor":10},{"not_picked":["Rebound","Fusion"],"picked":"Leap","floor":12},{"not_picked":["Fusion","Storm"],"picked":"Reinforced Body","floor":14}],"player_experience":1947853,"relics_obtained":[{"floor":6,"key":"Anchor"},{"floor":10,"key":"Bronze Scales"}],"event_choices":[{"damage_healed":0,"gold_gain":0,"player_choice":"Got Potions","damage_taken":0,"max_hp_gain":0,"max_hp_loss":0,"event_name":"Lab","floor":2,"gold_loss":0},{"cards_removed":["Strike_B"],"damage_healed":0,"gold_gain":0,"player_choice":"Card Removal","damage_taken":7,"max_hp_gain":0,"max_hp_loss":0,"event_name":"Golden Wing","floor":4,"gold_loss":0},{"damage_healed":0,"gold_gain":0,"player_choice":"Trade","damage_taken":0,"relics_obtained":["NlothsMask"],"max_hp_gain":0,"max_hp_loss":0,"event_name":"FaceTrader","floor":5,"gold_loss":0}],"is_beta":false,"boss_relics":[],"items_purged_floors":[],"is_endless":false,"potions_floor_spawned":[1,7,12,14],"killed_by":"The Guardian","ascension_level":20}