{"gold_per_floor":[19,19,38,48,59,59,86,86,386,397,430,447,460,472,472,548,548,563,563,172,184,184,184,210,210,261,290,205,205,221,35,35,108,108,119,38,38,38,38,63,81,81,105,105,123,153,253,272,272,272,272,272,17,47,47],"floor_reached":56,"playtime":5099,"items_purged":["FTL"],"score":2088,"play_id":"94399a87-4f92-4551-ac0f-ec00d0dd3c4c","local_time":"20190502131856","is_ascension_mode":true,"campfire_choices":[{"data":"Biased Cognition","floor":6,"key":"SMITH"},{"floor":8,"key":"REST"},{"data":"Dualcast","floor":15,"key":"SMITH"},{"data":"Defragment","floor":23,"key":"SMITH"},{"data":"Consume","floor":29,"key":"SMITH"},{"data":"Capacitor","floor":32,"key":"SMITH"},{"data":"Creative AI","floor":42,"key":"SMITH"},{"floor":44,"key":"RECALL"},{"data":"Reboot","floor":49,"key":"SMITH"},{"data":"Steam","floor":52,"key":"SMITH"}],"neow_cost":"NO_GOLD","seed_source_timestamp":8763239370814,"circlet_count":0,"master_deck":["AscendersBane","Zap","Dualcast+1","Ball Lightning","Biased Cognition+1","Barrage","Doom and Gloom","Genetic Algorithm","BootSequence","Cold Snap","Cold Snap","Steam+1","BootSequence","Darkness","Reboot+1","Ball Lightning","Defragment","Capacitor+1","Defragment+1","Consume+1","Turbo+1","Hologram+1","Stack+1","Reboot+1","Fusion+1","Creative AI+1","Steam+1","Cold Snap","Chaos+1","Compile Driver"],"relics":["Cracked Core","Dead Branch","Shuriken","Old Coin","Ice Cream","Pandora\u0027s Box","Runic Capacitor","Toxic Egg 2","Lantern","Orichalcum","Juzu Bracelet","PreservedInsect","Sozu","Letter Opener","Matryoshka","Boot","Symbiotic Virus","Bag of Marbles","Bird Faced Urn","Medical Kit","Unceasing Top"],"potions_floor_usage":[12,16,24,55],"damage_taken":[{"damage":4,"enemies":"Jaw Worm","floor":1,"turns":4},{"damage":0,"enemies":"Cultist","floor":3,"turns":2},{"damage":0,"enemies":"Small Slimes","floor":4,"turns":3},{"damage":4,"enemies":"3 Louse","floor":5,"turns":3},{"damage":25,"enemies":"3 Sentries","floor":7,"turns":5},{"damage":7,"enemies":"Large Slime","floor":10,"turns":4},{"damage":22,"enemies":"Lagavulin","floor":11,"turns":4},{"damage":0,"enemies":"Lots of Slimes","floor":12,"turns":1},{"damage":0,"enemies":"Red Slaver","floor":13,"turns":2},{"damage":1,"enemies":"Exordium Wildlife","floor":14,"turns":3},{"damage":15,"enemies":"Slime Boss","floor":16,"turns":11},{"damage":0,"enemies":"Chosen","floor":18,"turns":5},{"damage":7,"enemies":"Shell Parasite","floor":21,"turns":5},{"damage":14,"enemies":"Book of Stabbing","floor":24,"turns":4},{"damage":0,"enemies":"Gremlin Leader","floor":27,"turns":5},{"damage":2,"enemies":"3 Cultists","floor":30,"turns":5},{"damage":15,"enemies":"Champ","floor":33,"turns":10},{"damage":0,"enemies":"3 Darklings","floor":35,"turns":5},{"damage":0,"enemies":"Giant Head","floor":40,"turns":6},{"damage":0,"enemies":"Orb Walker","floor":41,"turns":3},{"damage":0,"enemies":"4 Shapes","floor":45,"turns":2},{"damage":9,"enemies":"Nemesis","floor":46,"turns":4},{"damage":0,"enemies":"Mind Bloom Boss Battle","floor":47,"turns":7},{"damage":18,"enemies":"Spire Growth","floor":48,"turns":3},{"damage":4,"enemies":"Donu and Deca","floor":50,"turns":8},{"damage":39,"enemies":"Shield and Spear","floor":54,"turns":11},{"damage":69,"enemies":"The Heart","floor":55,"turns":10}],"seed_played":"-5188760604393820872","potions_obtained":[{"floor":1,"key":"PowerPotion"},{"floor":11,"key":"Explosive Potion"},{"floor":12,"key":"Energy Potion"},{"floor":16,"key":"Block Potion"},{"floor":33,"key":"LiquidBronze"}],"is_trial":false,"path_per_floor":["M","?","M","M","M","R","E","R","T","M","E","M","M","M","R","B",null,"M","?","$","M","?","R","E","?","T","E","?","R","M","$","R","B",null,"M","$","?","T","?","E","M","R","T","R","M","E","?","M","R","B",null,"R","$","E","B",null],"character_chosen":"DEFECT","items_purchased":["Runic Capacitor","Consume","PreservedInsect","Stack+1","Fusion+1","Medical Kit","Compile Driver"],"campfire_rested":1,"item_purchase_floors":[20,20,31,31,36,53,53],"current_hp_per_floor":[60,60,60,60,56,56,31,52,52,45,23,23,23,22,22,7,55,55,55,55,48,48,48,34,34,34,34,34,34,32,32,32,17,58,58,58,58,58,58,58,58,58,58,58,58,49,49,45,45,57,65,65,65,67,32],"gold":47,"neow_bonus":"ONE_RARE_RELIC","is_prod":false,"is_daily":false,"chose_seed":false,"campfire_upgraded":8,"win_rate":0,"timestamp":1556795936,"path_taken":["M","?","M","M","?","R","E","R","T","M","E","M","M","M","R","BOSS","M","?","$","M","?","R","E","?","T","E","?","R","M","?","R","BOSS","M","$","?","?","?","E","M","R","T","R","M","E","?","M","R","BOSS","R","$","E","BOSS"],"build_version":"2019-01-23","purchased_purges":1,"victory":true,"max_hp_per_floor":[71,71,71,71,71,71,71,71,71,71,71,71,71,71,71,71,71,71,71,71,71,71,71,71,71,71,71,71,71,71,71,71,71,71,71,71,71,71,67,67,67,67,67,67,67,67,67,67,67,67,67,67,67,67,67],"card_choices":[{"not_picked":["Sunder","Barrage"],"picked":"Ball Lightning","floor":1},{"not_picked":["Gash","Hello World"],"picked":"Barrage","floor":3},{"not_picked":["Melter","Streamline"],"picked":"Doom and Gloom","floor":4},{"not_picked":["Compile Driver","Ball Lightning"],"picked":"Genetic Algorithm","floor":5},{"not_picked":["Gash","Stack"],"picked":"BootSequence","floor":7},{"not_picked":["Blizzard","Compile Driver","Barrage"],"picked":"SKIP","floor":10},{"not_picked":["Blizzard","Ball Lightning"],"picked":"Cold Snap","floor":11},{"not_picked":["Machine Learning","Hello World"],"picked":"Cold Snap","floor":12},{"not_picked":["Conserve Battery","Compile Driver"],"picked":"Steam","floor":13},{"not_picked":["Barrage","Heatsinks","Melter"],"picked":"SKIP","floor":14},{"not_picked":["Compile Driver","Genetic Algorithm"],"picked":"Defragment","floor":18},{"not_picked":["Heatsinks+1","Storm","Rebound+1"],"picked":"SKIP","floor":21},{"not_picked":["Compile Driver+1","Stack"],"picked":"Turbo","floor":24},{"not_picked":["Redo+1","Beam Cell","Doom and Gloom"],"picked":"SKIP","floor":27},{"not_picked":["Redo+1","Multi-Cast+1"],"picked":"Hologram+1","floor":30},{"not_picked":["Electrodynamics","Rainbow+1"],"picked":"Reboot+1","floor":33},{"not_picked":["Ball Lightning","Static Discharge","Capacitor+1"],"picked":"SKIP","floor":35},{"not_picked":["Turbo+1","Force Field+1"],"picked":"Creative AI","floor":40},{"not_picked":["Blizzard","Fusion+1"],"picked":"Steam+1","floor":41},{"not_picked":["Streamline","Leap+1","Beam Cell"],"picked":"SKIP","floor":45},{"not_picked":["Genetic Algorithm+1","Storm+1"],"picked":"Cold Snap","floor":46},{"not_picked":["Conserve Battery+1","Barrage"],"picked":"Chaos+1","floor":48},{"not_picked":["Force Field+1","All For One","Chaos+1"],"picked":"SKIP","floor":54}],"player_experience":308082,"relics_obtained":[{"floor":7,"key":"Shuriken"},{"floor":9,"key":"Old Coin"},{"floor":11,"key":"Ice Cream"},{"floor":24,"key":"Toxic Egg 2"},{"floor":26,"key":"Lantern"},{"floor":27,"key":"Orichalcum"},{"floor":37,"key":"Letter Opener"},{"floor":38,"key":"Matryoshka"},{"floor":40,"key":"Boot"},{"floor":43,"key":"Symbiotic Virus"},{"floor":46,"key":"Bag of Marbles"},{"floor":47,"key":"Bird Faced Urn"},{"floor":54,"key":"Unceasing Top"}],"event_choices":[{"damage_healed":0,"gold_gain":0,"player_choice":"1 cards matched","damage_taken":0,"max_hp_gain":0,"max_hp_loss":0,"event_name":"Match and Keep!","floor":2,"gold_loss":0,"cards_obtained":["Biased Cognition"]},{"cards_removed":["Chaos"],"damage_healed":0,"gold_gain":0,"player_choice":"Elegance","damage_taken":0,"max_hp_gain":0,"max_hp_loss":0,"event_name":"Back to Basics","floor":19,"gold_loss":0},{"damage_healed":0,"gold_gain":0,"player_choice":"Ignored","damage_taken":0,"max_hp_gain":0,"max_hp_loss":0,"event_name":"Vampires","floor":22,"gold_loss":0},{"damage_healed":0,"gold_gain":0,"player_choice":"Ignored","damage_taken":0,"max_hp_gain":0,"max_hp_loss":0,"event_name":"Cursed Tome","floor":25,"gold_loss":0},{"damage_healed":0,"gold_gain":0,"player_choice":"Obtained Relic","damage_taken":0,"relics_obtained":["Juzu Bracelet"],"max_hp_gain":0,"max_hp_loss":0,"event_name":"Addict","floor":28,"gold_loss":85},{"damage_healed":0,"gold_gain":0,"player_choice":"Relic","damage_taken":0,"max_hp_gain":0,"max_hp_loss":0,"event_name":"Wheel of Change","floor":37,"gold_loss":0},{"damage_healed":0,"gold_gain":0,"player_choice":"Max HP","damage_taken":0,"max_hp_gain":0,"max_hp_loss":4,"event_name":"Winding Halls","floor":39,"gold_loss":0},{"damage_healed":0,"gold_gain":0,"player_choice":"Fight","damage_taken":0,"max_hp_gain":0,"max_hp_loss":0,"event_name":"MindBloom","floor":47,"gold_loss":0}],"is_beta":false,"boss_relics":[{"not_picked":["Empty Cage","Lizard Tail"],"picked":"Pandora\u0027s Box"},{"not_picked":["Runic Pyramid","Calling Bell"],"picked":"Sozu"}],"items_purged_floors":[20],"is_endless":false,"potions_floor_spawned":[1,11,12,16,21,33,45,46,47],"ascension_level":17}