{"gold_per_floor":[209,219,269,289,48,48,48,62,62,62,62,76,76,86,86,160,160,177,177,195,245,54,54,1,1,78,107,107,107],"floor_reached":29,"playtime":939,"items_purged":["Pain"],"score":482,"play_id":"4920076f-dc90-441b-ac6a-5e33344da5f2","local_time":"20190426061843","is_ascension_mode":true,"campfire_choices":[{"data":"Zap","floor":6,"key":"SMITH"},{"data":"Consume","floor":11,"key":"SMITH"},{"floor":13,"key":"REST"},{"data":"Capacitor","floor":15,"key":"SMITH"},{"floor":23,"key":"REST"},{"data":"Rainbow","floor":25,"key":"SMITH"}],"neow_cost":"NONE","seed_source_timestamp":303148050805203,"circlet_count":0,"master_deck":["AscendersBane","Strike_B","Strike_B","Strike_B","Defend_B","Defend_B","Defend_B","Defend_B","Zap+1","Dualcast","Consume+1","Ball Lightning","Sweeping Beam","Capacitor+1","BootSequence","Ball Lightning","Loop+1","Rainbow+1","Capacitor+1","Heatsinks+1","Loop+1","Auto Shields"],"relics":["Cracked Core","Bag of Marbles","Frozen Egg 2","Runic Dome","WarpedTongs","Incense Burner"],"potions_floor_usage":[7,8,27],"damage_taken":[{"damage":0,"enemies":"Cultist","floor":1,"turns":3},{"damage":7,"enemies":"Jaw Worm","floor":2,"turns":4},{"damage":14,"enemies":"Small Slimes","floor":4,"turns":3},{"damage":11,"enemies":"Gremlin Nob","floor":7,"turns":3},{"damage":10,"enemies":"Gremlin Gang","floor":8,"turns":3},{"damage":2,"enemies":"3 Louse","floor":12,"turns":2},{"damage":0,"enemies":"Looter","floor":14,"turns":2},{"damage":16,"enemies":"Hexaghost","floor":16,"turns":7},{"damage":21,"enemies":"3 Byrds","floor":18,"turns":4},{"damage":14,"enemies":"Spheric Guardian","floor":20,"turns":3},{"damage":14,"enemies":"Gremlin Leader","floor":27,"turns":7},{"damage":28,"enemies":"Book of Stabbing","floor":29,"turns":3}],"seed_played":"-1785314005166882535","potions_obtained":[{"floor":1,"key":"Energy Potion"},{"floor":2,"key":"SmokeBomb"},{"floor":12,"key":"SteroidPotion"},{"floor":18,"key":"Energy Potion"}],"is_trial":false,"path_per_floor":["M","M","?","M","$","R","E","M","T","?","R","M","R","M","R","B",null,"M","?","M","?","$","R","$","R","T","E","?","E"],"character_chosen":"DEFECT","items_purchased":["Capacitor","Bag of Marbles","Loop+1","Auto Shields","AttackPotion"],"campfire_rested":2,"item_purchase_floors":[5,5,22,22,24],"current_hp_per_floor":[64,57,50,36,36,36,25,15,15,8,8,6,27,27,27,11,56,35,35,21,21,21,42,42,42,42,28,28,0],"gold":107,"neow_bonus":"HUNDRED_GOLD","is_prod":false,"is_daily":false,"chose_seed":false,"campfire_upgraded":4,"win_rate":0,"timestamp":1556273923,"path_taken":["M","M","?","?","$","R","E","M","T","?","R","M","R","M","R","BOSS","M","?","?","?","$","R","$","R","T","E","?","E"],"build_version":"2019-01-23","purchased_purges":1,"victory":false,"max_hp_per_floor":[71,71,71,71,71,71,71,71,71,71,71,71,71,71,71,71,71,71,71,71,71,71,71,71,71,71,71,71,71],"card_choices":[{"not_picked":["Force Field","Stack"],"picked":"Consume","floor":1},{"not_picked":["Redo","Steam"],"picked":"Ball Lightning","floor":2},{"not_picked":["Compile Driver","Self Repair"],"picked":"Sweeping Beam","floor":4},{"not_picked":["Meteor Strike","Scrape"],"picked":"BootSequence","floor":8},{"not_picked":["Melter","Go for the Eyes"],"picked":"Ball Lightning","floor":12},{"not_picked":["BootSequence","Genetic Algorithm"],"picked":"Loop+1","floor":14},{"not_picked":["Fission","Multi-Cast"],"picked":"Rainbow","floor":16},{"not_picked":["Sweeping Beam","Leap+1"],"picked":"Capacitor+1","floor":18},{"not_picked":["Gash","Streamline"],"picked":"Heatsinks+1","floor":20},{"not_picked":["Steam","Beam Cell","Rip and Tear"],"picked":"SKIP","floor":27}],"player_experience":1951630,"relics_obtained":[{"floor":9,"key":"Frozen Egg 2"},{"floor":27,"key":"Incense Burner"}],"event_choices":[{"damage_healed":0,"gold_gain":50,"player_choice":"Touch","damage_taken":7,"max_hp_gain":0,"max_hp_loss":0,"event_name":"FaceTrader","floor":3,"gold_loss":0},{"cards_removed":["Strike_B"],"damage_healed":0,"gold_gain":0,"player_choice":"Card Removal","damage_taken":7,"max_hp_gain":0,"max_hp_loss":0,"event_name":"Golden Wing","floor":10,"gold_loss":0},{"damage_healed":0,"gold_gain":0,"player_choice":"Rummage","damage_taken":0,"relics_obtained":["WarpedTongs"],"max_hp_gain":0,"max_hp_loss":0,"event_name":"Accursed Blacksmith","floor":19,"gold_loss":0,"cards_obtained":["Pain"]},{"damage_healed":0,"gold_gain":50,"player_choice":"Stole From Cult","damage_taken":0,"max_hp_gain":0,"max_hp_loss":0,"event_name":"Nest","floor":21,"gold_loss":0},{"damage_healed":0,"gold_gain":0,"player_choice":"Ignored","damage_taken":0,"max_hp_gain":0,"max_hp_loss":0,"event_name":"Cursed Tome","floor":28,"gold_loss":0}],"is_beta":false,"boss_relics":[{"not_picked":["Empty Cage","Tiny House"],"picked":"Runic Dome"}],"items_purged_floors":[22],"is_endless":false,"potions_floor_spawned":[1,2,7,12,18],"killed_by":"Book of Stabbing","ascension_level":20}