{"gold_per_floor":[110,125,145,162,162,262,262,274,299,319,349,362,362,389,389,484,484,496,513,513,241,254,254,265,265,316,330,358,358,393,407,407,506,506,518,518,529,529,76,76,101,101,126,126,126,144,164,176,176,176,176,176,42,76,76],"floor_reached":55,"playtime":3648,"items_purged":["Iron Wave"],"score":806,"play_id":"056b3f31-f93f-4799-ae4a-4422ae15d338","local_time":"20181229143118","is_ascension_mode":false,"campfire_choices":[{"data":"Perfected Strike","floor":7,"key":"SMITH"},{"floor":15,"key":"REST"},{"data":"Perfected Strike","floor":23,"key":"SMITH"},{"data":"Heavy Blade","floor":25,"key":"SMITH"},{"data":"Demon Form","floor":29,"key":"SMITH"},{"floor":32,"key":"RECALL"},{"data":"Madness","floor":40,"key":"SMITH"},{"data":"Armaments","floor":42,"key":"SMITH"},{"data":"Madness","floor":45,"key":"SMITH"},{"data":"Perfected Strike","floor":49,"key":"SMITH"},{"data":"Demon Form","floor":52,"key":"SMITH"}],"neow_cost":"NONE","seed_source_timestamp":279066696032692,"circlet_count":0,"master_deck":["Strike_R+1","Strike_R+1","Strike_R+1","Strike_R+1","Strike_R+1","Defend_R+1","Defend_R+1","Bash","Perfected Strike+1","Cleave","Flex","Perfected Strike+1","Wild Strike","Twin Strike","Flex","Flame Barrier","Demon Form+1","Pommel Strike","Wild Strike","Heavy Blade+1","Shrug It Off","Twin Strike","Perfected Strike+1","Shrug It Off+1","Demon Form+1","Battle Trance+1","Madness+1","Madness+1","Armaments+1","Pummel+1","Pain","Injury","Whirlwind+1","Spot Weakness+1","Apotheosis"],"relics":["Burning Blood","NeowsBlessing","Pen Nib","Happy Flower","Orichalcum","Centennial Puzzle","Eternal Feather","Sling","Bag of Marbles","Blue Candle","The Courier","Cursed Key","Matryoshka","Toy Ornithopter","Mercury Hourglass","Vajra","Blood Vial","Red Skull","Bronze Scales"],"potions_floor_usage":[8,14,14,14,22,33,46,50,50,50,55],"damage_taken":[{"damage":0,"enemies":"2 Louse","floor":1,"turns":1},{"damage":0,"enemies":"Cultist","floor":2,"turns":1},{"damage":0,"enemies":"Jaw Worm","floor":3,"turns":1},{"damage":9,"enemies":"Blue Slaver","floor":4,"turns":4},{"damage":0,"enemies":"Exordium Wildlife","floor":8,"turns":3},{"damage":0,"enemies":"2 Fungi Beasts","floor":10,"turns":2},{"damage":36,"enemies":"Lagavulin","floor":11,"turns":4},{"damage":4,"enemies":"Blue Slaver","floor":12,"turns":3},{"damage":0,"enemies":"3 Sentries","floor":14,"turns":3},{"damage":23,"enemies":"Slime Boss","floor":16,"turns":7},{"damage":30,"enemies":"3 Byrds","floor":18,"turns":6},{"damage":18,"enemies":"2 Thieves","floor":19,"turns":3},{"damage":10,"enemies":"Chosen and Byrds","floor":22,"turns":5},{"damage":7,"enemies":"Sentry and Sphere","floor":24,"turns":3},{"damage":0,"enemies":"Snecko","floor":27,"turns":3},{"damage":12,"enemies":"Gremlin Leader","floor":28,"turns":3},{"damage":6,"enemies":"Book of Stabbing","floor":30,"turns":2},{"damage":9,"enemies":"Snake Plant","floor":31,"turns":3},{"damage":46,"enemies":"Champ","floor":33,"turns":7},{"damage":9,"enemies":"Orb Walker","floor":35,"turns":2},{"damage":22,"enemies":"3 Darklings","floor":37,"turns":3},{"damage":29,"enemies":"Giant Head","floor":41,"turns":6},{"damage":0,"enemies":"Jaw Worm Horde","floor":46,"turns":2},{"damage":8,"enemies":"Transient","floor":47,"turns":5},{"damage":25,"enemies":"Spire Growth","floor":48,"turns":3},{"damage":71,"enemies":"Awakened One","floor":50,"turns":8},{"damage":41,"enemies":"Shield and Spear","floor":54,"turns":4},{"damage":98,"enemies":"The Heart","floor":55,"turns":3}],"seed_played":"5245949057353922781","potions_obtained":[{"floor":1,"key":"Swift Potion"},{"floor":2,"key":"FearPotion"},{"floor":8,"key":"Strength Potion"},{"floor":12,"key":"SkillPotion"},{"floor":28,"key":"GamblersBrew"},{"floor":30,"key":"FearPotion"},{"floor":31,"key":"Explosive Potion"},{"floor":37,"key":"EssenceOfSteel"},{"floor":46,"key":"EssenceOfSteel"},{"floor":54,"key":"Explosive Potion"}],"is_trial":false,"path_per_floor":["M","M","M","M","?","?","R","M","T","M","E","M","?","E","R","B",null,"M","M","?","$","M","R","M","R","T","M","E","R","E","M","R","B",null,"M","?","M","?","$","R","E","R","T","T","R","M","M","M","R","B",null,"R","$","E","B"],"character_chosen":"IRONCLAD","items_purchased":["Sling","Regen Potion","Matryoshka","Armaments","Toy Ornithopter","Apotheosis"],"campfire_rested":1,"item_purchase_floors":[21,21,39,39,39,53],"current_hp_per_floor":[80,80,80,77,70,70,70,76,76,80,50,52,34,40,64,47,80,56,44,44,44,54,66,65,77,77,80,74,80,80,77,80,40,80,77,77,61,51,51,66,43,61,61,61,79,80,78,61,79,30,80,80,80,45,0],"gold":76,"neow_bonus":"THREE_ENEMY_KILL","is_prod":false,"is_daily":false,"chose_seed":false,"campfire_upgraded":9,"win_rate":0,"timestamp":1546111878,"path_taken":["M","M","M","M","?","?","R","M","T","?","E","M","?","E","R","BOSS","M","M","?","$","M","R","M","R","T","M","E","R","E","M","R","BOSS","M","?","M","?","$","R","E","R","T","?","R","M","M","M","R","BOSS","R","$","E","BOSS"],"build_version":"2018-12-20","purchased_purges":1,"victory":false,"max_hp_per_floor":[80,80,80,80,80,80,80,80,80,80,80,80,80,80,80,80,80,80,80,80,80,80,80,80,80,80,80,80,80,80,80,80,80,80,80,80,80,80,80,80,80,80,80,80,80,80,80,80,80,80,80,80,80,80,80],"card_choices":[{"not_picked":["Reckless Charge","Clash"],"picked":"Iron Wave","floor":1},{"not_picked":["Feel No Pain","Cleave"],"picked":"Perfected Strike","floor":2},{"not_picked":["Pummel","Body Slam"],"picked":"Cleave","floor":3},{"not_picked":["Body Slam","Uppercut"],"picked":"Flex","floor":4},{"not_picked":["Clash","Demon Form"],"picked":"Perfected Strike","floor":8},{"not_picked":["Heavy Blade","Flex"],"picked":"Wild Strike","floor":10},{"not_picked":["Body Slam","Flex"],"picked":"Twin Strike","floor":11},{"not_picked":["Uppercut","Clash"],"picked":"Flex","floor":12},{"not_picked":["Iron Wave","Flex"],"picked":"Flame Barrier","floor":14},{"not_picked":["Juggernaut","Berserk"],"picked":"Demon Form","floor":16},{"not_picked":["Hemokinesis","Burning Pact","Thunderclap"],"picked":"SKIP","floor":18},{"not_picked":["Combust+1","Thunderclap+1"],"picked":"Pommel Strike","floor":19},{"not_picked":["Combust","Warcry"],"picked":"Wild Strike","floor":22},{"not_picked":["Second Wind+1","Rampage"],"picked":"Heavy Blade","floor":24},{"not_picked":["Clash","Brutality"],"picked":"Shrug It Off","floor":27},{"not_picked":["Flex","Sentinel+1"],"picked":"Twin Strike","floor":28},{"not_picked":["Anger","Intimidate"],"picked":"Perfected Strike","floor":30},{"not_picked":["Body Slam","Headbutt"],"picked":"Shrug It Off+1","floor":31},{"not_picked":["Brutality","Fiend Fire"],"picked":"Demon Form","floor":33},{"not_picked":["Headbutt+1","Pummel"],"picked":"Battle Trance+1","floor":35},{"not_picked":["Combust","Evolve","Iron Wave"],"picked":"SKIP","floor":37},{"not_picked":["Dark Embrace","Flex"],"picked":"Pummel+1","floor":41},{"not_picked":["Pommel Strike","Body Slam"],"picked":"Whirlwind+1","floor":46},{"not_picked":["Power Through","Searing Blow","Cleave+1"],"picked":"SKIP","floor":47},{"not_picked":["Flex+1","Havoc"],"picked":"Spot Weakness+1","floor":48},{"not_picked":["Brutality","Headbutt+1","Offering"],"picked":"SKIP","floor":54}],"player_experience":485111,"relics_obtained":[{"floor":9,"key":"Pen Nib"},{"floor":11,"key":"Happy Flower"},{"floor":14,"key":"Centennial Puzzle"},{"floor":26,"key":"Bag of Marbles"},{"floor":28,"key":"Blue Candle"},{"floor":30,"key":"The Courier"},{"floor":41,"key":"Mercury Hourglass"},{"floor":43,"key":"Vajra"},{"floor":44,"key":"Blood Vial"},{"floor":44,"key":"Red Skull"},{"floor":54,"key":"Bronze Scales"}],"event_choices":[{"cards_removed":["Defend_R"],"damage_healed":0,"gold_gain":0,"player_choice":"Card Removal","damage_taken":7,"max_hp_gain":0,"max_hp_loss":0,"event_name":"Golden Wing","floor":5,"gold_loss":0},{"damage_healed":0,"gold_gain":100,"player_choice":"Gold","damage_taken":0,"max_hp_gain":0,"max_hp_loss":0,"event_name":"Wheel of Change","floor":6,"gold_loss":0},{"damage_healed":0,"gold_gain":0,"player_choice":"Success","damage_taken":18,"relics_obtained":["Orichalcum"],"max_hp_gain":0,"max_hp_loss":0,"event_name":"Scrap Ooze","floor":13,"gold_loss":0},{"damage_healed":0,"gold_gain":0,"player_choice":"Simplicity","damage_taken":0,"max_hp_gain":0,"max_hp_loss":0,"event_name":"Back to Basics","floor":20,"gold_loss":0,"cards_upgraded":["Strike_R","Strike_R","Strike_R","Strike_R","Strike_R","Defend_R","Defend_R","Defend_R"]},{"cards_removed":["Defend_R"],"damage_healed":0,"gold_gain":0,"player_choice":"Removed Skill","damage_taken":0,"max_hp_gain":0,"max_hp_loss":0,"event_name":"Falling","floor":36,"gold_loss":0},{"damage_healed":0,"gold_gain":0,"player_choice":"Embrace Madness","damage_taken":10,"max_hp_gain":0,"max_hp_loss":0,"event_name":"Winding Halls","floor":38,"gold_loss":0,"cards_obtained":["Madness","Madness"]}],"is_beta":false,"boss_relics":[{"not_picked":["Astrolabe","Pandora\u0027s Box"],"picked":"Eternal Feather"},{"not_picked":["Fusion Hammer","Sozu"],"picked":"Cursed Key"}],"items_purged_floors":[39],"is_endless":false,"potions_floor_spawned":[1,2,8,12,28,30,31,37,46,48,54],"killed_by":"The Heart","ascension_level":0}