{"gold_per_floor":[115,31,31,46,65,65,96,151,205,237,237,251,251,263,263,342,342,356,356,356,456,473,508,508,537,537,114,140,140,190,80,80,155,155,171,171],"floor_reached":36,"playtime":2090,"items_purged":["Strike_B","Strike_B+1"],"score":902,"play_id":"ae1ef04a-c228-4678-aa56-26f38d85fd7d","local_time":"20190507143714","is_ascension_mode":true,"campfire_choices":[{"data":"Zap","floor":6,"key":"SMITH"},{"floor":11,"key":"REST"},{"data":"Sweeping Beam","floor":13,"key":"SMITH"},{"floor":15,"key":"REST"},{"data":"Static Discharge","floor":24,"key":"SMITH"},{"data":"Defragment","floor":32,"key":"SMITH"}],"neow_cost":"NONE","seed_source_timestamp":18834518334283,"circlet_count":0,"master_deck":["AscendersBane","Defend_B","Defend_B","Defend_B","Defend_B","Zap+1","Dualcast","Rip and Tear","FTL","Ball Lightning","Hologram","Static Discharge+1","Sweeping Beam+1","All For One","Beam Cell+1","Ghostly","Ghostly","Ghostly","Defragment+1","Doom and Gloom+1","Conserve Battery","Reinforced Body","Defragment","Glacier","Seek","Coolheaded"],"relics":["Cracked Core","Pen Nib","Centennial Puzzle","Regal Pillow","Blood Vial","Velvet Choker","Ice Cream","Ornamental Fan","Whetstone","Matryoshka","Orichalcum","The Courier","Oddly Smooth Stone","Potion Belt","Art of War","Black Star"],"potions_floor_usage":[7,8,10,23,25,28,33,33,35,36],"damage_taken":[{"damage":4,"enemies":"2 Louse","floor":1,"turns":3},{"damage":7,"enemies":"Jaw Worm","floor":4,"turns":2},{"damage":13,"enemies":"Small Slimes","floor":5,"turns":3},{"damage":20,"enemies":"3 Sentries","floor":7,"turns":5},{"damage":25,"enemies":"3 Sentries","floor":8,"turns":6},{"damage":0,"enemies":"Gremlin Nob","floor":10,"turns":2},{"damage":1,"enemies":"2 Fungi Beasts","floor":12,"turns":2},{"damage":9,"enemies":"3 Louse","floor":14,"turns":3},{"damage":12,"enemies":"Slime Boss","floor":16,"turns":7},{"damage":13,"enemies":"Chosen","floor":18,"turns":4},{"damage":2,"enemies":"Colosseum Slavers","floor":21,"turns":3},{"damage":3,"enemies":"Colosseum Nobs","floor":21,"turns":4},{"damage":2,"enemies":"2 Thieves","floor":22,"turns":3},{"damage":10,"enemies":"Book of Stabbing","floor":23,"turns":4},{"damage":1,"enemies":"Gremlin Leader","floor":25,"turns":3},{"damage":16,"enemies":"Book of Stabbing","floor":28,"turns":5},{"damage":8,"enemies":"Automaton","floor":33,"turns":10},{"damage":8,"enemies":"3 Shapes","floor":35,"turns":3},{"damage":34,"enemies":"2 Orb Walkers","floor":36,"turns":6}],"seed_played":"-4257668081815587694","potions_obtained":[{"floor":5,"key":"PowerPotion"},{"floor":7,"key":"Regen Potion"},{"floor":8,"key":"FearPotion"},{"floor":12,"key":"Explosive Potion"},{"floor":21,"key":"PowerPotion"},{"floor":23,"key":"PowerPotion"},{"floor":25,"key":"Poison Potion"},{"floor":33,"key":"FocusPotion"}],"is_trial":false,"path_per_floor":["M","$","?","M","M","R","E","?","T","E","R","M","R","M","R","B",null,"M","?","?","?","M","E","R","E","T","$","E","?","?","$","R","B",null,"M","?"],"character_chosen":"DEFECT","items_purchased":["Rip and Tear","Oddly Smooth Stone","Potion Belt","SpeedPotion","Ancient Potion","Glacier"],"campfire_rested":2,"item_purchase_floors":[2,27,27,27,27,31],"current_hp_per_floor":[67,67,67,60,47,47,27,17,17,17,55,56,56,49,78,66,75,64,39,39,36,36,28,28,29,29,29,15,15,15,15,15,9,32,26,0],"gold":171,"neow_bonus":"TEN_PERCENT_HP_BONUS","is_prod":false,"is_daily":false,"chose_seed":false,"campfire_upgraded":4,"win_rate":0,"timestamp":1557265034,"path_taken":["M","$","?","M","M","R","E","?","T","E","R","M","R","M","R","BOSS","M","?","?","?","M","E","R","E","T","$","E","?","?","?","R","BOSS","M","?"],"build_version":"2019-04-23","purchased_purges":2,"victory":false,"max_hp_per_floor":[78,78,78,78,78,78,78,78,78,78,78,78,78,78,78,78,78,78,39,39,39,39,39,39,39,39,39,39,39,39,39,39,39,39,39,39],"card_choices":[{"not_picked":["Redo","Streamline","Steam"],"picked":"SKIP","floor":1},{"not_picked":["Reinforced Body","Beam Cell"],"picked":"FTL","floor":4},{"not_picked":["Aggregate","Genetic Algorithm"],"picked":"Ball Lightning","floor":5},{"not_picked":["Gash","Barrage"],"picked":"Hologram","floor":7},{"not_picked":["Gash","BootSequence"],"picked":"Static Discharge","floor":10},{"not_picked":["BootSequence","Steam"],"picked":"Sweeping Beam","floor":12},{"not_picked":["Redo","Hello World","Ball Lightning"],"picked":"SKIP","floor":14},{"not_picked":["Hyperbeam","Rainbow"],"picked":"All For One","floor":16},{"not_picked":["Go for the Eyes","Hologram"],"picked":"Beam Cell+1","floor":18},{"not_picked":["White Noise","Leap"],"picked":"Conserve Battery","floor":21},{"not_picked":["Conserve Battery","Ball Lightning","Steam"],"picked":"SKIP","floor":22},{"not_picked":["Reboot","White Noise","Steam"],"picked":"SKIP","floor":23},{"not_picked":["Go for the Eyes","Redo"],"picked":"Reinforced Body","floor":25},{"not_picked":["Streamline+1","Amplify"],"picked":"Defragment","floor":28},{"not_picked":["Reboot","All For One"],"picked":"Seek","floor":33},{"not_picked":["Stack+1","Genetic Algorithm"],"picked":"Coolheaded","floor":35}],"player_experience":6239161,"relics_obtained":[{"floor":7,"key":"Pen Nib"},{"floor":8,"key":"Centennial Puzzle"},{"floor":9,"key":"Regal Pillow"},{"floor":10,"key":"Blood Vial"},{"floor":21,"key":"Ice Cream"},{"floor":21,"key":"Ornamental Fan"},{"floor":23,"key":"Whetstone"},{"floor":25,"key":"Matryoshka"},{"floor":26,"key":"Orichalcum"},{"floor":26,"key":"The Courier"},{"floor":28,"key":"Art of War"}],"event_choices":[{"damage_healed":0,"gold_gain":0,"player_choice":"Ignored","damage_taken":0,"max_hp_gain":0,"max_hp_loss":0,"event_name":"Liars Game","floor":3,"gold_loss":0},{"damage_healed":0,"gold_gain":30,"player_choice":"Searched \u00273\u0027 times","damage_taken":0,"max_hp_gain":0,"max_hp_loss":0,"event_name":"Dead Adventurer","floor":8,"gold_loss":0},{"damage_healed":0,"gold_gain":0,"player_choice":"Became a Ghost","damage_taken":0,"max_hp_gain":0,"max_hp_loss":39,"event_name":"Ghosts","floor":19,"gold_loss":0,"cards_obtained":["Ghostly","Ghostly","Ghostly"]},{"damage_healed":0,"gold_gain":0,"cards_transformed":["Strike_B","Strike_B"],"player_choice":"Became Test Subject","damage_taken":0,"max_hp_gain":0,"max_hp_loss":0,"event_name":"Drug Dealer","floor":20,"gold_loss":0,"cards_obtained":["Defragment","Doom and Gloom"]},{"damage_healed":0,"gold_gain":0,"player_choice":"Fight","damage_taken":0,"max_hp_gain":0,"max_hp_loss":0,"event_name":"Colosseum","floor":21,"gold_loss":0},{"damage_healed":0,"gold_gain":0,"player_choice":"Fought Nobs","damage_taken":0,"max_hp_gain":0,"max_hp_loss":0,"event_name":"Colosseum","floor":21,"gold_loss":0},{"damage_healed":0,"gold_gain":0,"player_choice":"Ignored","damage_taken":0,"max_hp_gain":0,"max_hp_loss":0,"event_name":"Vampires","floor":29,"gold_loss":0},{"damage_healed":0,"gold_gain":50,"player_choice":"Stole From Cult","damage_taken":0,"max_hp_gain":0,"max_hp_loss":0,"event_name":"Nest","floor":30,"gold_loss":0},{"damage_healed":0,"gold_gain":0,"player_choice":"Fight","damage_taken":0,"max_hp_gain":0,"max_hp_loss":0,"event_name":"Mysterious Sphere","floor":36,"gold_loss":0}],"is_beta":true,"boss_relics":[{"not_picked":["Runic Dome","Lizard Tail"],"picked":"Velvet Choker"},{"not_picked":["Calling Bell","White Beast Statue"],"picked":"Black Star"}],"items_purged_floors":[27,31],"is_endless":false,"potions_floor_spawned":[5,7,8,12,21,23,25,33],"killed_by":"2 Orb Walkers","ascension_level":20}