{"gold_per_floor":[111,26,37,54,104,104,139,158,183,183,46,46,81,99,99,99],"floor_reached":16,"playtime":570,"items_purged":[],"score":220,"play_id":"cf80f688-6435-4386-b7a2-8fca624af56c","local_time":"20190305131452","is_ascension_mode":true,"campfire_choices":[{"data":"Trip","floor":6,"key":"SMITH"},{"data":"Havoc","floor":10,"key":"SMITH"},{"data":"Disarm","floor":12,"key":"SMITH"},{"data":"Havoc","floor":15,"key":"SMITH"}],"neow_cost":"TEN_PERCENT_HP_LOSS","seed_source_timestamp":352483587804786,"circlet_count":0,"master_deck":["AscendersBane","Strike_R","Strike_R","Strike_R","Strike_R","Strike_R","Defend_R","Defend_R","Defend_R","Defend_R","Bash","Secret Technique","Trip+1","Intimidate","Feel No Pain","Feel No Pain","Disarm+1","Havoc+1","Shockwave","Feel No Pain","Havoc+1","Dropkick","Spot Weakness"],"relics":["Burning Blood","Lantern","Ice Cream","Strawberry","Anchor"],"potions_floor_usage":[13,13],"damage_taken":[{"damage":1,"enemies":"Cultist","floor":1,"turns":3},{"damage":1,"enemies":"Small Slimes","floor":3,"turns":4},{"damage":4,"enemies":"Jaw Worm","floor":4,"turns":5},{"damage":20,"enemies":"3 Sentries","floor":7,"turns":19},{"damage":24,"enemies":"Large Slime","floor":8,"turns":9},{"damage":21,"enemies":"Gremlin Nob","floor":13,"turns":4},{"damage":0,"enemies":"Looter","floor":14,"turns":5},{"damage":34,"enemies":"Slime Boss","floor":16,"turns":12}],"seed_played":"3356753976624506452","potions_obtained":[{"floor":3,"key":"Explosive Potion"},{"floor":4,"key":"Fire Potion"}],"is_trial":false,"path_per_floor":["M","$","M","M","T","R","E","M","T","R","$","R","E","M","R","B"],"character_chosen":"IRONCLAD","items_purchased":["Feel No Pain","Feel No Pain","Havoc"],"campfire_rested":0,"item_purchase_floors":[2,11,11],"current_hp_per_floor":[68,68,68,68,68,68,54,36,43,43,43,43,28,34,34,0],"gold":99,"neow_bonus":"RANDOM_COLORLESS_2","is_prod":false,"is_daily":false,"chose_seed":false,"campfire_upgraded":4,"win_rate":0,"timestamp":1551816892,"path_taken":["M","$","M","M","?","R","E","M","T","R","$","R","E","M","R","BOSS"],"build_version":"2019-02-06","purchased_purges":0,"victory":false,"max_hp_per_floor":[68,68,68,68,68,68,68,68,75,75,75,75,75,75,75,75],"card_choices":[{"not_picked":["Dual Wield","Flex"],"picked":"Intimidate","floor":1},{"not_picked":["Carnage","Warcry"],"picked":"Feel No Pain","floor":3},{"not_picked":["Anger","Sever Soul"],"picked":"Disarm","floor":4},{"not_picked":["Heavy Blade","Burning Pact"],"picked":"Havoc","floor":7},{"not_picked":["Sword Boomerang","Evolve"],"picked":"Shockwave","floor":8},{"not_picked":["Dual Wield","Rupture"],"picked":"Dropkick","floor":13},{"not_picked":["Bloodletting","Power Through"],"picked":"Spot Weakness","floor":14}],"player_experience":1156542,"relics_obtained":[{"floor":5,"key":"Lantern"},{"floor":7,"key":"Ice Cream"},{"floor":9,"key":"Strawberry"},{"floor":13,"key":"Anchor"}],"event_choices":[],"is_beta":true,"boss_relics":[],"items_purged_floors":[],"is_endless":false,"potions_floor_spawned":[3,4],"killed_by":"Slime Boss","ascension_level":20}