{"gold_per_floor":[119,130,143,86,141,141,166,186,212,212,212,212,283,283,283,283],"floor_reached":16,"playtime":427,"items_purged":[],"score":216,"play_id":"a4f7c797-e369-4b24-abbf-15f2d7d71065","local_time":"20190405022101","is_ascension_mode":true,"campfire_choices":[{"data":"Wild Strike","floor":6,"key":"SMITH"},{"data":"Bash","floor":10,"key":"SMITH"},{"data":"Feel No Pain","floor":12,"key":"SMITH"},{"data":"Juggernaut","floor":15,"key":"SMITH"}],"neow_cost":"NONE","seed_source_timestamp":317322028971538,"circlet_count":0,"master_deck":["AscendersBane","Strike_R","Strike_R","Strike_R","Strike_R","Strike_R","Defend_R+1","Defend_R","Defend_R","Defend_R","Bash+1","Wild Strike+1","Flame Barrier","Feel No Pain+1","Evolve","Armaments+1","Offering","Juggernaut+1"],"relics":["Burning Blood","NeowsBlessing","Smiling Mask","War Paint","Golden Idol","Tiny Chest"],"potions_floor_usage":[7,13,16],"damage_taken":[{"damage":0,"enemies":"Cultist","floor":1,"turns":1},{"damage":0,"enemies":"2 Louse","floor":2,"turns":1},{"damage":0,"enemies":"Jaw Worm","floor":3,"turns":1},{"damage":25,"enemies":"3 Sentries","floor":7,"turns":10},{"damage":18,"enemies":"Large Slime","floor":8,"turns":7},{"damage":28,"enemies":"Gremlin Nob","floor":13,"turns":4},{"damage":39,"enemies":"Slime Boss","floor":16,"turns":3}],"seed_played":"-3381639825572462108","potions_obtained":[{"floor":8,"key":"AttackPotion"},{"floor":13,"key":"Regen Potion"}],"is_trial":false,"path_per_floor":["M","M","M","$","?","R","E","M","T","R","?","R","E","?","R","B"],"character_chosen":"IRONCLAD","items_purchased":["Explosive Potion"],"campfire_rested":0,"item_purchase_floors":[4],"current_hp_per_floor":[74,75,75,75,75,75,56,44,44,44,44,44,22,22,22,0],"gold":283,"neow_bonus":"THREE_ENEMY_KILL","is_prod":false,"is_daily":false,"chose_seed":false,"campfire_upgraded":4,"win_rate":0,"timestamp":1554445261,"path_taken":["M","M","?","$","?","R","E","M","T","R","?","R","E","?","R","BOSS"],"build_version":"2019-01-23","purchased_purges":0,"victory":false,"max_hp_per_floor":[75,75,75,75,75,75,75,75,75,75,68,68,68,68,68,68],"card_choices":[{"not_picked":["Heavy Blade","Clash"],"picked":"Wild Strike","floor":1},{"not_picked":["Clothesline","Flex"],"picked":"Flame Barrier","floor":2},{"not_picked":["Flex","Second Wind"],"picked":"Feel No Pain","floor":3},{"not_picked":["Sword Boomerang","Iron Wave"],"picked":"Evolve","floor":7},{"not_picked":["Anger","Rage"],"picked":"Armaments","floor":8},{"not_picked":["Headbutt","Power Through"],"picked":"Offering","floor":13}],"player_experience":1607717,"relics_obtained":[{"floor":7,"key":"Smiling Mask"},{"floor":9,"key":"War Paint"},{"floor":13,"key":"Tiny Chest"}],"event_choices":[{"damage_healed":0,"gold_gain":55,"player_choice":"Gained Gold","damage_taken":0,"max_hp_gain":0,"max_hp_loss":0,"event_name":"Golden Wing","floor":5,"gold_loss":0},{"damage_healed":0,"gold_gain":0,"player_choice":"Lose Max HP","damage_taken":0,"relics_obtained":["Golden Idol"],"max_hp_gain":0,"max_hp_loss":7,"event_name":"Golden Idol","floor":11,"gold_loss":0},{"damage_healed":0,"gold_gain":0,"player_choice":"1 cards matched","damage_taken":0,"max_hp_gain":0,"max_hp_loss":0,"event_name":"Match and Keep!","floor":14,"gold_loss":0,"cards_obtained":["Juggernaut"]}],"is_beta":false,"boss_relics":[],"items_purged_floors":[],"is_endless":false,"potions_floor_spawned":[8,13],"killed_by":"Slime Boss","ascension_level":20}