{"gold_per_floor":[19,94,94,94,52,52,71,71,97,97,107,120,120,120],"floor_reached":14,"playtime":336,"items_purged":[],"score":156,"play_id":"22b58840-f76d-409b-a72c-7e5788d7022b","local_time":"20190218225232","is_ascension_mode":true,"campfire_choices":[{"data":"Neutralize","floor":6,"key":"SMITH"},{"data":"Dodge and Roll","floor":8,"key":"SMITH"},{"data":"Sucker Punch","floor":10,"key":"SMITH"}],"neow_cost":"NO_GOLD","seed_source_timestamp":49307253109406,"circlet_count":0,"master_deck":["AscendersBane","Defend_G+1","Defend_G","Defend_G","Defend_G+1","Defend_G","Strike_G","Strike_G","Strike_G","Strike_G","Survivor","Neutralize+1","Dodge and Roll+1","Well Laid Plans","Sucker Punch+1","Deadly Poison"],"relics":["Ring of the Snake","Torii","Ancient Tea Set"],"potions_floor_usage":[12,14],"damage_taken":[{"damage":0,"enemies":"2 Louse","floor":1,"turns":2},{"damage":0,"enemies":"Small Slimes","floor":7,"turns":5},{"damage":0,"enemies":"Jaw Worm","floor":11,"turns":4},{"damage":3,"enemies":"Lots of Slimes","floor":12,"turns":9},{"damage":37,"enemies":"Gremlin Nob","floor":14,"turns":4}],"seed_played":"-510850323060370494","potions_obtained":[{"floor":4,"key":"Regen Potion"},{"floor":4,"key":"Swift Potion"},{"floor":7,"key":"EssenceOfSteel"}],"is_trial":false,"path_per_floor":["M","?","?","?","$","R","M","R","T","R","M","M","?","E"],"character_chosen":"THE_SILENT","items_purchased":["Well Laid Plans"],"campfire_rested":0,"item_purchase_floors":[5],"current_hp_per_floor":[59,48,41,41,41,41,41,41,41,41,41,53,33,0],"gold":120,"neow_bonus":"ONE_RARE_RELIC","is_prod":false,"is_daily":false,"chose_seed":false,"campfire_upgraded":3,"win_rate":0,"timestamp":1550555552,"path_taken":["M","?","?","?","$","R","?","R","T","R","M","M","?","E"],"build_version":"2019-02-06","purchased_purges":0,"victory":false,"max_hp_per_floor":[66,66,66,66,66,66,66,66,66,66,66,66,66,66],"card_choices":[{"not_picked":["Deflect","Prepared"],"picked":"Dodge and Roll","floor":1},{"not_picked":["Concentrate","Reflex"],"picked":"Sucker Punch","floor":7},{"not_picked":["Underhanded Strike","Dodge and Roll"],"picked":"Deadly Poison","floor":11},{"not_picked":["Flying Knee","Acrobatics","Sucker Punch"],"picked":"SKIP","floor":12}],"player_experience":1113928,"relics_obtained":[{"floor":9,"key":"Ancient Tea Set"}],"event_choices":[{"damage_healed":0,"gold_gain":75,"player_choice":"Gather Gold","damage_taken":11,"max_hp_gain":0,"max_hp_loss":0,"event_name":"World of Goop","floor":2,"gold_loss":0},{"cards_removed":["Strike_G"],"damage_healed":0,"gold_gain":0,"player_choice":"Card Removal","damage_taken":7,"max_hp_gain":0,"max_hp_loss":0,"event_name":"Golden Wing","floor":3,"gold_loss":0},{"damage_healed":0,"gold_gain":0,"player_choice":"Got Potions","damage_taken":0,"max_hp_gain":0,"max_hp_loss":0,"event_name":"Lab","floor":4,"gold_loss":0},{"damage_healed":0,"gold_gain":0,"player_choice":"Entered Light","damage_taken":20,"max_hp_gain":0,"max_hp_loss":0,"event_name":"Shining Light","floor":13,"gold_loss":0,"cards_upgraded":["Defend_G","Defend_G"]}],"is_beta":true,"boss_relics":[],"items_purged_floors":[],"is_endless":false,"potions_floor_spawned":[7,11],"killed_by":"Gremlin Nob","ascension_level":20}