{"path_per_floor":["M","?","?","M","?","E","$","R","T","R","?","E","M","?","R","B",null,"M","?","?","?","$","R","E","R","T","M","E","M","T","M","R","B",null,"M","$","M","?","$","R","E"],"character_chosen":"THE_SILENT","items_purchased":["Panacea","Backflip","Apotheosis","Snake Skull"],"gold_per_floor":[113,113,113,124,124,156,11,11,311,311,311,339,356,356,356,457,457,457,457,457,457,244,244,244,244,244,244,244,244,244,244,244,244,244,244,22,22,0,0,0,0],"floor_reached":42,"campfire_rested":1,"playtime":4035,"current_hp_per_floor":[70,70,70,63,63,38,38,38,38,38,31,25,25,25,25,5,70,70,70,54,49,49,49,49,49,49,49,43,49,49,48,48,14,49,27,27,9,9,9,23,28],"items_purged":["Regret"],"gold":0,"play_id":"da555551-957c-4e8f-83c0-96d53452f765","is_prod":false,"is_daily":false,"is_ascension_mode":false,"campfire_upgraded":6,"path_taken":["M","?","?","M","?","E","?","R","T","R","?","E","?","?","R","BOSS","M","?","?","?","$","R","E","R","T","M","E","M","?","M","R","BOSS","M","$","?","?","$","R","E","M"],"build_version":"2018-02-01-PROD3","purchased_purges":3,"victory":false,"master_deck":["Defend_G","Defend_G","Defend_G","Defend_G","Defend_G+1","Survivor+1","Neutralize","Backflip+1","Dramatic Entrance","Escape Plan","Crippling Poison+1","Panacea+1","Backflip","Flying Knee","Footwork+1","Quick Slash","Wraith Form+1","Acrobatics+1","Noxious Fumes+1","Bite","Bite","Bite","Bite","Bite","Apotheosis+1","Terror","Injury","Choke","Tactician","Envenom","Regret","Clumsy","Decay","Noxious Fumes","Leg Sweep+1"],"max_hp_per_floor":[70,70,70,70,70,70,70,70,70,70,70,70,70,70,70,70,70,70,70,70,49,49,49,49,49,49,49,49,49,49,49,49,49,49,49,49,49,49,49,49,49],"relics":["Cursed Key","Prayer Wheel","Gremlin Horn","Old Coin","Vajra","Ectoplasm","Enchiridion","Dream Catcher","Pen Nib","Tough Bandages","War Paint","Calling Bell","Tiny Chest","Ancient Tea Set","Bronze Scales","Snake Skull","Red Mask","Girya"],"card_choices":[{"not_picked":["All Out Attack","Deflect"],"picked":"Backflip"},{"not_picked":["Flying Knee","Leg Sweep"],"picked":"Escape Plan"},{"not_picked":["Choke","Riddle With Holes"],"picked":"Crippling Poison"},{"not_picked":["Underhanded Strike","Calculated Gamble"],"picked":"Flying Knee"},{"not_picked":["Bane","Bullet Time"],"picked":"Footwork"},{"not_picked":["Dagger Spray","Prepared"],"picked":"Quick Slash"},{"not_picked":["Tools of the Trade","Glass Knife"],"picked":"Wraith Form"},{"not_picked":["PiercingWail","Sucker Punch"],"picked":"Acrobatics"},{"not_picked":["Doppelganger","Flechettes"],"picked":"Terror"},{"not_picked":["Finisher","Backstab"],"picked":"Choke"},{"not_picked":["Dagger Spray","All Out Attack"],"picked":"Tactician"},{"not_picked":["Tools of the Trade","Burst"],"picked":"Envenom"},{"not_picked":["Outmaneuver","Dodge and Roll"],"picked":"Noxious Fumes"},{"not_picked":["Dagger Spray","Dagger Throw"],"picked":"Leg Sweep"}],"player_experience":62995,"potions_floor_usage":[12,16,24,28,33,35,42,42],"damage_taken":[{"damage":0,"enemies":"Small Slimes","floor":1,"turns":3},{"damage":7,"enemies":"Blue Slaver","floor":4,"turns":3},{"damage":25,"enemies":"3 Sentries","floor":6,"turns":10},{"damage":6,"enemies":"Lagavulin","floor":12,"turns":8},{"damage":0,"enemies":"Cultist","floor":13,"turns":3},{"damage":20,"enemies":"Slime Boss","floor":16,"turns":11},{"damage":0,"enemies":"3 Byrds","floor":18,"turns":5},{"damage":21,"enemies":"Book of Stabbing","floor":24,"turns":6},{"damage":6,"enemies":"Shell Parasite","floor":27,"turns":4},{"damage":21,"enemies":"Gremlin Leader","floor":28,"turns":5},{"damage":11,"enemies":"Sentry and Sphere","floor":29,"turns":6},{"damage":7,"enemies":"Chosen and Byrds","floor":31,"turns":4},{"damage":51,"enemies":"Automaton","floor":33,"turns":9},{"damage":26,"enemies":"Orb Walker","floor":35,"turns":3},{"damage":18,"enemies":"3 Shapes","floor":37,"turns":3},{"damage":15,"enemies":"Nemesis","floor":41,"turns":10},{"damage":44,"enemies":"Sphere and 2 Shapes","floor":42,"turns":5}],"event_choices":[{"event_name":"Match and Keep!","player_choice":"1 cards matched","floor":2,"damage_taken":0},{"event_name":"Accursed Blacksmith","player_choice":"Rummage","floor":3,"damage_taken":0},{"event_name":"The Cleric","player_choice":"Leave","floor":5,"damage_taken":0},{"event_name":"Golden Wing","player_choice":"Card Removal","floor":11,"damage_taken":0},{"event_name":"Living Wall","player_choice":"Grow","floor":14,"damage_taken":0},{"event_name":"The Library","player_choice":"Read","floor":19,"damage_taken":0},{"event_name":"Cursed Tome","player_choice":"Obtained Book","floor":20,"damage_taken":0},{"event_name":"Vampires","player_choice":"Became a vampire","floor":21,"damage_taken":0},{"event_name":"Tomb of Lord Red Mask","player_choice":"Paid","floor":38,"damage_taken":0}],"boss_relics":[{"not_picked":["The Specimen","Orrery"],"picked":"Ectoplasm"},{"not_picked":["Lizard Tail","Philosopher\u0027s Stone"],"picked":"Calling Bell"}],"potions_floor_spawned":[6,12,16,18,31,33,35,41],"seed_played":"7052266457348967998","killed_by":"Sphere and 2 Shapes","ascension_level":0,"is_trial":false}