{"gold_per_floor":[113,113,136,182,202,202,235,235,235,256,280,14,14,14,14,103,103,123,24,24],"floor_reached":20,"playtime":505,"items_purged":["Strike_R"],"score":344,"play_id":"8ddf2f6d-6157-4c9e-8c7a-29140c441ea5","local_time":"20190215153108","is_ascension_mode":true,"campfire_choices":[{"data":"Bash","floor":6,"key":"SMITH"},{"floor":8,"key":"REST"},{"data":"Shockwave","floor":13,"key":"SMITH"},{"floor":15,"key":"REST"}],"neow_cost":"NONE","seed_source_timestamp":17721590449792,"circlet_count":0,"master_deck":["AscendersBane","Strike_R","Strike_R","Strike_R","Strike_R","Defend_R","Defend_R","Defend_R","Defend_R","Bash+1","Twin Strike","Shrug It Off","Shrug It Off","Shockwave+1","Pommel Strike","Corruption+1","Feel No Pain+1","Offering","Rampage","Fiend Fire","Havoc","Intimidate","Spot Weakness","Shrug It Off","Clothesline"],"relics":["Burning Blood","NeowsBlessing","Golden Idol","Regal Pillow","Unceasing Top","Frozen Egg 2","Orrery"],"potions_floor_usage":[7],"damage_taken":[{"damage":0,"enemies":"2 Louse","floor":1,"turns":1},{"damage":0,"enemies":"Jaw Worm","floor":3,"turns":1},{"damage":0,"enemies":"Cultist","floor":5,"turns":1},{"damage":43,"enemies":"3 Sentries","floor":7,"turns":13},{"damage":28,"enemies":"Gremlin Gang","floor":10,"turns":7},{"damage":9,"enemies":"Red Slaver","floor":11,"turns":4},{"damage":38,"enemies":"The Guardian","floor":16,"turns":13},{"damage":36,"enemies":"Spheric Guardian","floor":18,"turns":5},{"damage":38,"enemies":"Chosen","floor":20,"turns":7}],"seed_played":"-795487925575903281","potions_obtained":[{"floor":3,"key":"GamblersBrew"},{"floor":10,"key":"FearPotion"},{"floor":16,"key":"Fire Potion"}],"is_trial":false,"path_per_floor":["M","?","M","T","M","R","E","R","T","M","M","$","R","?","R","B",null,"M","$","M"],"character_chosen":"IRONCLAD","items_purchased":["Feel No Pain+1","Offering","Rampage","Clothesline"],"campfire_rested":2,"item_purchase_floors":[12,12,12,19],"current_hp_per_floor":[74,48,54,54,60,60,23,60,60,38,35,35,35,35,72,40,66,36,36,0],"gold":24,"neow_bonus":"THREE_ENEMY_KILL","is_prod":false,"is_daily":false,"chose_seed":false,"campfire_upgraded":2,"win_rate":0,"timestamp":1550269868,"path_taken":["M","?","M","?","?","R","E","R","T","M","?","?","R","?","R","BOSS","M","$","M"],"build_version":"2019-02-06","purchased_purges":1,"victory":false,"max_hp_per_floor":[75,75,75,75,75,75,75,75,75,75,75,75,75,75,75,75,75,75,75,75],"card_choices":[{"not_picked":["Iron Wave","Perfected Strike"],"picked":"Twin Strike","floor":1},{"not_picked":["Sword Boomerang","Body Slam"],"picked":"Shrug It Off","floor":3},{"not_picked":["Thunderclap","Carnage"],"picked":"Shrug It Off","floor":5},{"not_picked":["Dropkick","Evolve"],"picked":"Shockwave","floor":7},{"not_picked":["Shockwave","Warcry"],"picked":"Pommel Strike","floor":10},{"not_picked":["Whirlwind","Uppercut"],"picked":"Corruption+1","floor":11},{"not_picked":["Brutality+1","Reaper"],"picked":"Fiend Fire","floor":16},{"not_picked":["Anger","Warcry"],"picked":"Havoc","floor":17},{"not_picked":["Hemokinesis","Carnage"],"picked":"Intimidate","floor":17},{"not_picked":["Corruption+1","Clash"],"picked":"Spot Weakness","floor":17},{"not_picked":["Body Slam","Anger"],"picked":"Shrug It Off","floor":18}],"player_experience":1091191,"relics_obtained":[{"floor":4,"key":"Regal Pillow"},{"floor":7,"key":"Unceasing Top"},{"floor":9,"key":"Frozen Egg 2"}],"event_choices":[{"damage_healed":0,"gold_gain":0,"player_choice":"Take Damage","damage_taken":26,"relics_obtained":["Golden Idol"],"max_hp_gain":0,"max_hp_loss":0,"event_name":"Golden Idol","floor":2,"gold_loss":0},{"damage_healed":0,"gold_gain":0,"player_choice":"Ignored","damage_taken":0,"max_hp_gain":0,"max_hp_loss":0,"event_name":"Liars Game","floor":14,"gold_loss":0}],"is_beta":true,"boss_relics":[{"not_picked":["Empty Cage","Runic Cube"],"picked":"Orrery"}],"items_purged_floors":[19],"is_endless":false,"potions_floor_spawned":[3,10,16],"killed_by":"Chosen","ascension_level":20}