{"path_per_floor":["M","M","?","?","T","R","E","$","T","M","$","E","?","M","R","B",null,"M","?","M","?","?","R","M","$","T","E","R","?","R","E","R","B",null,"M","M","?","?","T","R","M","E","T","R","M","M","?","M","R","B"],"character_chosen":"IRONCLAD","items_purchased":["Fire Potion","Lantern"],"gold_per_floor":[111,128,128,128,128,128,153,104,104,114,39,74,74,88,88,214,214,238,238,257,257,257,257,280,135,135,176,176,176,176,210,210,314,314,331,344,344,344,367,367,385,418,494,494,513,525,485,502,502,502],"floor_reached":51,"campfire_rested":1,"playtime":2314,"current_hp_per_floor":[37,48,32,32,32,32,23,23,23,28,28,29,10,16,16,8,60,57,57,57,57,57,57,57,57,71,70,70,70,70,68,91,91,91,91,91,91,91,91,91,91,53,58,58,69,80,80,91,91,71],"items_purged":["Strike_R"],"gold":502,"score":1119,"play_id":"6aa7726b-cf57-4a2a-95d9-2aed362671e9","local_time":"20180317202026","is_prod":false,"is_daily":false,"is_ascension_mode":true,"campfire_upgraded":8,"timestamp":1521332426,"path_taken":["M","M","?","?","?","R","E","$","T","M","?","E","?","?","R","BOSS","M","?","?","?","?","R","M","?","T","E","R","?","R","E","R","BOSS","M","M","?","?","?","R","?","E","T","R","M","M","?","M","R","BOSS"],"build_version":"2018-03-15v3","purchased_purges":3,"victory":true,"master_deck":["Strike_R","Strike_R+1","Strike_R+1","Defend_R","Defend_R","Defend_R","Defend_R","Bash+1","Impervious+1","Shockwave+1","Offering+1","Thunderclap","Shrug It Off+1","Clothesline+1","Double Tap+1","Inflame+1","Shrug It Off+1","Warcry+1","Demon Form+1","Barricade+1","Heavy Blade+1","Fire Breathing+1","Heavy Blade+1","Evolve+1","True Grit+1"],"max_hp_per_floor":[80,80,80,77,77,77,77,77,77,77,77,77,77,77,77,77,77,77,77,77,77,77,77,77,77,91,91,91,91,91,91,91,91,91,91,91,91,91,91,91,91,91,91,91,91,91,91,91,91,91],"relics":["Burning Blood","Orichalcum","Frozen Eye","Thread and Needle","War Paint","Bloody Idol","Mark of Pain","Lantern","Mango","Omamori","Bird Faced Urn","Velvet Choker","Oddly Smooth Stone","Vajra","Meat on the Bone"],"card_choices":[{"not_picked":["Brutality","Dark Embrace"],"picked":"Impervious"},{"not_picked":["Headbutt","Power Through"],"picked":"Shockwave"},{"not_picked":["Sever Soul","Anger"],"picked":"Offering"},{"not_picked":["Sword Boomerang","Clash"],"picked":"Thunderclap"},{"not_picked":["Immolate","True Grit"],"picked":"Shrug It Off"},{"not_picked":["Pommel Strike","Headbutt"],"picked":"Clothesline"},{"not_picked":["Offering","Feed"],"picked":"Double Tap"},{"not_picked":["Shockwave","Disarm"],"picked":"Shrug It Off"},{"not_picked":["Shrug It Off","Wild Strike"],"picked":"Warcry"},{"not_picked":["Infernal Blade","Pommel Strike"],"picked":"Demon Form"},{"not_picked":["Fiend Fire","Impervious"],"picked":"Barricade"},{"not_picked":["Cleave","Havoc"],"picked":"Heavy Blade"},{"not_picked":["Flex","Havoc"],"picked":"Fire Breathing"},{"not_picked":["Feel No Pain","Rampage"],"picked":"Heavy Blade"},{"not_picked":["Clothesline","Reckless Charge"],"picked":"Evolve"},{"not_picked":["Sentinel","Pommel Strike"],"picked":"True Grit"}],"player_experience":543180,"potions_floor_usage":[2,12,16,16,33,50,50,50],"damage_taken":[{"damage":5,"enemies":"Cultist","floor":1,"turns":5},{"damage":4,"enemies":"Jaw Worm","floor":2,"turns":4},{"damage":15,"enemies":"3 Sentries","floor":7,"turns":8},{"damage":1,"enemies":"2 Louse","floor":10,"turns":3},{"damage":5,"enemies":"Gremlin Nob","floor":12,"turns":3},{"damage":0,"enemies":"2 Fungi Beasts","floor":14,"turns":4},{"damage":14,"enemies":"Slime Boss","floor":16,"turns":15},{"damage":9,"enemies":"Spheric Guardian","floor":18,"turns":4},{"damage":6,"enemies":"2 Thieves","floor":20,"turns":4},{"damage":6,"enemies":"Cultist and Chosen","floor":24,"turns":6},{"damage":7,"enemies":"Book of Stabbing","floor":27,"turns":7},{"damage":13,"enemies":"Gremlin Leader","floor":31,"turns":6},{"damage":9,"enemies":"Champ","floor":33,"turns":8},{"damage":6,"enemies":"3 Shapes","floor":35,"turns":5},{"damage":3,"enemies":"Orb Walker","floor":36,"turns":3},{"damage":8,"enemies":"4 Shapes","floor":41,"turns":7},{"damage":55,"enemies":"2 Orb Walkers","floor":42,"turns":5},{"damage":8,"enemies":"Sphere and 2 Shapes","floor":45,"turns":5},{"damage":8,"enemies":"3 Darklings","floor":46,"turns":6},{"damage":4,"enemies":"Maw","floor":48,"turns":6},{"damage":34,"enemies":"Donu and Deca","floor":50,"turns":5}],"event_choices":[{"event_name":"Shining Light","player_choice":"Entered Light","floor":3,"damage_taken":0},{"event_name":"Living Wall","player_choice":"Forget","floor":4,"damage_taken":0},{"event_name":"Golden Idol","player_choice":"Take Damage","floor":13,"damage_taken":0},{"event_name":"The Library","player_choice":"Read","floor":19,"damage_taken":0},{"event_name":"Upgrade Shrine","player_choice":"Upgraded","floor":21,"damage_taken":0},{"event_name":"Purifier","player_choice":"One Purge","floor":22,"damage_taken":0},{"event_name":"Forgotten Altar","player_choice":"Gave Idol","floor":29,"damage_taken":0},{"event_name":"Tomb of Lord Red Mask","player_choice":"Ignored","floor":37,"damage_taken":0},{"event_name":"Mysterious Sphere","player_choice":"Ignore","floor":38,"damage_taken":0},{"event_name":"The Woman in Blue","player_choice":"Bought 3 Potions","floor":47,"damage_taken":0}],"boss_relics":[{"not_picked":["Question Card","Pandora\u0027s Box"],"picked":"Mark of Pain"},{"not_picked":["Calling Bell","Runic Pyramid"],"picked":"Velvet Choker"}],"potions_floor_spawned":[1,10,12,18,24,33,41,42,48],"seed_played":"-4296973291055480573","ascension_level":10,"is_trial":false}