{"path_per_floor":["M","M","$","?","M","R","?","R","T","R","M","M","M","M","R","B",null,"M","?","?","M","M","R","M","?","T","R","M","?"],"character_chosen":"IRONCLAD","items_purchased":["Flex"],"gold_per_floor":[110,129,31,31,43,43,143,143,143,143,156,175,185,201,201,303,303,319,319,319,333,343,343,353,353,380,380,390,390,390],"floor_reached":30,"campfire_rested":1,"playtime":674,"current_hp_per_floor":[75,74,74,74,74,74,74,74,74,74,71,61,55,55,55,23,80,80,80,65,60,23,48,42,42,42,42,21,21,0],"items_purged":["Strike_R"],"gold":390,"score":224,"play_id":"082283f6-6e4f-4f39-90d4-39db8ba491e5","local_time":"20180413234642","is_prod":false,"is_daily":false,"chose_seed":false,"is_ascension_mode":false,"campfire_upgraded":5,"timestamp":1523688402,"path_taken":["M","M","$","?","?","R","?","R","T","R","M","M","M","M","R","BOSS","M","?","?","?","M","R","M","?","T","R","M","?","M"],"build_version":"2018-04-12","seed_source_timestamp":182215534069966,"purchased_purges":1,"victory":false,"master_deck":["Strike_R","Strike_R","Strike_R","Defend_R","Defend_R","Defend_R","Defend_R","Bash+1","Thunderclap","Shrug It Off","Flex+1","Flex+1","Shockwave","Body Slam+1","Twin Strike","Flex","Shrug It Off+1","Sever Soul","Corruption","Warcry","Heavy Blade+1","Clash+1"],"max_hp_per_floor":[80,80,80,80,80,80,80,80,80,80,80,80,80,80,80,80,80,80,80,85,85,85,85,85,85,85,85,85,85,85],"relics":["Sozu"],"card_choices":[{"not_picked":["Uppercut","Sword Boomerang"],"picked":"Thunderclap","floor":1},{"not_picked":["Spot Weakness","Sever Soul"],"picked":"Shrug It Off","floor":2},{"not_picked":["Thunderclap","Reaper"],"picked":"Flex","floor":5},{"not_picked":["Body Slam","Clothesline"],"picked":"Shockwave","floor":11},{"not_picked":["Battle Trance","True Grit"],"picked":"Body Slam","floor":12},{"not_picked":["Exhume","Pummel"],"picked":"Twin Strike","floor":13},{"not_picked":["Armaments","Second Wind"],"picked":"Flex","floor":14},{"not_picked":["Immolate","Dark Embrace"],"picked":"Bludgeon","floor":16},{"not_picked":["Power Through","Thunderclap"],"picked":"Shrug It Off","floor":18},{"not_picked":["Dropkick","Rampage"],"picked":"Corruption","floor":21},{"not_picked":["Flex","Armaments"],"picked":"Warcry","floor":22},{"not_picked":["Clothesline","Bloodletting"],"picked":"Heavy Blade","floor":24},{"not_picked":["Anger","Whirlwind"],"picked":"Clash","floor":28}],"player_experience":459797,"potions_floor_usage":[],"damage_taken":[{"damage":5,"enemies":"Small Slimes","floor":1,"turns":3},{"damage":1,"enemies":"Cultist","floor":2,"turns":3},{"damage":0,"enemies":"2 Louse","floor":5,"turns":2},{"damage":3,"enemies":"Lots of Slimes","floor":11,"turns":3},{"damage":10,"enemies":"2 Fungi Beasts","floor":12,"turns":3},{"damage":6,"enemies":"Gremlin Gang","floor":13,"turns":3},{"damage":0,"enemies":"Blue Slaver","floor":14,"turns":2},{"damage":32,"enemies":"Slime Boss","floor":16,"turns":10},{"damage":0,"enemies":"Chosen","floor":18,"turns":4},{"damage":5,"enemies":"Spheric Guardian","floor":21,"turns":3},{"damage":37,"enemies":"Cultist and Chosen","floor":22,"turns":9},{"damage":6,"enemies":"Snecko","floor":24,"turns":5},{"damage":21,"enemies":"Centurion and Healer","floor":28,"turns":6},{"damage":21,"enemies":"Chosen and Byrds","floor":30,"turns":5}],"event_choices":[{"event_name":"Wheel of Change","player_choice":"Card Removal","floor":4,"damage_taken":0},{"event_name":"Golden Shrine","player_choice":"Pray","floor":7,"damage_taken":0},{"event_name":"Transmorgrifier","player_choice":"Transform","floor":19,"damage_taken":0},{"event_name":"Forgotten Altar","player_choice":"Shed Blood","floor":20,"damage_taken":0},{"event_name":"The Mausoleum","player_choice":"No","floor":25,"damage_taken":0},{"event_name":"The Lab","player_choice":"Got Potions","floor":29,"damage_taken":0}],"boss_relics":[{"not_picked":["Runic Pyramid","Ectoplasm","Orrery"]}],"potions_floor_spawned":[11,14,16,22,28],"seed_played":"-5271483094231553543","killed_by":"Chosen and Byrds","ascension_level":0,"is_trial":false}