{"path_per_floor":["M","?","?","M","?","E","R","E","T","M","E","M","M","E","R","B",null,"M","M","?","$","M","R","?","R","T"],"character_chosen":"IRONCLAD","items_purchased":["Metallicize","Bird Faced Urn"],"gold_per_floor":[110,110,110,130,130,157,157,190,190,210,237,251,271,301,301,399,399,411,428,428,74,90,90,90,90,90],"floor_reached":27,"campfire_rested":1,"playtime":1993,"current_hp_per_floor":[80,87,87,87,87,61,61,38,38,44,47,53,59,55,55,38,90,70,53,38,38,10,38,38,38,38],"items_purged":[],"gold":90,"play_id":"0d60f4cf-8f88-4f17-a46d-6282bdaf324c","is_prod":false,"is_daily":false,"is_ascension_mode":false,"campfire_upgraded":3,"path_taken":["M","?","?","M","?","E","R","E","T","M","E","M","M","E","R","BOSS","M","M","?","?","M","R","?","R","T","M"],"build_version":"2018-02-01-PROD3","purchased_purges":1,"victory":false,"master_deck":["Strike_R","Strike_R","Strike_R","Strike_R","Defend_R","Defend_R","Defend_R","Defend_R","Bash+1","Thunderclap","Clothesline+1","Spot Weakness+1","Flame Barrier","Evolve+1","Burning Pact","Hemokinesis","Juggernaut+1","Reaper","Hemokinesis+1","Metallicize","Feed"],"max_hp_per_floor":[80,90,90,90,90,90,90,90,90,90,90,90,90,90,90,90,90,90,90,95,95,95,95,95,95,95],"relics":["Burning Blood","Pear","Frozen Eye","Happy Flower","Thread and Needle","Ornamental Fan","Bottled Lightning","Question Card","Bird Faced Urn","Magic Flower"],"card_choices":[{"not_picked":["Clothesline","Warcry"],"picked":"Thunderclap"},{"not_picked":["Thunderclap","Feel No Pain"],"picked":"Clothesline"},{"not_picked":["Pummel","Twin Strike"],"picked":"Spot Weakness"},{"not_picked":["Feel No Pain","Anger"],"picked":"Flame Barrier"},{"not_picked":["Sword Boomerang","Perfected Strike"],"picked":"Evolve"},{"not_picked":["Bloodletting","Body Slam"],"picked":"Burning Pact"},{"not_picked":["Burning Pact","Rage"],"picked":"Hemokinesis"},{"not_picked":["Flex","Anger"],"picked":"Juggernaut"},{"not_picked":["Feed","Immolate"],"picked":"Reaper"},{"not_picked":["Flex","Reckless Charge","Shrug It Off"],"picked":"Hemokinesis"}],"player_experience":105684,"potions_floor_usage":[14,16,16,19,22,22],"damage_taken":[{"damage":0,"enemies":"Small Slimes","floor":1,"turns":3},{"damage":6,"enemies":"Jaw Worm","floor":4,"turns":3},{"damage":32,"enemies":"Gremlin Nob","floor":6,"turns":5},{"damage":29,"enemies":"Lagavulin","floor":8,"turns":8},{"damage":0,"enemies":"2 Louse","floor":10,"turns":2},{"damage":3,"enemies":"3 Sentries","floor":11,"turns":6},{"damage":0,"enemies":"2 Fungi Beasts","floor":12,"turns":3},{"damage":0,"enemies":"Looter","floor":13,"turns":3},{"damage":10,"enemies":"Gremlin Nob","floor":14,"turns":3},{"damage":23,"enemies":"Slime Boss","floor":16,"turns":7},{"damage":26,"enemies":"Chosen","floor":18,"turns":7},{"damage":23,"enemies":"Spheric Guardian","floor":19,"turns":8},{"damage":40,"enemies":"Cultist and Chosen","floor":22,"turns":6},{"damage":40,"enemies":"Slaver and Parasite","floor":27,"turns":3}],"event_choices":[{"event_name":"Scrap Ooze","player_choice":"success","floor":2,"damage_taken":3},{"event_name":"Living Wall","player_choice":"Grow","floor":3,"damage_taken":0},{"event_name":"Upgrade Shrine","player_choice":"Upgraded","floor":5,"damage_taken":0},{"event_name":"Forgotten Altar","player_choice":"Shed Blood","floor":20,"damage_taken":0},{"event_name":"Transmorgrifier","player_choice":"Transform","floor":24,"damage_taken":0}],"boss_relics":[{"not_picked":["Runic Cube","Snecko Eye"],"picked":"Question Card"}],"potions_floor_spawned":[6,12,13,14,18,19],"seed_played":"5103930131775241844","killed_by":"Slaver and Parasite","ascension_level":0,"is_trial":false}