{"gold_per_floor":[115,190,190,204,223,223,193,211,263,293,62,62,91,103,103,207,207,207,207,207,122,122,122,122,122,122,122,122,122,122,122,122,122,122,122,47,47,47,47,47,47,47,47,47,47,47,47,47,47,47],"floor_reached":51,"playtime":6771,"items_purged":["Strike_G"],"score":731,"play_id":"ec8c694e-3000-49f6-ad29-113d774595a7","local_time":"20190511071228","is_ascension_mode":false,"campfire_choices":[{"data":"Footwork","floor":6.0,"key":"SMITH"},{"data":"After Image","floor":15.0,"key":"SMITH"},{"data":"All Out Attack","floor":23.0,"key":"SMITH"},{"data":"Malaise","floor":29.0,"key":"SMITH"},{"data":"Bane","floor":32.0,"key":"SMITH"},{"data":"A Thousand Cuts","floor":42.0,"key":"SMITH"},{"data":"All Out Attack","floor":44.0,"key":"SMITH"},{"floor":49,"key":"REST"}],"neow_cost":"NONE","seed_source_timestamp":0,"circlet_count":0,"master_deck":["Defend_G","Defend_G","Defend_G","Defend_G","Defend_G","Strike_G","Strike_G","Strike_G","Strike_G","Survivor","Neutralize","Sucker Punch","Footwork+1","Flying Knee","Bane+1","Terror","After Image+1","All Out Attack+1","Sucker Punch","Malaise+1","Dash","All Out Attack+1","Dodge and Roll+1","Flying Knee","Bouncing Flask+1","Footwork+1","A Thousand Cuts+1","Crippling Poison+1","Bane+1","Madness","Leg Sweep","Bane"],"special_seed":0,"relics":["Ring of the Snake","NeowsBlessing","Strawberry","Ancient Tea Set","Vajra","Anchor","Ectoplasm","Bronze Scales","Blood Vial","Lantern","MutagenicStrength","Eternal Feather","Snake Skull"],"potions_floor_usage":[],"damage_taken":[{"damage":0.0,"enemies":"Small Slimes","floor":1.0,"turns":1.0},{"damage":0.0,"enemies":"2 Louse","floor":4.0,"turns":1.0},{"damage":0.0,"enemies":"Cultist","floor":5.0,"turns":1.0},{"damage":0.0,"enemies":"Looter","floor":7.0,"turns":4.0},{"damage":4.0,"enemies":"2 Fungi Beasts","floor":8.0,"turns":4.0},{"damage":10.0,"enemies":"Gremlin Nob","floor":10.0,"turns":6.0},{"damage":0.0,"enemies":"Lagavulin","floor":13.0,"turns":8.0},{"damage":0.0,"enemies":"Large Slime","floor":14.0,"turns":7.0},{"damage":0.0,"enemies":"Slime Boss","floor":16.0,"turns":3.0},{"damage":0.0,"enemies":"Spheric Guardian","floor":18.0,"turns":5.0},{"damage":1.0,"enemies":"Shell Parasite","floor":20.0,"turns":6.0},{"damage":4.0,"enemies":"Sentry and Sphere","floor":22.0,"turns":7.0},{"damage":0.0,"enemies":"Book of Stabbing","floor":24.0,"turns":4.0},{"damage":0.0,"enemies":"Snecko","floor":25.0,"turns":5.0},{"damage":0.0,"enemies":"Centurion and Healer","floor":27.0,"turns":7.0},{"damage":0.0,"enemies":"Sentry and Sphere","floor":30.0,"turns":4.0},{"damage":0.0,"enemies":"Cultist and Chosen","floor":31.0,"turns":4.0},{"damage":10.0,"enemies":"Automaton","floor":33.0,"turns":11.0},{"damage":37.0,"enemies":"3 Shapes","floor":35.0,"turns":5.0},{"damage":16.0,"enemies":"3 Darklings","floor":38.0,"turns":8.0},{"damage":28.0,"enemies":"Jaw Worm Horde","floor":40.0,"turns":4.0},{"damage":10.0,"enemies":"Maw","floor":45.0,"turns":7.0},{"damage":35.0,"enemies":"Sphere and 2 Shapes","floor":46.0,"turns":7.0},{"damage":6.0,"enemies":"Transient","floor":48.0,"turns":5.0},{"damage":62,"enemies":"Time Eater","floor":50,"turns":14}],"seed_played":"-5823281117974742635","potions_obtained":[{"floor":5.0,"key":"EssenceOfSteel"},{"floor":8.0,"key":"Strength Potion"},{"floor":10.0,"key":"Dexterity Potion"},{"floor":13.0,"key":"Block Potion"},{"floor":14.0,"key":"SkillPotion"},{"floor":20.0,"key":"Regen Potion"},{"floor":27.0,"key":"Weak Potion"},{"floor":30.0,"key":"Block Potion"},{"floor":31.0,"key":"Explosive Potion"},{"floor":38.0,"key":"SpeedPotion"},{"floor":40.0,"key":"FairyPotion"},{"floor":46.0,"key":"SpeedPotion"}],"is_trial":false,"path_per_floor":["M","?","?","M","M","R","M","M","T","E","$","?","E","M","R","B",null,"M","?","M","?","M","R","E","M","T","M","?","R","M","M","R","B",null,"M","$","?","M","?","M","?","R","T","R","M","M","$","M","R","B",null],"character_chosen":"THE_SILENT","items_purchased":["After Image","Vajra"],"campfire_rested":1,"item_purchase_floors":[11,11],"current_hp_per_floor":[70,59,59,59,59,59,59,55,62,52,52,77,77,77,77,77,77,77,77,76,76,72,72,72,74,74,76,76,76,77,77,77,67,77,40,40,40,41,41,15,67,67,67,67,57,24,24,20,58,4],"gold":47,"neow_bonus":"THREE_ENEMY_KILL","is_prod":false,"is_daily":false,"chose_seed":false,"campfire_upgraded":7,"win_rate":0,"timestamp":1557551548,"path_taken":["M","?","?","M","M","R","M","?","T","E","$","?","E","M","R","BOSS","M","?","M","?","M","R","E","M","T","M","?","R","M","M","R","BOSS","M","$","?","M","?","M","?","R","T","R","M","M","?","M","R","BOSS"],"build_version":"2019-01-23","purchased_purges":1,"victory":true,"max_hp_per_floor":[70,70,70,70,70,70,70,70,77,77,77,77,77,77,77,77,77,77,77,77,77,77,77,77,77,77,77,77,77,77,77,77,77,77,77,77,77,77,77,77,67,67,67,67,67,67,67,67,67,67],"card_choices":[{"not_picked":["Underhanded Strike","Predator","Slice"],"picked":"SKIP","floor":1.0},{"not_picked":["Backflip","Infinite Blades"],"picked":"Sucker Punch","floor":4.0},{"not_picked":["Distraction","Quick Slash"],"picked":"Footwork","floor":5.0},{"not_picked":["Blade Dance","Finisher"],"picked":"Flying Knee","floor":7.0},{"not_picked":["Dagger Throw","Quick Slash"],"picked":"Bane","floor":8.0},{"not_picked":["Calculated Gamble","Blade Dance"],"picked":"Terror","floor":10.0},{"not_picked":["Backflip","Choke"],"picked":"All Out Attack","floor":13.0},{"not_picked":["Phantasmal Killer","Prepared"],"picked":"Sucker Punch","floor":14.0},{"not_picked":["Glass Knife","Bullet Time"],"picked":"Malaise","floor":16.0},{"not_picked":["Escape Plan","Quick Slash+1"],"picked":"Dash","floor":18.0},{"not_picked":["Deflect","Dagger Throw"],"picked":"Dodge and Roll+1","floor":20.0},{"not_picked":["Slice","Blade Dance"],"picked":"Flying Knee","floor":22.0},{"not_picked":["Slice","Infinite Blades","After Image"],"picked":"SKIP","floor":24.0},{"not_picked":["Outmaneuver","Dagger Throw","Predator"],"picked":"SKIP","floor":25.0},{"not_picked":["Blade Dance","Masterful Stab+1","Flechettes"],"picked":"SKIP","floor":27.0},{"not_picked":["Dagger Spray","Prepared"],"picked":"Bouncing Flask+1","floor":30.0},{"not_picked":["Deflect","Riddle With Holes"],"picked":"Footwork+1","floor":31.0},{"not_picked":["After Image","Corpse Explosion"],"picked":"A Thousand Cuts","floor":33.0},{"not_picked":["Dodge and Roll","Riddle With Holes+1"],"picked":"Crippling Poison+1","floor":35.0},{"not_picked":["Bouncing Flask+1","Sucker Punch"],"picked":"Bane+1","floor":38.0},{"not_picked":["Transmutation","Thinking Ahead"],"picked":"Madness","floor":39.0},{"not_picked":["Terror","All Out Attack","Backflip"],"picked":"SKIP","floor":40.0},{"not_picked":["Deflect","Bouncing Flask+1"],"picked":"Leg Sweep","floor":45.0},{"not_picked":["Skewer","Prepared","Riddle With Holes+1"],"picked":"SKIP","floor":46.0},{"not_picked":["Sucker Punch","Glass Knife"],"picked":"Bane","floor":48.0}],"player_experience":94010,"relics_obtained":[{"floor":9.0,"key":"Strawberry"},{"floor":10.0,"key":"Ancient Tea Set"},{"floor":13.0,"key":"Anchor"},{"floor":24.0,"key":"Blood Vial"},{"floor":26.0,"key":"Lantern"},{"floor":43.0,"key":"Snake Skull"}],"event_choices":[{"damage_healed":0.0,"max_hp_gain":0.0,"max_hp_loss":0.0,"gold_gain":75.0,"event_name":"World of Goop","player_choice":"Gather Gold","floor":2.0,"gold_loss":0.0,"damage_taken":11.0},{"damage_healed":0.0,"max_hp_gain":0.0,"max_hp_loss":0.0,"gold_gain":0.0,"event_name":"NoteForYourself","player_choice":"Ignored","floor":3.0,"gold_loss":0.0,"damage_taken":0.0},{"damage_healed":25.0,"max_hp_gain":0.0,"max_hp_loss":0.0,"gold_gain":0.0,"event_name":"Big Fish","player_choice":"Banana","floor":12.0,"gold_loss":0.0,"damage_taken":0.0},{"damage_healed":0.0,"max_hp_gain":0.0,"max_hp_loss":0.0,"gold_gain":0.0,"event_name":"The Library","player_choice":"Read","floor":19.0,"gold_loss":0.0,"damage_taken":0.0,"cards_obtained":["All Out Attack"]},{"damage_healed":0.0,"max_hp_gain":0.0,"max_hp_loss":0.0,"gold_gain":0.0,"event_name":"Addict","player_choice":"Obtained Relic","floor":21.0,"gold_loss":85.0,"damage_taken":0.0,"relics_obtained":["Bronze Scales"]},{"damage_healed":0.0,"max_hp_gain":0.0,"max_hp_loss":0.0,"gold_gain":0.0,"event_name":"Drug Dealer","player_choice":"Inject Mutagens","floor":28.0,"gold_loss":0.0,"damage_taken":0.0,"relics_obtained":["MutagenicStrength"]},{"damage_healed":0.0,"max_hp_gain":0.0,"max_hp_loss":0.0,"gold_gain":0.0,"event_name":"Mysterious Sphere","player_choice":"Ignored","floor":37.0,"gold_loss":0.0,"damage_taken":0.0},{"damage_healed":0.0,"max_hp_gain":0.0,"max_hp_loss":0.0,"gold_gain":0.0,"event_name":"SensoryStone","player_choice":"Memory 1","floor":39.0,"gold_loss":0.0,"damage_taken":0.0},{"damage_healed":67.0,"max_hp_gain":0.0,"max_hp_loss":10.0,"gold_gain":0.0,"event_name":"The Moai Head","player_choice":"Heal","floor":41.0,"gold_loss":0.0,"damage_taken":0.0}],"is_beta":false,"boss_relics":[{"not_picked":["Tiny House","Lizard Tail"],"picked":"Ectoplasm"},{"not_picked":["Ring of the Serpent","Black Star"],"picked":"Eternal Feather"}],"items_purged_floors":[36],"is_endless":false,"potions_floor_spawned":[5,8,10,13,14,20,27,30,31,38,40,46],"ascension_level":0}