{"gold_per_floor":[116,116,116,116,133,133,165,165,165,184,184,184,196,222,222,296,296,312,327,34,51,61,61,90,90,115,115,130,130,155,155,155,227,227,237,292,392,408,408,408,408,427,452,452,464,493,493,493,493,493],"floor_reached":50,"playtime":4474,"items_purged":["Strike_G"],"score":1082,"play_id":"4419d77e-1767-4033-a31e-eedbceb3e538","local_time":"20190503221904","is_ascension_mode":true,"campfire_choices":[{"data":"Neutralize","floor":6.0,"key":"SMITH"},{"data":"Well Laid Plans","floor":8.0,"key":"SMITH"},{"data":"Cloak And Dagger","floor":11.0,"key":"SMITH"},{"data":"Corpse Explosion","floor":15.0,"key":"SMITH"},{"data":"Caltrops","floor":23.0,"key":"SMITH"},{"data":"Burst","floor":25.0,"key":"SMITH"},{"data":"1","floor":27.0,"key":"LIFT"},{"floor":29.0,"key":"REST"},{"data":"Deadly Poison","floor":32.0,"key":"SMITH"},{"data":"Malaise","floor":40.0,"key":"SMITH"},{"floor":44.0,"key":"REST"},{"floor":47,"key":"RECALL"},{"floor":49,"key":"REST"}],"neow_cost":"NONE","seed_source_timestamp":962028600006057,"circlet_count":0,"master_deck":["AscendersBane","Defend_G","Defend_G","Defend_G","Defend_G","Defend_G","Strike_G","Strike_G","Strike_G","Survivor","Neutralize+1","Deadly Poison+1","Leg Sweep","Well Laid Plans+1","Cloak And Dagger+1","Corpse Explosion+1","Leg Sweep","Burst+1","Deadly Poison+1","Caltrops+1","Prepared+1","Leg Sweep+1","Escape Plan+1","Skewer+1","Malaise+1","Bouncing Flask","PiercingWail","Pain","Parasite"],"special_seed":0,"relics":["Ring of the Snake","Lantern","Juzu Bracelet","Darkstone Periapt","Kunai","Sozu","TwistedFunnel","Girya","Centennial Puzzle","Bottled Lightning","Cursed Key","Torii","Unceasing Top","Sundial","SsserpentHead"],"potions_floor_usage":[50],"damage_taken":[{"damage":1.0,"enemies":"Small Slimes","floor":1.0,"turns":5.0},{"damage":0.0,"enemies":"2 Louse","floor":5.0,"turns":2.0},{"damage":37.0,"enemies":"3 Sentries","floor":7.0,"turns":15.0},{"damage":0.0,"enemies":"Jaw Worm","floor":10.0,"turns":4.0},{"damage":0.0,"enemies":"2 Fungi Beasts","floor":13.0,"turns":4.0},{"damage":5.0,"enemies":"Lagavulin","floor":14.0,"turns":7.0},{"damage":7.0,"enemies":"Slime Boss","floor":16.0,"turns":8.0},{"damage":1.0,"enemies":"Shell Parasite","floor":18.0,"turns":6.0},{"damage":2.0,"enemies":"2 Thieves","floor":19.0,"turns":3.0},{"damage":0.0,"enemies":"3 Cultists","floor":21.0,"turns":4.0},{"damage":2.0,"enemies":"Snake Plant","floor":22.0,"turns":4.0},{"damage":15.0,"enemies":"Book of Stabbing","floor":24.0,"turns":5.0},{"damage":0.0,"enemies":"Centurion and Healer","floor":28.0,"turns":3.0},{"damage":39.0,"enemies":"Gremlin Leader","floor":30.0,"turns":6.0},{"damage":25.0,"enemies":"Champ","floor":33.0,"turns":11.0},{"damage":0.0,"enemies":"3 Darklings","floor":35.0,"turns":1.0},{"damage":20.0,"enemies":"2 Orb Walkers","floor":36.0,"turns":4.0},{"damage":0.0,"enemies":"Mind Bloom Boss Battle","floor":37.0,"turns":5.0},{"damage":0.0,"enemies":"Orb Walker","floor":38.0,"turns":3.0},{"damage":25.0,"enemies":"Jaw Worm Horde","floor":42.0,"turns":2.0},{"damage":2,"enemies":"Writhing Mass","floor":45,"turns":6},{"damage":35,"enemies":"Nemesis","floor":46,"turns":11},{"damage":38,"enemies":"Donu and Deca","floor":50,"turns":7}],"seed_played":"-7753468195487284107","potions_obtained":[{"floor":13.0,"key":"Explosive Potion"},{"floor":14.0,"key":"SteroidPotion"},{"floor":16.0,"key":"AttackPotion"}],"is_trial":false,"path_per_floor":["M","?","?","$","M","R","E","R","T","M","R","?","M","E","R","B",null,"M","M","$","M","M","R","E","R","T","R","M","R","E","?","R","B",null,"M","?","?","M","?","R","?","M","T","R","M","E","R","?","R","B"],"character_chosen":"THE_SILENT","items_purchased":["TwistedFunnel"],"campfire_rested":3,"item_purchase_floors":[20],"current_hp_per_floor":[58,63,63,63,63,63,26,26,26,26,26,19,19,14,14,7,55,54,52,52,52,50,50,35,35,35,35,35,56,17,31,31,6,55,55,35,35,35,35,35,35,10,16,39,43,8,8,8,32,0],"gold":493,"neow_bonus":"RANDOM_COMMON_RELIC","is_prod":false,"is_daily":false,"chose_seed":false,"campfire_upgraded":8,"win_rate":0,"timestamp":1556936344,"path_taken":["M","?","?","$","M","R","E","R","T","M","R","?","M","E","R","BOSS","M","M","$","M","M","R","E","R","T","R","M","R","E","?","R","BOSS","M","?","?","M","?","R","?","M","T","R","M","E","R","?","R","BOSS"],"build_version":"2019-01-23","purchased_purges":1,"victory":false,"max_hp_per_floor":[66,71,71,71,71,71,71,71,71,71,71,71,71,71,71,71,71,71,71,71,71,71,71,71,71,71,71,71,71,71,71,71,71,71,71,71,71,71,71,71,71,71,77,77,83,83,83,83,83,83],"card_choices":[{"not_picked":["Prepared","Quick Slash"],"picked":"Deadly Poison","floor":1.0},{"not_picked":["Underhanded Strike","Flying Knee"],"picked":"Leg Sweep","floor":5.0},{"not_picked":["Outmaneuver","Predator"],"picked":"Well Laid Plans","floor":7.0},{"not_picked":["Choke","Slice"],"picked":"Cloak And Dagger","floor":10.0},{"not_picked":["Sucker Punch","Dagger Throw"],"picked":"Corpse Explosion","floor":13.0},{"not_picked":["Heel Hook","Eviscerate"],"picked":"Leg Sweep","floor":14.0},{"not_picked":["Grand Finale","Night Terror"],"picked":"Burst","floor":16.0},{"not_picked":["Well Laid Plans","Terror"],"picked":"Deadly Poison","floor":18.0},{"not_picked":["Underhanded Strike","Poisoned Stab"],"picked":"Caltrops","floor":19.0},{"not_picked":["Slice","Caltrops"],"picked":"Prepared+1","floor":21.0},{"not_picked":["Backstab+1","Poisoned Stab"],"picked":"Leg Sweep+1","floor":22.0},{"not_picked":["Eviscerate","Doppelganger","Bane"],"picked":"SKIP","floor":24.0},{"not_picked":["Blade Dance","Reflex"],"picked":"Escape Plan+1","floor":28.0},{"not_picked":["Eviscerate","Escape Plan"],"picked":"Skewer+1","floor":30.0},{"not_picked":["Night Terror","Wraith Form v2"],"picked":"Malaise","floor":33.0},{"not_picked":["Sucker Punch","Dagger Spray"],"picked":"Bouncing Flask","floor":35.0},{"not_picked":["Dash","Deadly Poison+1"],"picked":"PiercingWail","floor":38.0},{"not_picked":["Outmaneuver","Bane","Reflex"],"picked":"SKIP","floor":42.0},{"not_picked":["Concentrate","Flying Knee+1","Outmaneuver+1"],"picked":"SKIP","floor":45},{"not_picked":["Prepared","Riddle With Holes","Infinite Blades+1"],"picked":"SKIP","floor":46}],"player_experience":2315945,"relics_obtained":[{"floor":7.0,"key":"Juzu Bracelet"},{"floor":9.0,"key":"Darkstone Periapt"},{"floor":14.0,"key":"Kunai"},{"floor":24.0,"key":"Girya"},{"floor":26.0,"key":"Centennial Puzzle"},{"floor":30.0,"key":"Bottled Lightning"},{"floor":36.0,"key":"Torii"},{"floor":37.0,"key":"Unceasing Top"},{"floor":46,"key":"Sundial"}],"event_choices":[{"damage_healed":0.0,"max_hp_gain":5.0,"max_hp_loss":0.0,"gold_gain":0.0,"event_name":"Big Fish","player_choice":"Donut","floor":2.0,"gold_loss":0.0,"damage_taken":0.0},{"damage_healed":0.0,"max_hp_gain":0.0,"max_hp_loss":0.0,"gold_gain":0.0,"event_name":"Living Wall","player_choice":"Grow","floor":3.0,"gold_loss":0.0,"damage_taken":0.0,"cards_upgraded":["Deadly Poison"]},{"cards_removed":["Strike_G"],"damage_healed":0.0,"max_hp_gain":0.0,"max_hp_loss":0.0,"gold_gain":0.0,"event_name":"Golden Wing","player_choice":"Card Removal","floor":12.0,"gold_loss":0.0,"damage_taken":7.0},{"damage_healed":14.0,"max_hp_gain":0.0,"max_hp_loss":0.0,"gold_gain":0.0,"event_name":"The Library","player_choice":"Heal","floor":31.0,"gold_loss":0.0,"damage_taken":0.0},{"damage_healed":0.0,"max_hp_gain":0.0,"max_hp_loss":0.0,"gold_gain":0.0,"event_name":"Mysterious Sphere","player_choice":"Fight","floor":36.0,"gold_loss":0.0,"damage_taken":0.0},{"damage_healed":0.0,"max_hp_gain":0.0,"max_hp_loss":0.0,"gold_gain":0.0,"event_name":"MindBloom","player_choice":"Fight","floor":37.0,"gold_loss":0.0,"damage_taken":0.0},{"damage_healed":0.0,"max_hp_gain":0.0,"max_hp_loss":0.0,"gold_gain":0.0,"event_name":"The Moai Head","player_choice":"Ignored","floor":39.0,"gold_loss":0.0,"damage_taken":0.0},{"damage_healed":0.0,"max_hp_gain":0.0,"max_hp_loss":0.0,"gold_gain":0.0,"event_name":"Tomb of Lord Red Mask","player_choice":"Ignored","floor":41.0,"gold_loss":0.0,"damage_taken":0.0},{"damage_healed":0,"gold_gain":0,"player_choice":"Trade","damage_taken":0,"relics_obtained":["SsserpentHead"],"max_hp_gain":0,"max_hp_loss":0,"event_name":"FaceTrader","floor":48,"gold_loss":0}],"is_beta":false,"boss_relics":[{"not_picked":["Ring of the Serpent","Philosopher\u0027s Stone"],"picked":"Sozu"},{"not_picked":["Lizard Tail","Astrolabe"],"picked":"Cursed Key"}],"items_purged_floors":[20],"is_endless":false,"potions_floor_spawned":[13,14,16,18,19,30,33,37,42],"killed_by":"Donu and Deca","ascension_level":20}