{"gold_per_floor":[117,135,154,104,29,29,60,79,103,178,210,210,19,19,19,91,91,102,102,17,34,45,45],"floor_reached":23,"playtime":940,"items_purged":["Defend_B"],"score":338,"play_id":"1c9d67eb-540d-4be4-8dad-37f20b7bb3fa","local_time":"20190323032515","is_ascension_mode":true,"campfire_choices":[{"data":"Barrage","floor":6.0,"key":"SMITH"},{"floor":12.0,"key":"REST"},{"data":"Defragment","floor":15.0,"key":"SMITH"}],"neow_cost":"NONE","seed_source_timestamp":0,"circlet_count":0,"master_deck":["AscendersBane","Zap+1","Dualcast","BootSequence","Ball Lightning+1","Barrage+1","Go for the Eyes","Compile Driver+1","Defragment+1","All For One","Streamline","Lockon","Force Field","Go for the Eyes","Consume","Multi-Cast","Undo+1","Leap+1","Hologram"],"special_seed":0,"relics":["Cracked Core","Boot","Dream Catcher","Whetstone","Sling","Pandora\u0027s Box","DataDisk","Blood Vial"],"potions_floor_usage":[16,16,21,22,23],"damage_taken":[{"damage":0.0,"enemies":"2 Louse","floor":1.0,"turns":2.0},{"damage":7.0,"enemies":"Small Slimes","floor":2.0,"turns":3.0},{"damage":1.0,"enemies":"Cultist","floor":3.0,"turns":3.0},{"damage":20.0,"enemies":"Gremlin Nob","floor":7.0,"turns":4.0},{"damage":2.0,"enemies":"Exordium Wildlife","floor":8.0,"turns":4.0},{"damage":10.0,"enemies":"3 Sentries","floor":11.0,"turns":4.0},{"damage":21,"enemies":"Slime Boss","floor":16,"turns":5},{"damage":13,"enemies":"Shell Parasite","floor":18,"turns":3},{"damage":2,"enemies":"3 Byrds","floor":21,"turns":3},{"damage":2,"enemies":"Cultist and Chosen","floor":22,"turns":3},{"damage":47,"enemies":"Slavers","floor":23,"turns":4}],"seed_played":"-8920065074539727265","potions_obtained":[{"floor":2.0,"key":"LiquidBronze"},{"floor":3.0,"key":"Dexterity Potion"},{"floor":11.0,"key":"Block Potion"},{"floor":14.0,"key":"SteroidPotion"},{"floor":16,"key":"Swift Potion"},{"floor":18,"key":"Poison Potion"},{"floor":21,"key":"GamblersBrew"}],"is_trial":false,"path_per_floor":["M","M","M","?","$","R","E","M","T","?","E","R","$","?","R","B",null,"M","?","?","M","M","E"],"character_chosen":"DEFECT","items_purchased":["Sling"],"campfire_rested":1,"item_purchase_floors":[13],"current_hp_per_floor":[64,57,56,56,56,56,36,34,34,23,13,34,34,34,34,13,57,44,44,44,44,44,0],"gold":45,"neow_bonus":"UPGRADE_CARD","is_prod":false,"is_daily":false,"chose_seed":false,"campfire_upgraded":2,"win_rate":0,"timestamp":1553325915,"path_taken":["M","M","M","?","$","R","E","M","T","?","E","R","$","?","R","BOSS","M","?","?","M","M","E"],"build_version":"2019-01-23","purchased_purges":1,"victory":false,"max_hp_per_floor":[71,71,71,71,71,71,71,71,71,71,71,71,71,71,71,71,71,71,71,71,71,71,71],"card_choices":[{"not_picked":["Sweeping Beam","Gash"],"picked":"BootSequence","floor":1.0},{"not_picked":["Scrape","Redo"],"picked":"Ball Lightning","floor":2.0},{"not_picked":["Stack","Static Discharge"],"picked":"Barrage","floor":3.0},{"not_picked":["Rebound","Turbo","Sweeping Beam"],"picked":"SKIP","floor":7.0},{"not_picked":["Melter","Gash"],"picked":"Go for the Eyes","floor":8.0},{"not_picked":["Meteor Strike","Beam Cell"],"picked":"Compile Driver","floor":11.0},{"not_picked":["Melter","Stack"],"picked":"Defragment","floor":12.0},{"not_picked":["Hyperbeam","Reboot"],"picked":"All For One","floor":16},{"not_picked":["Compile Driver","Steam"],"picked":"Undo+1","floor":18},{"not_picked":["Steam","Gash"],"picked":"Leap+1","floor":21},{"not_picked":["Reprogram","Streamline"],"picked":"Hologram","floor":22}],"player_experience":1363715,"relics_obtained":[{"floor":7.0,"key":"Boot"},{"floor":9.0,"key":"Dream Catcher"},{"floor":11.0,"key":"Whetstone"}],"event_choices":[{"cards_removed":["Strike_B"],"damage_healed":0.0,"max_hp_gain":0.0,"max_hp_loss":0.0,"gold_gain":0.0,"event_name":"The Cleric","player_choice":"Card Removal","floor":4.0,"gold_loss":50.0,"damage_taken":0.0},{"damage_healed":0.0,"max_hp_gain":0.0,"max_hp_loss":0.0,"gold_gain":75.0,"event_name":"World of Goop","player_choice":"Gather Gold","floor":10.0,"gold_loss":0.0,"damage_taken":11.0},{"damage_healed":0.0,"max_hp_gain":0.0,"max_hp_loss":0.0,"gold_gain":0.0,"event_name":"Lab","player_choice":"Got Potions","floor":14.0,"gold_loss":0.0,"damage_taken":0.0},{"damage_healed":0,"gold_gain":0,"player_choice":"Opened","damage_taken":0,"relics_obtained":["DataDisk"],"max_hp_gain":0,"max_hp_loss":0,"event_name":"The Mausoleum","floor":19,"gold_loss":0},{"damage_healed":0,"gold_gain":0,"player_choice":"Obtained Relic","damage_taken":0,"relics_obtained":["Blood Vial"],"max_hp_gain":0,"max_hp_loss":0,"event_name":"Addict","floor":20,"gold_loss":85}],"is_beta":false,"boss_relics":[{"not_picked":["Snecko Eye","Runic Pyramid"],"picked":"Pandora\u0027s Box"}],"items_purged_floors":[5],"is_endless":false,"potions_floor_spawned":[2,3,11,16,18,21],"killed_by":"Slavers","ascension_level":14}