{"gold_per_floor":[209,19,19,19,29,29,56,56,83,94,125,139,167,217,217,217],"floor_reached":16,"playtime":390,"items_purged":[],"score":207,"play_id":"2cdbdbea-fcef-4613-a8a8-411bedee0a6d","local_time":"20190316225652","is_ascension_mode":true,"campfire_choices":[{"data":"Neutralize","floor":6.0,"key":"SMITH"},{"data":"Poisoned Stab","floor":8.0,"key":"SMITH"},{"data":"Blade Dance","floor":15.0,"key":"SMITH"}],"neow_cost":"NONE","seed_source_timestamp":301656258805126,"circlet_count":0,"master_deck":["AscendersBane","Defend_G","Defend_G","Defend_G","Defend_G","Defend_G","Strike_G","Strike_G","Strike_G","Strike_G","Strike_G","Survivor","Neutralize+1","Poisoned Stab+1","Dagger Throw","Dagger Spray","Backflip","Blade Dance+1"],"special_seed":0,"relics":["Ring of the Snake","Membership Card","Kunai","Strawberry","Smiling Mask","Snake Skull","Potion Belt"],"potions_floor_usage":[16],"damage_taken":[{"damage":1.0,"enemies":"Small Slimes","floor":1.0,"turns":5.0},{"damage":1.0,"enemies":"Jaw Worm","floor":5.0,"turns":4.0},{"damage":21.0,"enemies":"Gremlin Nob","floor":7.0,"turns":5.0},{"damage":0.0,"enemies":"Cultist","floor":10.0,"turns":3.0},{"damage":17.0,"enemies":"3 Sentries","floor":11.0,"turns":8.0},{"damage":0.0,"enemies":"Large Slime","floor":12.0,"turns":4.0},{"damage":1.0,"enemies":"Gremlin Nob","floor":13.0,"turns":3.0},{"damage":32,"enemies":"Slime Boss","floor":16,"turns":6}],"seed_played":"7934079986793032647","potions_obtained":[{"floor":7.0,"key":"SpeedPotion"},{"floor":11.0,"key":"Strength Potion"}],"is_trial":false,"path_per_floor":["M","$","?","T","M","R","E","R","T","M","E","M","E","?","R","B"],"character_chosen":"THE_SILENT","items_purchased":["Membership Card"],"campfire_rested":0,"item_purchase_floors":[2],"current_hp_per_floor":[58,58,63,63,62,62,48,48,48,48,31,31,30,30,30,0],"gold":217,"neow_bonus":"HUNDRED_GOLD","is_prod":false,"is_daily":false,"chose_seed":false,"campfire_upgraded":3,"win_rate":0,"timestamp":1552791412,"path_taken":["M","$","?","?","M","R","E","R","T","M","E","M","E","?","R","BOSS"],"build_version":"2019-03-15","purchased_purges":0,"victory":false,"max_hp_per_floor":[66,66,71,71,71,71,78,78,78,78,78,78,78,78,78,78],"card_choices":[{"not_picked":["Deadly Poison","Deflect"],"picked":"Poisoned Stab","floor":1.0},{"not_picked":["Predator","Blade Dance"],"picked":"Dagger Throw","floor":5.0},{"not_picked":["Quick Slash","Poisoned Stab","Flechettes"],"picked":"SKIP","floor":7.0},{"not_picked":["Leg Sweep","Flying Knee"],"picked":"Dagger Spray","floor":10.0},{"not_picked":["Sucker Punch","Expertise","All Out Attack"],"picked":"SKIP","floor":11.0},{"not_picked":["Deadly Poison","Prepared"],"picked":"Backflip","floor":12.0},{"not_picked":["Deflect","Predator"],"picked":"Blade Dance","floor":13.0}],"player_experience":2206842,"relics_obtained":[{"floor":4.0,"key":"Kunai"},{"floor":7.0,"key":"Strawberry"},{"floor":9.0,"key":"Smiling Mask"},{"floor":11.0,"key":"Snake Skull"},{"floor":13.0,"key":"Potion Belt"}],"event_choices":[{"damage_healed":0.0,"max_hp_gain":5.0,"max_hp_loss":0.0,"gold_gain":0.0,"event_name":"Big Fish","player_choice":"Donut","floor":3.0,"gold_loss":0.0,"damage_taken":0.0},{"damage_healed":0.0,"max_hp_gain":0.0,"max_hp_loss":0.0,"gold_gain":50.0,"event_name":"Golden Shrine","player_choice":"Pray","floor":14.0,"gold_loss":0.0,"damage_taken":0.0}],"is_beta":true,"boss_relics":[],"items_purged_floors":[],"is_endless":false,"potions_floor_spawned":[7,11,12],"killed_by":"Slime Boss","ascension_level":15}