{"path_per_floor":["M","M","M","?","?","E","R","$","T","M","M","M","M","?","R","B",null,"M","?","?","M","$","R","T","M","T","R","?","M","M","M","R","B",null,"M","M","T"],"character_chosen":"IRONCLAD","items_purchased":["Disarm","Metallicize","Offering"],"gold_per_floor":[119,130,144,144,144,178,178,3,3,27,40,65,89,89,89,182,182,203,128,128,141,0,0,0,23,23,23,23,43,66,86,86,179,179,193,211,211,211],"floor_reached":38,"campfire_rested":0,"playtime":2457,"current_hp_per_floor":[67,71,75,49,49,44,44,44,44,44,48,49,41,41,41,42,70,71,71,71,70,70,70,70,58,58,58,58,55,42,56,56,27,69,59,54,54,0],"items_purged":["Strike_R","Strike_R"],"gold":211,"score":665,"play_id":"ef2fba3e-b6f2-4ba1-a3b8-2f63b2e8a431","local_time":"20180414160727","is_prod":false,"is_daily":false,"chose_seed":false,"is_ascension_mode":true,"campfire_upgraded":5,"timestamp":1523736447,"path_taken":["M","M","M","?","?","E","R","?","T","M","M","?","M","?","R","BOSS","M","?","?","?","$","R","?","M","T","R","?","?","M","M","R","BOSS","M","M","?","?"],"build_version":"2018-04-12","seed_source_timestamp":151158826750831,"purchased_purges":2,"victory":false,"master_deck":["Strike_R","Defend_R","Defend_R","Defend_R","Defend_R","Bash+1","AscendersBane","Reckless Charge+1","Metallicize+1","Iron Wave","Shrug It Off","Disarm+1","Metallicize+1","Reckless Charge","Dark Embrace+1","Exhume+1","Iron Wave+1","Offering","Clothesline+1","Limit Break+1","True Grit+1","Limit Break+1","Reckless Charge+1","Dropkick+1"],"max_hp_per_floor":[75,75,75,75,75,75,75,75,75,75,77,79,79,79,79,79,79,81,81,81,81,81,81,81,81,81,81,81,81,83,83,83,83,83,83,83,83,83],"relics":["Burning Blood","Golden Idol","The Courier","Singing Bowl","Pantograph","Sozu","Meat on the Bone","Toxic Egg 2","Runic Pyramid","Mummified Hand"],"card_choices":[{"not_picked":["Rupture","Cleave"],"picked":"Reckless Charge","floor":1},{"not_picked":["Havoc","Power Through"],"picked":"Metallicize","floor":2},{"not_picked":["Sword Boomerang","Immolate"],"picked":"Iron Wave","floor":3},{"not_picked":["Rupture","Warcry"],"picked":"Shrug It Off","floor":6},{"not_picked":["Pommel Strike","Pummel"],"picked":"Reckless Charge","floor":10},{"not_picked":["Pommel Strike","Flex"],"picked":"Dark Embrace","floor":13},{"not_picked":["Juggernaut","Fiend Fire"],"picked":"Exhume","floor":16},{"not_picked":["Armaments","Second Wind"],"picked":"Iron Wave","floor":21},{"not_picked":["Flex","Disarm"],"picked":"Clothesline","floor":25},{"not_picked":["Rupture","Clash"],"picked":"Limit Break","floor":29},{"not_picked":["Seeing Red","Rampage"],"picked":"True Grit","floor":31},{"not_picked":["Juggernaut","Reaper"],"picked":"Limit Break","floor":33},{"not_picked":["Perfected Strike","Fire Breathing"],"picked":"Reckless Charge","floor":35},{"not_picked":["Rupture","Ghostly Armor"],"picked":"Dropkick","floor":36}],"player_experience":866253,"potions_floor_usage":[6,12,16,21],"damage_taken":[{"damage":7,"enemies":"2 Louse","floor":1,"turns":4},{"damage":2,"enemies":"Jaw Worm","floor":2,"turns":3},{"damage":0,"enemies":"Cultist","floor":3,"turns":3},{"damage":11,"enemies":"Gremlin Nob","floor":6,"turns":4},{"damage":6,"enemies":"Looter","floor":10,"turns":4},{"damage":4,"enemies":"Blue Slaver","floor":11,"turns":5},{"damage":7,"enemies":"Exordium Wildlife","floor":12,"turns":7},{"damage":14,"enemies":"Exordium Thugs","floor":13,"turns":6},{"damage":42,"enemies":"Slime Boss","floor":16,"turns":15},{"damage":7,"enemies":"Shell Parasite","floor":18,"turns":9},{"damage":7,"enemies":"3 Byrds","floor":21,"turns":7},{"damage":18,"enemies":"Snecko","floor":25,"turns":8},{"damage":9,"enemies":"Snake Plant","floor":29,"turns":6},{"damage":33,"enemies":"Slaver and Parasite","floor":30,"turns":7},{"damage":4,"enemies":"Snecko","floor":31,"turns":5},{"damage":72,"enemies":"Collector","floor":33,"turns":19},{"damage":28,"enemies":"3 Shapes","floor":35,"turns":10},{"damage":23,"enemies":"3 Darklings","floor":36,"turns":12},{"damage":58,"enemies":"Sphere and 2 Shapes","floor":38,"turns":7}],"event_choices":[{"event_name":"Golden Idol","player_choice":"Take Damage","floor":4,"damage_taken":0},{"event_name":"Living Wall","player_choice":"Grow","floor":5,"damage_taken":0},{"event_name":"Dead Adventurer","player_choice":"Searched \u00271\u0027 times","floor":14,"damage_taken":0},{"event_name":"Beggar","player_choice":"Gave Gold","floor":19,"damage_taken":0},{"event_name":"Purifier","player_choice":"One Purge","floor":20,"damage_taken":0},{"event_name":"Vampires","player_choice":"Ignored","floor":28,"damage_taken":0}],"boss_relics":[{"not_picked":["Velvet Choker","Philosopher\u0027s Stone"],"picked":"Sozu"},{"not_picked":["Mark of Pain","Calling Bell"],"picked":"Runic Pyramid"}],"potions_floor_spawned":[1,11,13,16,21,29,30,31],"seed_played":"7582527419057133834","killed_by":"Sphere and 2 Shapes","ascension_level":15,"is_trial":false}