{"gold_per_floor":[109,63,81,95,114,145,145,176,176,351,351,380,399,419,419,518,518,534,225,238,418,125,125,150,167,214,214,234,249,249,268,268,363,363,376,233,245,96,109,142,142,173,221,231,276,82,182,201,201,201],"floor_reached":51,"playtime":6024,"items_purged":["Doubt","Static Discharge"],"score":858,"play_id":"9e65ca0a-186c-47a6-8bbc-e12bc4b4c44c","local_time":"20180804153650","is_ascension_mode":true,"campfire_choices":[{"floor":7,"key":"REST"},{"floor":11,"key":"REST"},{"data":"Sweeping Beam","floor":15,"key":"SMITH"},{"data":"Go for the Eyes","floor":23,"key":"SMITH"},{"floor":27,"key":"REST"},{"floor":30,"key":"REST"},{"floor":32,"key":"REST"},{"data":"Barrage","floor":41,"key":"SMITH"},{"data":"Hologram","floor":49,"key":"SMITH"}],"neow_cost":"NONE","seed_source_timestamp":916170936862466,"circlet_count":0,"master_deck":["Zap","Dualcast","Beam Cell","Ball Lightning","Hologram+1","Reboot","Double Energy+1","Melter","Genetic Algorithm","Sweeping Beam+1","Core Surge","Conserve Battery","Biased Cognition","Go for the Eyes+1","Static Discharge","Cold Snap","Skim","Barrage+1","Compile Driver","Scrape","Leap+1","Leap+1","Turbo+1","Beam Cell+1","Reboot","Stack","Fusion+1","BootSequence","Electrodynamics","Rip and Tear","Sweeping Beam+1","Rip and Tear+1","Stack","Go for the Eyes+1"],"relics":["Cracked Core","Oddly Smooth Stone","Smiling Mask","Nunchaku","Thread and Needle","Bottled Flame","Pandora\u0027s Box","Ornamental Fan","ClockworkSouvenir","Happy Flower","War Paint","Sozu","Blood Vial","Centennial Puzzle","Dream Catcher","Shovel","Anchor","Peace Pipe","Lee\u0027s Waffle"],"potions_floor_usage":[8,8,28,33,50,50,50],"damage_taken":[{"damage":0,"enemies":"Cultist","floor":1,"turns":3},{"damage":7,"enemies":"Jaw Worm","floor":3,"turns":3},{"damage":8,"enemies":"2 Louse","floor":4,"turns":2},{"damage":21,"enemies":"Exordium Thugs","floor":5,"turns":4},{"damage":8,"enemies":"3 Sentries","floor":6,"turns":5},{"damage":15,"enemies":"Gremlin Nob","floor":8,"turns":4},{"damage":7,"enemies":"3 Sentries","floor":12,"turns":6},{"damage":0,"enemies":"Blue Slaver","floor":13,"turns":2},{"damage":9,"enemies":"Exordium Wildlife","floor":14,"turns":3},{"damage":24,"enemies":"Slime Boss","floor":16,"turns":8},{"damage":0,"enemies":"Chosen","floor":18,"turns":3},{"damage":3,"enemies":"Shell Parasite","floor":20,"turns":3},{"damage":50,"enemies":"Gremlin Leader","floor":24,"turns":6},{"damage":0,"enemies":"Snecko","floor":25,"turns":4},{"damage":0,"enemies":"Slaver and Parasite","floor":28,"turns":4},{"damage":0,"enemies":"Sentry and Sphere","floor":29,"turns":2},{"damage":0,"enemies":"Centurion and Healer","floor":31,"turns":3},{"damage":27,"enemies":"Champ","floor":33,"turns":10},{"damage":0,"enemies":"3 Shapes","floor":35,"turns":5},{"damage":4,"enemies":"3 Darklings","floor":37,"turns":3},{"damage":0,"enemies":"Flame Bruiser 2 Orb","floor":39,"turns":4},{"damage":7,"enemies":"Nemesis","floor":40,"turns":7},{"damage":0,"enemies":"Giant Head","floor":42,"turns":6},{"damage":13,"enemies":"Maw","floor":44,"turns":5},{"damage":9,"floor":45,"turns":4},{"damage":0,"enemies":"Spire Growth","floor":48,"turns":4},{"damage":24,"enemies":"Donu and Deca","floor":50,"turns":7}],"seed_played":"-8408654877911529922","potions_obtained":[{"floor":3,"key":"Ancient Potion"},{"floor":5,"key":"Swift Potion"},{"floor":6,"key":"Weak Potion"},{"floor":13,"key":"SpeedPotion"},{"floor":28,"key":"Regen Potion"},{"floor":29,"key":"Ancient Potion"},{"floor":33,"key":"PowerPotion"}],"is_trial":false,"path_per_floor":["M","$","M","M","M","E","R","E","T","?","R","E","M","M","R","B",null,"M","$","M","?","$","R","E","M","T","R","M","M","R","M","R","B",null,"M","$","M","$","M","E","R","E","T","M","?","$","?","M","R","B"],"character_chosen":"DEFECT","items_purchased":["Ball Lightning","Ornamental Fan","ClockworkSouvenir","Turbo","Blood Vial","Centennial Puzzle","Lee\u0027s Waffle"],"campfire_rested":5,"item_purchase_floors":[2,19,22,22,36,38,46],"current_hp_per_floor":[75,75,68,60,39,31,53,38,38,38,60,53,53,44,44,20,75,75,75,72,51,51,51,1,1,1,23,23,23,45,45,67,40,75,75,75,71,71,73,68,68,70,70,59,52,82,82,82,82,69],"gold":201,"neow_bonus":"RANDOM_COMMON_RELIC","is_prod":false,"is_daily":false,"chose_seed":false,"campfire_upgraded":4,"win_rate":0,"timestamp":1533411410,"path_taken":["M","?","M","M","?","E","R","E","T","?","R","E","M","M","R","BOSS","M","$","M","?","?","R","E","M","T","R","M","?","R","M","R","BOSS","M","$","M","$","M","E","R","E","T","M","?","$","?","M","R","BOSS"],"build_version":"2018-08-02","purchased_purges":2,"victory":true,"max_hp_per_floor":[75,75,75,75,75,75,75,75,75,75,75,75,75,75,75,75,75,75,75,75,75,75,75,75,75,75,75,75,75,75,75,75,75,75,75,75,75,75,75,75,75,75,75,75,75,82,82,82,82,82],"card_choices":[{"not_picked":["Stack","Consume"],"picked":"Beam Cell","floor":1},{"not_picked":["Cold Snap","Steam"],"picked":"Hologram","floor":3},{"not_picked":["Rebound","Defragment"],"picked":"Reboot","floor":4},{"not_picked":["Reprogram","Cold Snap"],"picked":"Double Energy","floor":5},{"not_picked":["Double Energy","Turbo"],"picked":"Melter","floor":6},{"not_picked":["Darkness","Steam"],"picked":"Genetic Algorithm","floor":8},{"not_picked":["Beam Cell","Gash"],"picked":"Sweeping Beam","floor":12},{"not_picked":["Static Discharge","Conserve Battery"],"picked":"Core Surge","floor":13},{"not_picked":["Steam","Sunder"],"picked":"Conserve Battery","floor":14},{"not_picked":["Meteor Strike","Core Surge"],"picked":"Biased Cognition","floor":16},{"not_picked":["Fusion","Redo"],"picked":"Leap+1","floor":18},{"not_picked":["Rebound+1","Aggregate"],"picked":"Leap+1","floor":20},{"not_picked":["Streamline","Redo"],"picked":"Beam Cell+1","floor":24},{"not_picked":["Capacitor+1","FTL"],"picked":"Reboot","floor":25},{"not_picked":["Heatsinks+1","Ball Lightning+1"],"picked":"Stack","floor":28},{"not_picked":["FTL","Steam"],"picked":"Fusion+1","floor":29},{"not_picked":["Compile Driver","Barrage+1"],"picked":"BootSequence","floor":31},{"not_picked":["Rainbow","Seek"],"picked":"Electrodynamics","floor":33},{"not_picked":["Darkness+1","Gash"],"picked":"Rip and Tear","floor":35},{"not_picked":["Sweeping Beam","Gash+1","Darkness"],"picked":"SKIP","floor":37},{"not_picked":["Redo+1","All For One"],"picked":"Sweeping Beam+1","floor":39},{"not_picked":["Redo+1","Sunder+1"],"picked":"Rip and Tear+1","floor":40},{"not_picked":["Barrage","Rip and Tear+1","Sweeping Beam"],"picked":"SKIP","floor":42},{"not_picked":["Ball Lightning","Chill"],"picked":"Stack","floor":44},{"not_picked":["Sweeping Beam+1","Steam+1"],"picked":"Go for the Eyes+1","floor":48}],"player_experience":216938,"relics_obtained":[{"floor":6,"key":"Smiling Mask"},{"floor":8,"key":"Nunchaku"},{"floor":9,"key":"Thread and Needle"},{"floor":12,"key":"Bottled Flame"},{"floor":24,"key":"Happy Flower"},{"floor":26,"key":"War Paint"},{"floor":40,"key":"Dream Catcher"},{"floor":42,"key":"Shovel"},{"floor":43,"key":"Anchor"},{"floor":45,"key":"Peace Pipe"}],"event_choices":[{"event_name":"Liars Game","player_choice":"agreed","floor":10,"damage_taken":0},{"event_name":"Knowing Skull","player_choice":"GOLD GOLD ","floor":21,"damage_taken":0},{"event_name":"Mysterious Sphere","player_choice":"Fight","floor":45,"damage_taken":0},{"event_name":"Golden Shrine","player_choice":"Pray","floor":47,"damage_taken":0}],"is_beta":false,"boss_relics":[{"not_picked":["Astrolabe","Snecko Eye"],"picked":"Pandora\u0027s Box"},{"not_picked":["Coffee Dripper","Fusion Hammer"],"picked":"Sozu"}],"items_purged_floors":[19,22],"is_endless":false,"potions_floor_spawned":[3,5,6,13,28,29,33,39,40,42],"ascension_level":3}