{"gold_per_floor":[113,113,113,124,124,124,134,148,148,148,183,197,207,221,221,297,297,266,266,266,181,201,201,214,214,265,296,130,141,41,57,57,134,134,146,146,156,1155,648,648,674,674,674,674,685,635,338,363,363,363,363,363,35,66,66],"floor_reached":56,"playtime":2947,"items_purged":["Bite","Deadly Poison","Reflex"],"score":2013,"play_id":"8020fb73-e2a1-4b14-8198-6faaa1437ca2","local_time":"20190401001543","is_ascension_mode":true,"campfire_choices":[{"data":"Dagger Spray","floor":6,"key":"SMITH"},{"floor":10,"key":"REST"},{"data":"Cloak And Dagger","floor":15,"key":"SMITH"},{"data":"Glass Knife","floor":23,"key":"SMITH"},{"data":"Infinite Blades","floor":25,"key":"SMITH"},{"data":"Burst","floor":32,"key":"SMITH"},{"data":"Apotheosis","floor":40,"key":"SMITH"},{"floor":42,"key":"RECALL"},{"data":"Neutralize","floor":49,"key":"SMITH"},{"data":"PiercingWail","floor":52,"key":"SMITH"}],"neow_cost":"NONE","seed_source_timestamp":1600006427524805,"circlet_count":0,"master_deck":["AscendersBane","Defend_G","Defend_G","Defend_G+1","Defend_G","Defend_G","Survivor","Neutralize+1","Backflip","Blur","Infinite Blades+1","Blur","Cloak And Dagger+1","Burst+1","PiercingWail+1","Glass Knife+1","Well Laid Plans+1","Dash","Dodge and Roll+1","Bite","Bite","Bite","Bite","Footwork+1","Terror+1","Cloak And Dagger","Infinite Blades+1","After Image+1","Die Die Die","Predator","Apotheosis+1","Cloak And Dagger","Accuracy+1","Backflip+1","Caltrops+1","Burst","PiercingWail"],"relics":["Ring of the Snake","Centennial Puzzle","Kunai","Ornamental Fan","Orrery","Frozen Egg 2","Omamori","Blue Candle","Coffee Dripper","Mango","Thread and Needle","Paper Crane","Lantern","Mummified Hand"],"potions_floor_usage":[8,13,16,54,55,55],"damage_taken":[{"damage":3,"enemies":"Jaw Worm","floor":1,"turns":5},{"damage":0,"enemies":"2 Louse","floor":4,"turns":2},{"damage":0,"enemies":"Small Slimes","floor":7,"turns":3},{"damage":0,"enemies":"Blue Slaver","floor":8,"turns":4},{"damage":22,"enemies":"Lagavulin","floor":11,"turns":9},{"damage":0,"enemies":"3 Louse","floor":12,"turns":2},{"damage":3,"enemies":"Large Slime","floor":13,"turns":7},{"damage":9,"enemies":"Red Slaver","floor":14,"turns":4},{"damage":1,"enemies":"The Guardian","floor":16,"turns":14},{"damage":5,"enemies":"2 Thieves","floor":18,"turns":5},{"damage":6,"enemies":"Shell Parasite","floor":22,"turns":7},{"damage":9,"enemies":"Snecko","floor":24,"turns":8},{"damage":0,"enemies":"Gremlin Leader","floor":27,"turns":9},{"damage":12,"enemies":"Shelled Parasite and Fungi","floor":29,"turns":7},{"damage":20,"enemies":"Chosen and Byrds","floor":31,"turns":8},{"damage":23,"enemies":"Champ","floor":33,"turns":28},{"damage":1,"enemies":"Orb Walker","floor":35,"turns":3},{"damage":0,"enemies":"3 Shapes","floor":37,"turns":7},{"damage":18,"enemies":"Reptomancer","floor":41,"turns":9},{"damage":5,"enemies":"3 Darklings","floor":45,"turns":5},{"damage":0,"enemies":"Giant Head","floor":48,"turns":8},{"damage":43,"enemies":"Awakened One","floor":50,"turns":20},{"damage":58,"enemies":"Shield and Spear","floor":54,"turns":18},{"damage":1,"enemies":"The Heart","floor":55,"turns":15}],"seed_played":"-8987101560938286605","potions_obtained":[{"floor":1,"key":"Energy Potion"},{"floor":11,"key":"Fruit Juice"},{"floor":12,"key":"Swift Potion"},{"floor":13,"key":"Energy Potion"},{"floor":16,"key":"Energy Potion"},{"floor":24,"key":"GhostInAJar"},{"floor":54,"key":"Weak Potion"}],"is_trial":false,"path_per_floor":["M","?","?","M","?","R","M","M","T","R","E","M","M","M","R","B",null,"M","?","?","?","M","R","M","R","T","E","$","M","$","M","R","B",null,"M","?","M","?","$","R","E","R","T","?","M","?","$","E","R","B",null,"R","$","E","B",null],"character_chosen":"THE_SILENT","items_purchased":["Cloak And Dagger","Infinite Blades+1","Apotheosis","Cloak And Dagger","Accuracy+1","GhostInAJar","Thread and Needle","Caltrops+1","Lantern","Burst"],"campfire_rested":1,"item_purchase_floors":[28,28,39,39,39,39,47,53,53,53],"current_hp_per_floor":[56,61,40,40,33,33,33,33,33,54,32,32,34,25,25,24,63,58,53,39,39,43,43,40,40,40,56,56,52,52,42,42,57,58,58,58,58,58,58,58,70,70,70,70,71,71,71,72,72,72,72,72,72,44,71],"gold":66,"neow_bonus":"RANDOM_COMMON_RELIC","is_prod":false,"is_daily":false,"chose_seed":false,"campfire_upgraded":8,"win_rate":0,"timestamp":1554092143,"path_taken":["M","?","?","M","?","R","M","M","T","R","E","?","M","M","R","BOSS","M","?","?","?","M","R","M","R","T","E","$","M","$","M","R","BOSS","M","?","?","?","$","R","E","R","T","?","M","?","$","E","R","BOSS","R","$","E","BOSS"],"build_version":"2019-03-15","purchased_purges":3,"victory":true,"max_hp_per_floor":[66,71,71,71,71,71,71,71,71,71,71,71,76,76,76,76,76,76,53,58,58,58,58,58,58,58,58,58,58,58,58,58,58,58,58,58,58,58,58,58,72,72,72,72,72,72,72,72,72,72,72,72,72,72,72],"card_choices":[{"not_picked":["Calculated Gamble","Poisoned Stab"],"picked":"Dagger Spray","floor":1},{"not_picked":["Bane","Slice"],"picked":"Backflip","floor":4},{"not_picked":["Dagger Throw","Crippling Poison"],"picked":"Deadly Poison","floor":7},{"not_picked":["Dagger Throw","Acrobatics"],"picked":"Blur","floor":8},{"not_picked":["Grand Finale","All Out Attack","Escape Plan"],"picked":"SKIP","floor":11},{"not_picked":["Dodge and Roll","Predator"],"picked":"Infinite Blades","floor":12},{"not_picked":["Flechettes","Finisher"],"picked":"Blur","floor":13},{"not_picked":["Deflect","Footwork"],"picked":"Cloak And Dagger","floor":14},{"not_picked":["Wraith Form v2","Doppelganger"],"picked":"Burst","floor":16},{"not_picked":["Backflip","Blade Dance"],"picked":"PiercingWail","floor":17},{"not_picked":["Dodge and Roll","Distraction"],"picked":"Glass Knife","floor":17},{"not_picked":["Noxious Fumes","Flying Knee"],"picked":"Well Laid Plans","floor":17},{"not_picked":["Backflip","Quick Slash"],"picked":"Dash","floor":17},{"not_picked":["PiercingWail","Flying Knee"],"picked":"Dodge and Roll+1","floor":18},{"not_picked":["Underhanded Strike","Tools of the Trade+1"],"picked":"Footwork+1","floor":22},{"not_picked":["Prepared","Dash"],"picked":"Terror+1","floor":24},{"not_picked":["Flechettes+1","Choke","Well Laid Plans+1"],"picked":"SKIP","floor":27},{"not_picked":["Sucker Punch","Deadly Poison","Acrobatics"],"picked":"SKIP","floor":29},{"not_picked":["Footwork+1","Deflect"],"picked":"After Image+1","floor":31},{"not_picked":["Phantasmal Killer","Venomology"],"picked":"Die Die Die","floor":33},{"not_picked":["Bane","Well Laid Plans+1"],"picked":"Predator","floor":35},{"not_picked":["Infinite Blades+1","Finisher","Backstab"],"picked":"SKIP","floor":37},{"not_picked":["Poisoned Stab","Night Terror"],"picked":"Backflip+1","floor":41},{"not_picked":["Acrobatics","Accuracy+1","Slice"],"picked":"SKIP","floor":45},{"not_picked":["Deflect","Dagger Throw","Reflex"],"picked":"SKIP","floor":48},{"not_picked":["Deadly Poison+1","Choke"],"picked":"PiercingWail","floor":54}],"player_experience":2335038,"relics_obtained":[{"floor":9,"key":"Kunai"},{"floor":11,"key":"Ornamental Fan"},{"floor":26,"key":"Omamori"},{"floor":27,"key":"Blue Candle"},{"floor":41,"key":"Mango"},{"floor":48,"key":"Paper Crane"},{"floor":54,"key":"Mummified Hand"}],"event_choices":[{"damage_healed":0,"gold_gain":0,"player_choice":"Donut","damage_taken":0,"max_hp_gain":5,"max_hp_loss":0,"event_name":"Big Fish","floor":2,"gold_loss":0},{"damage_healed":0,"gold_gain":0,"player_choice":"Entered Light","damage_taken":21,"max_hp_gain":0,"max_hp_loss":0,"event_name":"Shining Light","floor":3,"gold_loss":0,"cards_upgraded":["Strike_G","Defend_G"]},{"cards_removed":["Strike_G"],"damage_healed":0,"gold_gain":0,"player_choice":"Card Removal","damage_taken":7,"max_hp_gain":0,"max_hp_loss":0,"event_name":"Golden Wing","floor":5,"gold_loss":0},{"damage_healed":0,"gold_gain":0,"player_choice":"Became a vampire","damage_taken":0,"max_hp_gain":0,"max_hp_loss":23,"event_name":"Vampires","floor":19,"gold_loss":0,"cards_obtained":["Bite","Bite","Bite","Bite","Bite"]},{"damage_healed":0,"gold_gain":0,"player_choice":"Shed Blood","damage_taken":19,"max_hp_gain":5,"max_hp_loss":0,"event_name":"Forgotten Altar","floor":20,"gold_loss":0},{"damage_healed":0,"gold_gain":0,"player_choice":"Obtained Relic","damage_taken":0,"relics_obtained":["Frozen Egg 2"],"max_hp_gain":0,"max_hp_loss":0,"event_name":"Addict","floor":21,"gold_loss":85},{"damage_healed":0,"gold_gain":0,"cards_transformed":["Dagger Spray"],"player_choice":"Transformed","damage_taken":0,"max_hp_gain":0,"max_hp_loss":0,"event_name":"Transmorgrifier","floor":36,"gold_loss":0,"cards_obtained":["Reflex"]},{"damage_healed":0,"gold_gain":999,"player_choice":"Gold","damage_taken":0,"max_hp_gain":0,"max_hp_loss":0,"event_name":"MindBloom","floor":38,"gold_loss":0,"cards_obtained":["Normality","Normality"]},{"damage_healed":0,"gold_gain":0,"player_choice":"Ignored","damage_taken":0,"max_hp_gain":0,"max_hp_loss":0,"event_name":"Tomb of Lord Red Mask","floor":44,"gold_loss":0},{"damage_healed":0,"gold_gain":0,"player_choice":"Upgrade","damage_taken":0,"max_hp_gain":0,"max_hp_loss":0,"event_name":"Designer","floor":46,"gold_loss":50,"cards_upgraded":["Well Laid Plans"]}],"is_beta":true,"boss_relics":[{"not_picked":["Velvet Choker","Busted Crown"],"picked":"Orrery"},{"not_picked":["Black Star","Runic Pyramid"],"picked":"Coffee Dripper"}],"items_purged_floors":[28,30,39],"is_endless":false,"potions_floor_spawned":[1,11,12,13,16,18,24,31,48,54],"ascension_level":15}