{"gold_per_floor":[367,20,37,48,66,66,95,45,45,65,65,98,98,98,98,221,221,237,237,261,16,39,83,83,96,122,135,0,0,0,25,25,149,149,162,187,520,520,535,535],"floor_reached":40,"playtime":4582,"items_purged":["Decay"],"score":593,"play_id":"6df8dfe7-7118-49ef-aca7-941799f37606","local_time":"20180715204514","is_ascension_mode":false,"campfire_choices":[{"data":"Apotheosis","floor":6,"key":"SMITH"},{"data":"Hologram","floor":13,"key":"SMITH"},{"floor":15,"key":"REST"},{"floor":32,"key":"REST"}],"neow_cost":"CURSE","seed_source_timestamp":1730007850401651,"circlet_count":0,"master_deck":["Strike_B+1","Strike_B+1","Strike_B+1","Defend_B+1","Defend_B+1","Defend_B+1","Defend_B+1","Zap+1","Dualcast+1","Beam Cell","Apotheosis+1","Genetic Algorithm+1","Turbo","Go for the Eyes","Sweeping Beam","Core Surge","Hologram+1","Scrape","Fission","Redo","Hologram","Panacea","White Noise","Sweeping Beam+1","Reinforced Body+1","Tempest+1","Conserve Battery+1","Electrodynamics","Lockon+1","White Noise+1","BootSequence+1"],"relics":["Cracked Core","War Paint","Blood Vial","Matryoshka","Nuclear Battery","Nilry\u0027s Codex","Vajra","Toxic Egg 2","Ancient Tea Set","Potion Belt","Shuriken","Gremlin Horn","Inserter","Prayer Wheel"],"potions_floor_usage":[12,16,22,23,23,33,33,40,40,40],"damage_taken":[{"damage":0,"enemies":"2 Louse","floor":1,"turns":3},{"damage":11,"enemies":"Small Slimes","floor":3,"turns":3},{"damage":3,"enemies":"Jaw Worm","floor":4,"turns":4},{"damage":5,"enemies":"Looter","floor":5,"turns":4},{"damage":15,"enemies":"Gremlin Nob","floor":7,"turns":4},{"damage":8,"enemies":"Red Slaver","floor":10,"turns":2},{"damage":11,"enemies":"Lagavulin","floor":12,"turns":6},{"damage":8,"enemies":"Hexaghost","floor":16,"turns":8},{"damage":2,"enemies":"Shell Parasite","floor":18,"turns":3},{"damage":5,"enemies":"Chosen","floor":20,"turns":4},{"damage":0,"enemies":"Snake Plant","floor":22,"turns":4},{"damage":34,"enemies":"Gremlin Leader","floor":23,"turns":7},{"damage":3,"enemies":"Snecko","floor":25,"turns":4},{"damage":6,"enemies":"Centurion and Healer","floor":27,"turns":5},{"damage":0,"enemies":"Snake Plant","floor":31,"turns":3},{"damage":51,"enemies":"Automaton","floor":33,"turns":10},{"damage":0,"enemies":"Orb Walker","floor":35,"turns":3},{"damage":3,"enemies":"3 Darklings","floor":36,"turns":4},{"damage":7,"floor":38,"turns":8},{"damage":45,"enemies":"Transient","floor":39,"turns":5},{"damage":33,"enemies":"2 Orb Walkers","floor":40,"turns":2}],"seed_played":"7504524316881826183","potions_obtained":[{"floor":3,"key":"Weak Potion"},{"floor":4,"key":"Block Potion"},{"floor":10,"key":"Regen Potion"},{"floor":12,"key":"Poison Potion"},{"floor":22,"key":"Poison Potion"},{"floor":23,"key":"SkillPotion"},{"floor":31,"key":"Weak Potion"},{"floor":33,"key":"PowerPotion"},{"floor":35,"key":"Ancient Potion"},{"floor":36,"key":"PowerPotion"}],"is_trial":false,"path_per_floor":["M","$","M","M","M","R","E","?","T","M","?","E","R","?","R","B",null,"M","?","M","$","M","E","?","M","T","M","?","T","$","M","R","B",null,"M","M","?","?","M"],"character_chosen":"DEFECT","items_purchased":["Apotheosis","Genetic Algorithm","Vajra","Panacea"],"campfire_rested":2,"item_purchase_floors":[2,2,21,21],"current_hp_per_floor":[75,75,64,61,56,56,41,41,41,35,35,41,41,23,45,39,75,73,57,54,54,56,38,38,37,37,33,33,33,33,35,57,8,75,75,72,72,67,24,0],"gold":535,"neow_bonus":"TWO_FIFTY_GOLD","is_prod":false,"is_daily":false,"chose_seed":false,"campfire_upgraded":2,"win_rate":0,"timestamp":1531701914,"path_taken":["M","$","M","M","M","R","E","?","T","M","?","E","R","?","R","BOSS","M","?","M","$","M","E","?","?","T","M","?","?","?","M","R","BOSS","M","M","?","?","?","E"],"build_version":"2018-07-12","purchased_purges":1,"victory":false,"max_hp_per_floor":[75,75,75,75,75,75,75,75,75,75,75,75,75,75,75,75,75,75,75,75,75,75,75,75,75,75,75,75,75,75,75,75,75,75,75,75,75,75,75,75],"card_choices":[{"not_picked":["Turbo","Conserve Battery"],"picked":"Beam Cell","floor":1},{"not_picked":["Compile Driver","Stack"],"picked":"Turbo","floor":3},{"not_picked":["Coolheaded","Machine Learning"],"picked":"Go for the Eyes","floor":4},{"not_picked":["Stack","Ball Lightning"],"picked":"Sweeping Beam","floor":5},{"not_picked":["Compile Driver","Stack"],"picked":"Core Surge","floor":7},{"not_picked":["Beam Cell","Heatsinks"],"picked":"Hologram","floor":10},{"not_picked":["Cold Snap","Leap"],"picked":"Scrape","floor":12},{"not_picked":["Multi-Cast","Meteor Strike"],"picked":"Fission","floor":16},{"not_picked":["Barrage","Gash"],"picked":"Redo","floor":18},{"not_picked":["Leap","Rip and Tear"],"picked":"Hologram","floor":20},{"not_picked":["Lockon","Hologram"],"picked":"White Noise","floor":22},{"not_picked":["Genetic Algorithm","Reprogram+1"],"picked":"Sweeping Beam+1","floor":23},{"not_picked":["Compile Driver+1","Barrage"],"picked":"Reinforced Body+1","floor":25},{"not_picked":["Reboot+1","Go for the Eyes"],"picked":"Tempest+1","floor":27},{"not_picked":["Beam Cell","Ball Lightning"],"picked":"Conserve Battery+1","floor":31},{"not_picked":["Buffer","All For One"],"picked":"Electrodynamics","floor":33},{"not_picked":["Sweeping Beam","Recycle+1"],"picked":"Lockon+1","floor":35},{"not_picked":["Compile Driver","Conserve Battery+1","Lockon+1"],"picked":"SKIP","floor":36},{"not_picked":["Chill+1","Steam+1"],"picked":"White Noise+1","floor":38},{"not_picked":["Rebound+1","Streamline"],"picked":"BootSequence+1","floor":39},{"not_picked":["Steam Power+1","Leap+1","Lockon"],"picked":"SKIP","floor":39}],"player_experience":138736,"relics_obtained":[{"floor":7,"key":"War Paint"},{"floor":9,"key":"Blood Vial"},{"floor":12,"key":"Matryoshka"},{"floor":19,"key":"Nilry\u0027s Codex"},{"floor":23,"key":"Toxic Egg 2"},{"floor":26,"key":"Ancient Tea Set"},{"floor":26,"key":"Potion Belt"},{"floor":29,"key":"Shuriken"},{"floor":29,"key":"Gremlin Horn"},{"floor":38,"key":"Prayer Wheel"}],"event_choices":[{"event_name":"The Cleric","player_choice":"Card Removal","floor":8,"damage_taken":0},{"event_name":"Upgrade Shrine","player_choice":"Upgraded","floor":11,"damage_taken":0},{"event_name":"Golden Idol","player_choice":"Take Damage","floor":14,"damage_taken":0},{"event_name":"Cursed Tome","player_choice":"Obtained Book","floor":19,"damage_taken":0},{"event_name":"Back to Basics","player_choice":"Simplicity","floor":24,"damage_taken":0},{"event_name":"Masked Bandits","player_choice":"Paid Bandits 135 gold","floor":28,"damage_taken":0},{"event_name":"The Moai Head","player_choice":"Gave Idol","floor":37,"damage_taken":0},{"event_name":"MindBloom","player_choice":"Fight","floor":38,"damage_taken":0}],"boss_relics":[{"not_picked":["Tiny House","FrozenCore"],"picked":"Nuclear Battery"},{"not_picked":["White Beast Statue","Astrolabe"],"picked":"Inserter"}],"items_purged_floors":[2],"is_endless":false,"potions_floor_spawned":[3,4,10,12,22,23,31,33,35,36],"killed_by":"2 Orb Walkers","ascension_level":0}