{"gold_per_floor":[112,122,138,50,50,50,84,102,129,141,180,192,220,40,40,40],"floor_reached":16,"playtime":368,"items_purged":["Pain"],"score":270,"play_id":"06d15f71-cf6e-4dd5-bf0c-b86e4eefcdad","local_time":"20190414231604","is_ascension_mode":true,"campfire_choices":[{"data":"Zap","floor":6,"key":"SMITH"},{"data":"Dualcast","floor":12,"key":"SMITH"},{"data":"Seek","floor":15,"key":"SMITH"}],"neow_cost":"NONE","seed_source_timestamp":820817788751295,"circlet_count":0,"master_deck":["AscendersBane","Strike_B","Strike_B","Strike_B","Strike_B","Defend_B","Defend_B","Defend_B","Defend_B","Zap+1","Dualcast+1","Seek+1","Sweeping Beam","Go for the Eyes","Ball Lightning","Auto Shields","Leap","Cold Snap","Doom and Gloom","Chill","Recycle"],"relics":["Cracked Core","WarpedTongs","Pen Nib","MawBank","Bag of Marbles"],"potions_floor_usage":[11],"damage_taken":[{"damage":0,"enemies":"Cultist","floor":1,"turns":3},{"damage":0,"enemies":"2 Louse","floor":2,"turns":2},{"damage":7,"enemies":"Small Slimes","floor":3,"turns":2},{"damage":32,"enemies":"3 Sentries","floor":7,"turns":5},{"damage":6,"enemies":"Blue Slaver","floor":8,"turns":3},{"damage":0,"enemies":"Lagavulin","floor":11,"turns":5},{"damage":5,"enemies":"Exordium Wildlife","floor":13,"turns":2},{"damage":29,"enemies":"Slime Boss","floor":16,"turns":7}],"seed_played":"-8063698704135297103","potions_obtained":[{"floor":2,"key":"Strength Potion"},{"floor":13,"key":"Explosive Potion"}],"is_trial":false,"path_per_floor":["M","M","M","$","?","R","E","M","T","?","E","R","M","$","R","B"],"character_chosen":"DEFECT","items_purchased":["Auto Shields","Chill","Recycle"],"campfire_rested":0,"item_purchase_floors":[4,14,14],"current_hp_per_floor":[64,64,57,57,57,57,25,19,19,42,42,42,37,37,37,8],"gold":40,"neow_bonus":"ONE_RANDOM_RARE_CARD","is_prod":false,"is_daily":false,"chose_seed":false,"campfire_upgraded":3,"win_rate":0,"timestamp":1555308964,"path_taken":["M","M","?","$","?","R","E","?","T","?","E","R","M","$","R","BOSS"],"build_version":"2019-04-04","purchased_purges":1,"victory":false,"max_hp_per_floor":[71,71,71,71,71,71,71,71,71,71,71,71,71,71,71,71],"card_choices":[{"not_picked":["Barrage","Conserve Battery"],"picked":"Sweeping Beam","floor":1},{"not_picked":["Beam Cell","Stack"],"picked":"Go for the Eyes","floor":2},{"not_picked":["Stack","Turbo"],"picked":"Ball Lightning","floor":3},{"not_picked":["Force Field","Gash"],"picked":"Leap","floor":7},{"not_picked":["Heatsinks","Compile Driver"],"picked":"Cold Snap","floor":8},{"not_picked":["Machine Learning","Redo","Gash"],"picked":"SKIP","floor":11},{"not_picked":["Go for the Eyes","Turbo"],"picked":"Doom and Gloom","floor":13}],"player_experience":1183728,"relics_obtained":[{"floor":7,"key":"Pen Nib"},{"floor":9,"key":"MawBank"},{"floor":11,"key":"Bag of Marbles"}],"event_choices":[{"damage_healed":0,"gold_gain":0,"player_choice":"Rummage","damage_taken":0,"relics_obtained":["WarpedTongs"],"max_hp_gain":0,"max_hp_loss":0,"event_name":"Accursed Blacksmith","floor":5,"gold_loss":0,"cards_obtained":["Pain"]},{"damage_healed":23,"gold_gain":0,"player_choice":"Banana","damage_taken":0,"max_hp_gain":0,"max_hp_loss":0,"event_name":"Big Fish","floor":10,"gold_loss":0}],"is_beta":true,"boss_relics":[],"items_purged_floors":[14],"is_endless":false,"potions_floor_spawned":[2,13],"killed_by":"Slime Boss","ascension_level":20}