{"path_per_floor":["M","?","?","$","?","R","$","R","T","M","E","R","T","?","R","B",null,"M","?","$","M","$","M","R","E","T"],"character_chosen":"DEFECT","items_purchased":["Cables","Toxic Egg 2","Capacitor"],"gold_per_floor":[114,114,289,46,46,46,46,46,71,89,116,116,184,184,184,283,283,298,298,4,24,24,44,44,70,70,70],"floor_reached":27,"campfire_rested":1,"playtime":671,"current_hp_per_floor":[75,63,63,63,63,63,63,63,63,53,37,37,37,37,59,58,71,58,58,58,57,57,56,56,21,21,0],"items_purged":[],"gold":70,"score":281,"play_id":"2a73c1b2-dbd8-419f-8e6d-ab75fdf37400","local_time":"20180429001245","is_prod":false,"is_daily":false,"chose_seed":false,"is_ascension_mode":true,"campfire_upgraded":4,"timestamp":1524985965,"path_taken":["M","?","?","$","?","R","$","R","T","?","E","R","?","?","R","BOSS","M","?","$","M","$","?","R","E","T","M"],"build_version":"2018-04-27v3","seed_source_timestamp":284016385909148,"purchased_purges":1,"victory":false,"master_deck":["Strike_B","Strike_B","Strike_B","Strike_B","Defend_B","Defend_B","Defend_B+1","Defend_B+1","Zap+1","Storm+1","Doubt","Injury","FTL+1","Hello World","Meteor Strike","Thunder Strike+1","Leap","Capacitor","Capacitor","Cold Snap","Turbo+1"],"max_hp_per_floor":[75,75,75,75,75,75,75,75,75,75,75,75,75,75,75,75,75,75,75,75,75,75,75,75,75,75,75],"relics":["Cracked Core","Gremlin Horn","Cables","Bronze Scales","Thread and Needle","Letter Opener","Runic Dome","Toxic Egg 2","Pen Nib","Pantograph"],"card_choices":[{"not_picked":["Genetic Algorithm","Coolheaded"],"picked":"Storm","floor":1},{"not_picked":["Coolheaded","Self Repair"],"picked":"FTL","floor":10},{"not_picked":["Beam Cell","Auto Shields"],"picked":"Hello World","floor":11},{"not_picked":["Redo","Rainbow"],"picked":"Thunder Strike","floor":16},{"not_picked":["Heatsinks","Reinforced Body"],"picked":"Leap","floor":18},{"not_picked":["Coolheaded","Rebound"],"picked":"Capacitor","floor":21},{"not_picked":["Skim","Capacitor"],"picked":"Cold Snap","floor":23},{"not_picked":["Rip and Tear","Biased Cognition"],"picked":"Turbo","floor":25}],"player_experience":549084,"potions_floor_usage":[16,21,23,25],"damage_taken":[{"damage":0,"enemies":"2 Louse","floor":1,"turns":2},{"damage":10,"enemies":"Small Slimes","floor":10,"turns":2},{"damage":16,"enemies":"3 Sentries","floor":11,"turns":7},{"damage":1,"enemies":"Slime Boss","floor":16,"turns":7},{"damage":13,"enemies":"Shell Parasite","floor":18,"turns":5},{"damage":1,"enemies":"Spheric Guardian","floor":21,"turns":3},{"damage":1,"enemies":"Snecko","floor":23,"turns":5},{"damage":35,"enemies":"Slavers","floor":25,"turns":4},{"damage":25,"enemies":"3 Cultists","floor":27,"turns":3}],"event_choices":[{"event_name":"Scrap Ooze","player_choice":"success","floor":2,"damage_taken":12},{"event_name":"Liars Game","player_choice":"agreed","floor":3,"damage_taken":0},{"event_name":"Accursed Blacksmith","player_choice":"Forge","floor":5,"damage_taken":0},{"event_name":"Transmorgrifier","player_choice":"Transform","floor":14,"damage_taken":0},{"event_name":"Ghosts","player_choice":"Ignored","floor":19,"damage_taken":0}],"boss_relics":[{"not_picked":["Calling Bell","Astrolabe"],"picked":"Runic Dome"}],"potions_floor_spawned":[1,10,11,18],"seed_played":"-1887500279384268938","killed_by":"3 Cultists","ascension_level":5,"is_trial":false}