{"gold_per_floor":[110,185,185,85,101,101,133,57,57,57,70,80,92,104,104,181,181,196,210,485,207,207],"floor_reached":22,"playtime":1174,"items_purged":["Regret"],"score":307,"play_id":"9f4b62ba-33ef-427e-a82b-5568dff102b0","local_time":"20190415145348","is_ascension_mode":true,"campfire_choices":[{"data":"Beam Cell","floor":6,"key":"SMITH"},{"floor":10,"key":"REST"},{"floor":15,"key":"REST"}],"neow_cost":"NONE","seed_source_timestamp":6836098154757,"circlet_count":0,"master_deck":["AscendersBane","Strike_B","Strike_B","Strike_B","Strike_B","Defend_B","Defend_B","Defend_B","Defend_B","Zap","Dualcast","Chill","BootSequence","Doom and Gloom","Beam Cell+1","Rebound","Ball Lightning","Capacitor","Leap","Defragment","Amplify","Barrage","Loop","Self Repair","Conserve Battery","Panacea"],"relics":["Cracked Core","Oddly Smooth Stone","Sundial","Bronze Scales","Sozu"],"potions_floor_usage":[16,19],"damage_taken":[{"damage":3,"enemies":"2 Louse","floor":1,"turns":3},{"damage":1,"enemies":"Jaw Worm","floor":5,"turns":2},{"damage":24,"enemies":"Lagavulin","floor":7,"turns":10},{"damage":0,"enemies":"Cultist","floor":11,"turns":3},{"damage":3,"enemies":"3 Louse","floor":12,"turns":2},{"damage":3,"enemies":"Red Slaver","floor":13,"turns":3},{"damage":7,"enemies":"Exordium Thugs","floor":14,"turns":3},{"damage":11,"enemies":"The Guardian","floor":16,"turns":11},{"damage":17,"enemies":"Shell Parasite","floor":18,"turns":5},{"damage":15,"enemies":"Spheric Guardian","floor":19,"turns":3},{"damage":36,"enemies":"3 Cultists","floor":22,"turns":5}],"seed_played":"-964924453630627411","potions_obtained":[{"floor":1,"key":"Fire Potion"},{"floor":12,"key":"SkillPotion"}],"is_trial":false,"path_per_floor":["M","?","?","$","M","R","E","$","T","R","M","M","M","M","R","B",null,"M","M","?","$","M"],"character_chosen":"DEFECT","items_purchased":["Doom and Gloom","Beam Cell","Capacitor","Self Repair","Conserve Battery","Panacea"],"campfire_rested":2,"item_purchase_floors":[4,4,8,21,21,21],"current_hp_per_floor":[65,54,47,47,46,46,22,22,22,44,44,41,38,31,53,42,67,50,35,35,35,0],"gold":207,"neow_bonus":"THREE_CARDS","is_prod":false,"is_daily":false,"chose_seed":false,"campfire_upgraded":1,"win_rate":0,"timestamp":1555332828,"path_taken":["M","?","?","$","M","R","E","?","T","R","M","?","M","M","R","BOSS","M","M","?","$","?"],"build_version":"2019-01-23","purchased_purges":1,"victory":false,"max_hp_per_floor":[75,75,75,75,75,75,75,75,75,75,75,75,75,75,75,75,75,75,75,75,75,75],"card_choices":[{"not_picked":["Chaos","Coolheaded"],"picked":"Chill","floor":0},{"not_picked":["Stack","Turbo"],"picked":"BootSequence","floor":1},{"not_picked":["Tempest","Coolheaded"],"picked":"Rebound","floor":5},{"not_picked":["FTL","Defragment"],"picked":"Ball Lightning","floor":7},{"not_picked":["Cold Snap","Hologram"],"picked":"Leap","floor":11},{"not_picked":["Reprogram","Double Energy","Beam Cell"],"picked":"SKIP","floor":12},{"not_picked":["Beam Cell","Reprogram"],"picked":"Defragment","floor":13},{"not_picked":["Steam Power","Recycle","Chaos"],"picked":"SKIP","floor":14},{"not_picked":["Buffer","Hyperbeam"],"picked":"Amplify","floor":16},{"not_picked":["Leap","Skim"],"picked":"Barrage","floor":18},{"not_picked":["Ball Lightning","Cold Snap"],"picked":"Loop","floor":19}],"player_experience":258963,"relics_obtained":[{"floor":7,"key":"Sundial"},{"floor":9,"key":"Bronze Scales"}],"event_choices":[{"damage_healed":0,"gold_gain":75,"player_choice":"Gather Gold","damage_taken":11,"max_hp_gain":0,"max_hp_loss":0,"event_name":"World of Goop","floor":2,"gold_loss":0},{"damage_healed":0,"gold_gain":0,"player_choice":"Success","damage_taken":7,"relics_obtained":["Oddly Smooth Stone"],"max_hp_gain":0,"max_hp_loss":0,"event_name":"Scrap Ooze","floor":3,"gold_loss":0},{"damage_healed":0,"gold_gain":275,"player_choice":"Desecrate","damage_taken":0,"max_hp_gain":0,"max_hp_loss":0,"event_name":"Golden Shrine","floor":20,"gold_loss":0,"cards_obtained":["Regret"]}],"is_beta":false,"boss_relics":[{"not_picked":["Pandora\u0027s Box","Black Star"],"picked":"Sozu"}],"items_purged_floors":[21],"is_endless":false,"potions_floor_spawned":[1,12,13],"killed_by":"3 Cultists","ascension_level":13}