{"gold_per_floor":[119,24,38,3,3,3,38,38,86,112,124,139,139,162,162,240,240,260,181,181,198,218,218,238,266,266,66,66,91,91,54,54,132,132,143,0,10,26,41,41],"floor_reached":40,"playtime":2057,"items_purged":[],"score":968,"play_id":"1b49f885-99fb-44c2-8959-aa830d70a122","local_time":"20190501050805","is_ascension_mode":true,"campfire_choices":[{"data":"Neutralize","floor":6.0,"key":"SMITH"},{"data":"Dash","floor":8.0,"key":"SMITH"},{"data":"Noxious Fumes","floor":13.0,"key":"SMITH"},{"data":"Dagger Spray","floor":15.0,"key":"SMITH"},{"data":"A Thousand Cuts","floor":28.0,"key":"SMITH"},{"data":"Panache","floor":30.0,"key":"SMITH"},{"floor":32.0,"key":"REST"}],"neow_cost":"NONE","seed_source_timestamp":729736720559900,"circlet_count":0,"master_deck":["AscendersBane","Defend_G","Defend_G","Defend_G+1","Defend_G","Defend_G","Strike_G","Strike_G","Strike_G","Strike_G","Strike_G+1","Survivor","Neutralize+1","Footwork","Finesse","Infinite Blades","Dash+1","Noxious Fumes+1","Dagger Spray+1","Die Die Die","Cloak And Dagger","Footwork","Dagger Throw+1","A Thousand Cuts+1","Cloak And Dagger+1","PiercingWail","Panache+1","Blur","Endless Agony","Terror+1","Footwork"],"special_seed":0,"relics":["Ring of the Snake","NeowsBlessing","Pantograph","Lantern","Shuriken","Odd Mushroom","Sozu","Bronze Scales","Singing Bowl","Black Star","Red Mask"],"potions_floor_usage":[],"damage_taken":[{"damage":0.0,"enemies":"Small Slimes","floor":1.0,"turns":1.0},{"damage":0.0,"enemies":"2 Louse","floor":3.0,"turns":1.0},{"damage":0.0,"enemies":"Lagavulin","floor":7.0,"turns":1.0},{"damage":0.0,"enemies":"3 Sentries","floor":10.0,"turns":11.0},{"damage":0.0,"enemies":"Cultist","floor":11.0,"turns":3.0},{"damage":2.0,"enemies":"Exordium Wildlife","floor":12.0,"turns":3.0},{"damage":0.0,"enemies":"The Mushroom Lair","floor":14.0,"turns":4.0},{"damage":12.0,"enemies":"Hexaghost","floor":16.0,"turns":9.0},{"damage":8.0,"enemies":"Shell Parasite","floor":18.0,"turns":6.0},{"damage":21.0,"enemies":"Spheric Guardian","floor":21.0,"turns":4.0},{"damage":19.0,"enemies":"3 Cultists","floor":22.0,"turns":4.0},{"damage":22.0,"enemies":"Cultist and Chosen","floor":24.0,"turns":6.0},{"damage":15.0,"enemies":"Gremlin Leader","floor":25.0,"turns":6.0},{"damage":34.0,"enemies":"Book of Stabbing","floor":29.0,"turns":4.0},{"damage":19.0,"enemies":"Collector","floor":33.0,"turns":8.0},{"damage":12.0,"enemies":"Orb Walker","floor":35.0,"turns":4.0},{"damage":5.0,"enemies":"3 Darklings","floor":37.0,"turns":5.0},{"damage":3.0,"enemies":"Transient","floor":38.0,"turns":6.0},{"damage":0.0,"enemies":"4 Shapes","floor":39.0,"turns":3.0},{"damage":59,"enemies":"Reptomancer","floor":40,"turns":4}],"seed_played":"-2211666282697128951","potions_obtained":[{"floor":1.0,"key":"Block Potion"},{"floor":10.0,"key":"SteroidPotion"},{"floor":16.0,"key":"SpeedPotion"}],"is_trial":false,"path_per_floor":["M","$","M","?","?","R","E","R","T","E","M","M","R","?","R","B",null,"M","$","?","M","M","?","M","E","T","$","R","E","R","$","R","B",null,"M","?","M","M","M","E"],"character_chosen":"THE_SILENT","items_purchased":["Finesse","Footwork","Panache","Blur"],"campfire_rested":1,"item_purchase_floors":[2,19,27,31],"current_hp_per_floor":[59,59,59,66,46,46,46,46,46,46,46,44,44,44,44,54,63,55,55,55,34,15,76,54,39,39,39,39,7,7,7,30,38,70,58,58,55,52,52,0],"gold":41,"neow_bonus":"THREE_ENEMY_KILL","is_prod":false,"is_daily":false,"chose_seed":false,"campfire_upgraded":6,"win_rate":0,"timestamp":1556701685,"path_taken":["M","$","M","?","?","R","E","R","T","E","M","M","R","?","R","BOSS","M","$","?","?","M","?","M","E","T","?","R","E","R","$","R","BOSS","M","?","M","M","M","E"],"build_version":"2019-01-23","purchased_purges":0,"victory":false,"max_hp_per_floor":[66,66,66,66,66,66,66,66,66,66,66,66,66,66,66,66,66,66,66,66,66,66,76,76,76,76,76,76,78,78,78,78,80,80,80,80,82,82,82,82],"card_choices":[{"not_picked":["Expertise","Crippling Poison"],"picked":"Footwork","floor":1.0},{"not_picked":["Flechettes","Quick Slash"],"picked":"Infinite Blades","floor":3.0},{"not_picked":["Setup","Riddle With Holes"],"picked":"Dash","floor":7.0},{"not_picked":["Deflect","Flying Knee"],"picked":"Storm of Steel","floor":10.0},{"not_picked":["Riddle With Holes","Infinite Blades"],"picked":"Noxious Fumes","floor":11.0},{"not_picked":["Concentrate","Reflex"],"picked":"Dagger Spray","floor":12.0},{"not_picked":["Unload","Envenom"],"picked":"Die Die Die","floor":16.0},{"not_picked":["Backflip","Deflect"],"picked":"Cloak And Dagger","floor":18.0},{"not_picked":["Prepared","Bane"],"picked":"Dagger Throw+1","floor":21.0},{"not_picked":["Sucker Punch","Deflect"],"picked":"A Thousand Cuts","floor":22.0},{"not_picked":["Deadly Poison","Underhanded Strike"],"picked":"Cloak And Dagger+1","floor":24.0},{"not_picked":["Quick Slash","Bane"],"picked":"PiercingWail","floor":25.0},{"not_picked":["Poisoned Stab","Flying Knee","Phantasmal Killer"],"picked":"Singing Bowl","floor":29.0},{"not_picked":["Venomology","Bullet Time","Storm of Steel"],"picked":"Singing Bowl","floor":33.0},{"not_picked":["Blade Dance","Flechettes"],"picked":"Endless Agony","floor":35.0},{"not_picked":["Outmaneuver","Eviscerate","Poisoned Stab"],"picked":"Singing Bowl","floor":37.0},{"not_picked":["Poisoned Stab","Tactician"],"picked":"Terror+1","floor":38.0},{"not_picked":["Distraction","Outmaneuver+1"],"picked":"Footwork","floor":39.0}],"player_experience":2188735,"relics_obtained":[{"floor":7.0,"key":"Pantograph"},{"floor":9.0,"key":"Lantern"},{"floor":10.0,"key":"Shuriken"},{"floor":14.0,"key":"Odd Mushroom"},{"floor":25.0,"key":"Bronze Scales"},{"floor":29.0,"key":"Singing Bowl"}],"event_choices":[{"damage_healed":16.0,"max_hp_gain":0.0,"max_hp_loss":0.0,"gold_gain":0.0,"event_name":"The Cleric","player_choice":"Healed","floor":4.0,"gold_loss":35.0,"damage_taken":0.0},{"damage_healed":0.0,"max_hp_gain":0.0,"max_hp_loss":0.0,"gold_gain":0.0,"event_name":"Shining Light","player_choice":"Entered Light","floor":5.0,"gold_loss":0.0,"damage_taken":20.0,"cards_upgraded":["Defend_G","Strike_G"]},{"damage_healed":0.0,"max_hp_gain":0.0,"max_hp_loss":0.0,"gold_gain":0.0,"event_name":"Mushrooms","player_choice":"Fought Mushrooms","floor":14.0,"gold_loss":0.0,"damage_taken":0.0},{"damage_healed":0.0,"max_hp_gain":0.0,"max_hp_loss":0.0,"gold_gain":0.0,"event_name":"Match and Keep!","player_choice":"0 cards matched","floor":20.0,"gold_loss":0.0,"damage_taken":0.0,"cards_obtained":[]},{"cards_removed":["Storm of Steel"],"damage_healed":51.0,"max_hp_gain":10.0,"max_hp_loss":0.0,"gold_gain":0.0,"event_name":"Bonfire Elementals","player_choice":"Offered Rare","floor":23.0,"gold_loss":0.0,"damage_taken":0.0},{"damage_healed":0.0,"max_hp_gain":0.0,"max_hp_loss":0.0,"gold_gain":0.0,"event_name":"Tomb of Lord Red Mask","player_choice":"Paid","floor":36.0,"gold_loss":143.0,"damage_taken":0.0,"relics_obtained":["Red Mask"]}],"is_beta":false,"boss_relics":[{"not_picked":["Eternal Feather","Orrery"],"picked":"Sozu"},{"not_picked":["White Beast Statue","Runic Dome"],"picked":"Black Star"}],"items_purged_floors":[],"is_endless":false,"potions_floor_spawned":[1,10,12,14,16,18,21,29,38],"killed_by":"Reptomancer","ascension_level":20}