{"gold_per_floor":[116,96,112,130,130,130,146,189,241,241],"floor_reached":10,"playtime":287,"items_purged":[],"score":136,"play_id":"081df41b-5a2c-4a4d-955c-bfb151dbb06c","local_time":"20190317164058","is_ascension_mode":true,"campfire_choices":[{"data":"Armaments","floor":6,"key":"SMITH"}],"neow_cost":"NONE","seed_source_timestamp":54620787486968,"circlet_count":0,"master_deck":["AscendersBane","Strike_R","Strike_R","Strike_R","Strike_R","Strike_R","Defend_R","Defend_R","Defend_R","Defend_R","Bash","Armaments+1","Perfected Strike","Anger","Feel No Pain"],"relics":["Burning Blood","Golden Idol","Toxic Egg 2","Red Skull"],"potions_floor_usage":[2,7,8],"damage_taken":[{"damage":6,"enemies":"Cultist","floor":1,"turns":3},{"damage":3,"enemies":"2 Louse","floor":3,"turns":3},{"damage":15,"enemies":"Small Slimes","floor":4,"turns":4},{"damage":0,"enemies":"Red Slaver","floor":7,"turns":4},{"damage":43,"enemies":"Gremlin Nob","floor":8,"turns":5},{"damage":0,"enemies":"Lagavulin","floor":10,"turns":4}],"seed_played":"8405425169321818217","potions_obtained":[{"floor":1,"key":"Weak Potion"},{"floor":2,"key":"Fruit Juice"},{"floor":7,"key":"Weak Potion"}],"is_trial":false,"path_per_floor":["M","?","M","M","?","R","M","E","T","E"],"character_chosen":"IRONCLAD","items_purchased":[],"campfire_rested":0,"item_purchase_floors":[],"current_hp_per_floor":[75,80,83,74,44,44,50,13,13,13],"gold":241,"neow_bonus":"TEN_PERCENT_HP_BONUS","is_prod":false,"is_daily":false,"chose_seed":false,"campfire_upgraded":1,"win_rate":0,"timestamp":1552855258,"path_taken":["M","?","M","?","?","R","M","E","T","E"],"build_version":"2019-01-23","purchased_purges":0,"victory":false,"max_hp_per_floor":[82,87,87,87,87,87,87,87,87,87],"card_choices":[{"not_picked":["Dropkick","Heavy Blade"],"picked":"Armaments","floor":1},{"not_picked":["Body Slam","Clash"],"picked":"Perfected Strike","floor":3},{"not_picked":["Heavy Blade","Infernal Blade"],"picked":"Anger","floor":4},{"not_picked":["Bloodletting","Sever Soul","Sentinel"],"picked":"SKIP","floor":7},{"not_picked":["Clothesline","Dark Embrace"],"picked":"Feel No Pain","floor":8}],"player_experience":1175708,"relics_obtained":[{"floor":8,"key":"Toxic Egg 2"},{"floor":9,"key":"Red Skull"}],"event_choices":[{"damage_healed":0,"gold_gain":0,"player_choice":"Bought 1 Potion","damage_taken":0,"max_hp_gain":0,"max_hp_loss":0,"event_name":"The Woman in Blue","floor":2,"gold_loss":0},{"damage_healed":0,"gold_gain":0,"player_choice":"Take Damage","damage_taken":30,"relics_obtained":["Golden Idol"],"max_hp_gain":0,"max_hp_loss":0,"event_name":"Golden Idol","floor":5,"gold_loss":0}],"is_beta":false,"boss_relics":[],"items_purged_floors":[],"is_endless":false,"potions_floor_spawned":[1,7],"killed_by":"Lagavulin","ascension_level":20}