{"gold_per_floor":[215,215,34,50,67,67,97,112,112,128,145,145,158,177,177,251,251,151,151,32,32,32,32,32,32,32,32,32,32,32,32,32,32,32,32,32,32,32,32,32,32,32,32,32,32,32,32,32,32,32],"floor_reached":51,"playtime":5121,"items_purged":["Pain"],"score":1269,"play_id":"bf17a655-ebf2-42b7-afbc-2911c36c3141","local_time":"20190507143350","is_ascension_mode":true,"campfire_choices":[{"data":"Coolheaded","floor":6,"key":"SMITH"},{"floor":12,"key":"REST"},{"data":"Self Repair","floor":15,"key":"SMITH"},{"data":"Fission","floor":24,"key":"SMITH"},{"data":"Defragment","floor":28,"key":"SMITH"},{"floor":32,"key":"REST"},{"data":"Defragment","floor":40,"key":"SMITH"},{"data":"Stack","floor":42,"key":"SMITH"},{"floor":49,"key":"REST"}],"neow_cost":"NONE","seed_source_timestamp":10316624654445,"circlet_count":0,"master_deck":["AscendersBane","Strike_B","Strike_B","Defend_B","Defend_B","Defend_B","Defend_B","Zap","Dualcast","Auto Shields","Streamline","Ball Lightning","Coolheaded+1","Glacier","Undo","Self Repair+1","Glacier","Fission+1","Skim+1","Defragment+1","Genetic Algorithm","Barrage","Electrodynamics","Rip and Tear+1","Echo Form","Defragment+1","Stack+1","Dark Shackles","Thinking Ahead","Doom and Gloom"],"relics":["Cracked Core","WarpedTongs","Boot","Singing Bowl","Ectoplasm","FossilizedHelix","Question Card","Nilry\u0027s Codex","Nuclear Battery","Kunai","Omamori","Ancient Tea Set"],"potions_floor_usage":[11,16,23,23,41,50],"damage_taken":[{"damage":7,"enemies":"Small Slimes","floor":1,"turns":3},{"damage":0,"enemies":"Cultist","floor":4,"turns":3},{"damage":7,"enemies":"Jaw Worm","floor":5,"turns":2},{"damage":32,"enemies":"Gremlin Nob","floor":7,"turns":4},{"damage":9,"enemies":"Red Slaver","floor":8,"turns":3},{"damage":0,"enemies":"Exordium Wildlife","floor":10,"turns":2},{"damage":0,"enemies":"Lots of Slimes","floor":11,"turns":1},{"damage":0,"enemies":"Looter","floor":13,"turns":3},{"damage":14,"enemies":"3 Louse","floor":14,"turns":5},{"damage":24,"enemies":"Slime Boss","floor":16,"turns":12},{"damage":15,"enemies":"2 Thieves","floor":18,"turns":5},{"damage":11,"enemies":"Chosen","floor":19,"turns":5},{"damage":20,"enemies":"Slavers","floor":23,"turns":9},{"damage":4,"enemies":"Centurion and Healer","floor":25,"turns":12},{"damage":0,"enemies":"Chosen and Byrds","floor":29,"turns":7},{"damage":21,"enemies":"Snake Plant","floor":30,"turns":7},{"damage":17,"enemies":"Collector","floor":33,"turns":15},{"damage":0,"enemies":"3 Shapes","floor":35,"turns":7},{"damage":0,"enemies":"Orb Walker","floor":39,"turns":4},{"damage":14,"enemies":"Sphere and 2 Shapes","floor":41,"turns":7},{"damage":23,"enemies":"3 Darklings","floor":44,"turns":3},{"damage":0,"enemies":"Maw","floor":47,"turns":8},{"damage":27,"enemies":"Giant Head","floor":48,"turns":10},{"damage":39,"enemies":"Awakened One","floor":50,"turns":19}],"seed_played":"8315962630724297380","potions_obtained":[{"floor":4,"key":"Swift Potion"},{"floor":5,"key":"LiquidBronze"},{"floor":8,"key":"SteroidPotion"},{"floor":13,"key":"SneckoOil"},{"floor":18,"key":"FearPotion"},{"floor":22,"key":"SkillPotion"},{"floor":29,"key":"FairyPotion"},{"floor":30,"key":"EssenceOfSteel"},{"floor":47,"key":"LiquidBronze"},{"floor":48,"key":"SteroidPotion"}],"is_trial":false,"path_per_floor":["M","?","$","M","M","R","E","M","T","M","M","R","M","M","R","B",null,"M","M","$","?","?","E","R","M","T","?","R","M","M","?","R","B",null,"M","?","T","?","M","R","M","R","T","M","?","?","M","E","R","B",null],"character_chosen":"DEFECT","items_purchased":["Streamline","Explosive Potion","Defragment","Genetic Algorithm"],"campfire_rested":3,"item_purchase_floors":[3,3,20,20],"current_hp_per_floor":[57,57,57,57,50,50,18,9,9,11,11,32,44,30,30,16,60,57,56,56,56,56,48,48,54,54,54,54,64,53,32,55,48,71,79,75,75,75,75,75,73,73,73,72,64,64,83,68,85,46],"gold":32,"neow_bonus":"HUNDRED_GOLD","is_prod":false,"is_daily":false,"chose_seed":false,"campfire_upgraded":6,"win_rate":0,"timestamp":1557232430,"path_taken":["M","?","$","M","M","R","E","M","T","M","M","R","M","M","R","BOSS","M","M","$","?","?","E","R","?","T","?","R","?","M","?","R","BOSS","M","?","?","?","M","R","M","R","T","?","?","?","M","E","R","BOSS"],"build_version":"2019-01-23","purchased_purges":1,"victory":true,"max_hp_per_floor":[71,71,71,71,71,71,71,71,71,73,73,73,75,75,75,75,75,77,77,77,77,77,79,79,79,79,79,79,79,79,79,79,79,79,79,75,75,75,75,75,77,77,77,79,81,81,83,85,85,85],"card_choices":[{"not_picked":["Turbo","Steam"],"picked":"Auto Shields","floor":1},{"not_picked":["Redo","Chaos"],"picked":"Ball Lightning","floor":4},{"not_picked":["Rebound","Cold Snap"],"picked":"Coolheaded","floor":5},{"not_picked":["Thunder Strike","Rebound"],"picked":"Glacier","floor":7},{"not_picked":["White Noise","Ball Lightning"],"picked":"Undo","floor":8},{"not_picked":["Static Discharge","Conserve Battery","Ball Lightning"],"picked":"Singing Bowl","floor":10},{"not_picked":["Amplify","Redo"],"picked":"Self Repair","floor":11},{"not_picked":["Compile Driver","Go for the Eyes","Coolheaded"],"picked":"Singing Bowl","floor":13},{"not_picked":["Go for the Eyes","Cold Snap"],"picked":"Glacier","floor":14},{"not_picked":["Seek","Buffer"],"picked":"Fission","floor":16},{"not_picked":["Streamline","Turbo","Compile Driver"],"picked":"Singing Bowl","floor":18},{"not_picked":["Barrage","Static Discharge"],"picked":"Skim+1","floor":19},{"not_picked":["Turbo","Undo","Rebound"],"picked":"Singing Bowl","floor":23},{"not_picked":["Cold Snap","FTL"],"picked":"Barrage","floor":25},{"not_picked":["Reinforced Body","Go for the Eyes","Redo"],"picked":"Electrodynamics","floor":29},{"not_picked":["Barrage","Hologram","Coolheaded"],"picked":"Rip and Tear+1","floor":30},{"not_picked":["Hyperbeam","Buffer","Multi-Cast"],"picked":"Echo Form","floor":33},{"not_picked":["Rebound+1","Skim","Cold Snap"],"picked":"Defragment","floor":35},{"not_picked":["Aggregate+1","Conserve Battery","Glacier"],"picked":"Stack","floor":39},{"not_picked":["Storm","Darkness+1","Blizzard","Sweeping Beam"],"picked":"Singing Bowl","floor":41},{"not_picked":["Redo","Self Repair+1","Aggregate","Chill"],"picked":"Singing Bowl","floor":44},{"not_picked":["PanicButton","Madness","Good Instincts"],"picked":"Dark Shackles","floor":45},{"not_picked":["Transmutation","Forethought","Deep Breath","Madness"],"picked":"Singing Bowl","floor":45},{"not_picked":["Jack Of All Trades","Bandage Up","HandOfGreed"],"picked":"Thinking Ahead","floor":45},{"not_picked":["Turbo","Lockon","Conserve Battery","Rip and Tear"],"picked":"Singing Bowl","floor":47},{"not_picked":["Turbo","Leap","Compile Driver+1","Reinforced Body"],"picked":"Singing Bowl","floor":48}],"player_experience":324525,"relics_obtained":[{"floor":7,"key":"Boot"},{"floor":9,"key":"Singing Bowl"},{"floor":23,"key":"FossilizedHelix"},{"floor":26,"key":"Question Card"},{"floor":31,"key":"Nilry\u0027s Codex"},{"floor":37,"key":"Kunai"},{"floor":43,"key":"Omamori"},{"floor":48,"key":"Ancient Tea Set"}],"event_choices":[{"damage_healed":0,"gold_gain":0,"player_choice":"Rummage","damage_taken":0,"relics_obtained":["WarpedTongs"],"max_hp_gain":0,"max_hp_loss":0,"event_name":"Accursed Blacksmith","floor":2,"gold_loss":0,"cards_obtained":["Pain"]},{"damage_healed":0,"gold_gain":0,"player_choice":"Ignored","damage_taken":0,"max_hp_gain":0,"max_hp_loss":0,"event_name":"Ghosts","floor":21,"gold_loss":0},{"damage_healed":0,"gold_gain":0,"player_choice":"Got Potions","damage_taken":0,"max_hp_gain":0,"max_hp_loss":0,"event_name":"Lab","floor":22,"gold_loss":0},{"cards_removed":["Strike_B"],"damage_healed":0,"gold_gain":0,"player_choice":"Purged","damage_taken":0,"max_hp_gain":0,"max_hp_loss":0,"event_name":"Purifier","floor":27,"gold_loss":0},{"damage_healed":0,"gold_gain":0,"player_choice":"Obtained Book","damage_taken":21,"max_hp_gain":0,"max_hp_loss":0,"event_name":"Cursed Tome","floor":31,"gold_loss":0},{"damage_healed":0,"gold_gain":0,"player_choice":"Max HP","damage_taken":0,"max_hp_gain":0,"max_hp_loss":4,"event_name":"Winding Halls","floor":36,"gold_loss":0},{"damage_healed":0,"gold_gain":50,"player_choice":"Pray","damage_taken":0,"max_hp_gain":0,"max_hp_loss":0,"event_name":"Golden Shrine","floor":38,"gold_loss":0},{"damage_healed":0,"gold_gain":0,"player_choice":"Memory 3","damage_taken":10,"max_hp_gain":0,"max_hp_loss":0,"event_name":"SensoryStone","floor":45,"gold_loss":0},{"damage_healed":0,"gold_gain":0,"cards_transformed":["Strike_B"],"player_choice":"Transformed","damage_taken":0,"max_hp_gain":0,"max_hp_loss":0,"event_name":"Transmorgrifier","floor":46,"gold_loss":0,"cards_obtained":["Doom and Gloom"]}],"is_beta":false,"boss_relics":[{"not_picked":["Orrery","Sozu"],"picked":"Ectoplasm"},{"not_picked":["Empty Cage","Coffee Dripper"],"picked":"Nuclear Battery"}],"items_purged_floors":[3],"is_endless":false,"potions_floor_spawned":[4,5,7,8,13,18,29,30,35,47,48],"ascension_level":19}