{"path_per_floor":["M","?","M","M","M","R","E","M","T","?","M","R","M","M","R","B",null,"M","?","M","$","?","R","E","?","T","?","M","M","?","M","R","B",null,"M","?","?","M","?","E","R","E","T","M","$","?","R","M","R"],"character_chosen":"THE_SILENT","items_purchased":["Backstab","Shuriken","Footwork"],"gold_per_floor":[110,35,49,64,80,80,114,131,207,207,217,217,233,252,252,324,324,338,318,331,36,36,36,65,65,92,7,18,32,32,42,42,119,119,129,0,0,14,14,48,48,77,149,159,30,79,79,96,96,96],"floor_reached":50,"campfire_rested":3,"playtime":4011,"current_hp_per_floor":[59,59,57,56,46,46,28,28,28,33,26,26,26,19,19,13,58,27,27,23,23,23,44,27,42,42,42,35,35,35,35,56,30,62,62,62,62,64,85,7,33,23,23,35,35,50,50,62,62,0],"items_purged":["Strike_G"],"gold":96,"score":993,"play_id":"18ede561-ddbd-43e7-ab73-2db13181dd68","local_time":"20180410115224","is_prod":false,"is_daily":false,"is_ascension_mode":true,"campfire_upgraded":5,"timestamp":1523375544,"path_taken":["M","?","?","M","M","R","E","?","T","?","M","R","M","M","R","BOSS","M","?","M","$","?","R","E","?","T","?","M","M","?","M","R","BOSS","M","?","?","M","?","E","R","E","T","M","$","?","R","?","R","BOSS"],"build_version":"2018-04-05v2","purchased_purges":1,"victory":false,"master_deck":["Defend_G","Defend_G","Defend_G","Defend_G","Defend_G","Strike_G","Strike_G","Survivor","Neutralize+1","AscendersBane","Noxious Fumes+1","Expertise","PiercingWail","Cloak And Dagger","Well Laid Plans+1","Cloak And Dagger","Blur","PiercingWail","After Image+1","Flying Knee+1","Acrobatics","Backstab","PiercingWail","Bouncing Flask","Infinite Blades+1","Choke","Adrenaline","Blur","Footwork+1","PiercingWail+1","Backflip+1"],"max_hp_per_floor":[66,66,66,66,66,66,68,68,68,73,73,73,73,73,73,73,73,73,73,73,73,73,73,73,73,73,73,73,73,73,73,73,73,73,73,73,73,75,85,87,87,89,89,91,91,105,105,105,105,105],"relics":["Ring of the Snake","Lantern","Singing Bowl","Smiling Mask","Sozu","Shuriken","Pen Nib","Darkstone Periapt","Bag of Marbles","Mercury Hourglass","Lizard Tail","Red Mask","Ancient Tea Set","Art of War","Meat on the Bone","Mango"],"card_choices":[{"not_picked":["Deadly Poison","Dodge and Roll"],"picked":"Noxious Fumes","floor":1},{"not_picked":["Outmaneuver","Concentrate"],"picked":"Expertise","floor":3},{"not_picked":["Endless Agony","Bane"],"picked":"PiercingWail","floor":4},{"not_picked":["Blade Dance","Acrobatics"],"picked":"Cloak And Dagger","floor":5},{"not_picked":["Outmaneuver","Eviscerate"],"picked":"Well Laid Plans","floor":8},{"not_picked":["Bane","All Out Attack"],"picked":"Cloak And Dagger","floor":11},{"not_picked":["Bane","Dagger Spray"],"picked":"Blur","floor":13},{"not_picked":["Distraction","Deflect"],"picked":"PiercingWail","floor":14},{"not_picked":["Bullet Time","Night Terror"],"picked":"After Image","floor":16},{"not_picked":["Quick Slash","Sucker Punch"],"picked":"Flying Knee","floor":18},{"not_picked":["Masterful Stab","Choke"],"picked":"Acrobatics","floor":20},{"not_picked":["Deadly Poison","Cloak And Dagger"],"picked":"PiercingWail","floor":24},{"not_picked":["Deflect","Dodge and Roll"],"picked":"Bouncing Flask","floor":28},{"not_picked":["A Thousand Cuts","Expertise"],"picked":"Infinite Blades","floor":29},{"not_picked":["Setup","Acrobatics"],"picked":"Choke","floor":31},{"not_picked":["Phantasmal Killer","Night Terror"],"picked":"Adrenaline","floor":33},{"not_picked":["Backflip","Prepared"],"picked":"Blur","floor":35},{"not_picked":["Poisoned Stab","Dodge and Roll"],"picked":"PiercingWail","floor":46},{"not_picked":["Expertise","Sucker Punch"],"picked":"Backflip","floor":48}],"player_experience":805009,"potions_floor_usage":[5,7,11,16,24],"damage_taken":[{"damage":0,"enemies":"2 Louse","floor":1,"turns":3},{"damage":2,"enemies":"Cultist","floor":3,"turns":6},{"damage":1,"enemies":"Small Slimes","floor":4,"turns":5},{"damage":10,"enemies":"3 Louse","floor":5,"turns":4},{"damage":20,"enemies":"Lagavulin","floor":7,"turns":8},{"damage":0,"enemies":"2 Fungi Beasts","floor":8,"turns":4},{"damage":7,"enemies":"Lots of Slimes","floor":11,"turns":4},{"damage":0,"enemies":"Exordium Wildlife","floor":13,"turns":4},{"damage":7,"enemies":"Exordium Thugs","floor":14,"turns":5},{"damage":6,"enemies":"The Guardian","floor":16,"turns":15},{"damage":31,"enemies":"Chosen","floor":18,"turns":8},{"damage":4,"enemies":"3 Byrds","floor":20,"turns":7},{"damage":17,"enemies":"Slavers","floor":24,"turns":6},{"damage":7,"enemies":"Snake Plant","floor":28,"turns":4},{"damage":0,"enemies":"Centurion and Healer","floor":29,"turns":5},{"damage":0,"enemies":"3 Cultists","floor":31,"turns":6},{"damage":26,"enemies":"Champ","floor":33,"turns":11},{"damage":0,"enemies":"3 Shapes","floor":35,"turns":5},{"damage":0,"enemies":"Orb Walker","floor":38,"turns":3},{"damage":123,"enemies":"Giant Head","floor":40,"turns":10},{"damage":12,"enemies":"Nemesis","floor":42,"turns":7},{"damage":2,"enemies":"3 Darklings","floor":44,"turns":6},{"damage":11,"enemies":"Mysterious Sphere","floor":46,"turns":6},{"damage":0,"enemies":"4 Shapes","floor":48,"turns":5},{"damage":63,"enemies":"Time Eater","floor":50,"turns":5}],"event_choices":[{"event_name":"The Cleric","player_choice":"Card Removal","floor":2,"damage_taken":0},{"event_name":"Big Fish","player_choice":"Donut","floor":10,"damage_taken":0},{"event_name":"The Woman in Blue","player_choice":"Bought 1 Potion","floor":19,"damage_taken":0},{"event_name":"Wheel of Change","player_choice":"Relic","floor":22,"damage_taken":0},{"event_name":"The Library","player_choice":"Heal","floor":25,"damage_taken":0},{"event_name":"Addict","player_choice":"Obtained Relic","floor":27,"damage_taken":0},{"event_name":"Beggar","player_choice":"Ignored","floor":30,"damage_taken":0},{"event_name":"Tomb of Lord Red Mask","player_choice":"Paid","floor":36,"damage_taken":0},{"event_name":"Transmorgrifier","player_choice":"Transform","floor":37,"damage_taken":0},{"event_name":"Bonfire Elementals","player_choice":"RARE","floor":39,"damage_taken":0},{"event_name":"Mysterious Sphere","player_choice":"Fight","floor":46,"damage_taken":0}],"boss_relics":[{"not_picked":["Runic Pyramid","White Beast Statue"],"picked":"Sozu"},{"not_picked":["Philosopher\u0027s Stone","Orrery"],"picked":"Lizard Tail"}],"potions_floor_spawned":[3,4,7,11,14,20,29,38,46,48],"seed_played":"4066443156338412159","killed_by":"Time Eater","ascension_level":15,"is_trial":false}