{"path_per_floor":["M","M","?","M","M","R","$","R","T","M","R","E","M","?","R","B",null,"M","$","?","M","?","M","R","M","T","M","M","$","?","M","R","B",null,"M","$","M","?","?","R","M","E","T","M","R","M","R","M","R","B"],"character_chosen":"DEFECT","items_purchased":["Seek","Gash","Regen Potion","Cold Snap","Conserve Battery","Defragment"],"gold_per_floor":[113,129,129,145,156,156,1,1,70,81,81,111,124,124,124,202,202,220,98,98,109,109,120,120,130,130,147,158,13,13,28,28,102,102,120,120,135,135,135,135,150,177,177,187,187,206,206,220,220,220],"floor_reached":51,"campfire_rested":0,"playtime":3043,"item_purchase_floors":[],"current_hp_per_floor":[64,64,64,52,43,43,43,43,43,43,43,43,28,28,28,29,64,64,64,53,42,42,53,53,53,53,53,53,53,53,50,50,39,53,58,58,58,58,58,58,53,33,33,46,46,58,58,56,56,49],"items_purged":[],"gold":220,"score":1669,"play_id":"b30bc43c-6c71-41b9-96ad-5aa208079528","local_time":"20180613200001","is_prod":false,"is_daily":false,"chose_seed":false,"is_ascension_mode":true,"campfire_upgraded":10,"win_rate":0,"timestamp":1528945201,"campfire_choices":[{"data":"Defragment","floor":6.0,"key":"SMITH"},{"data":"Dualcast","floor":8.0,"key":"SMITH"},{"data":"Coolheaded","floor":11.0,"key":"SMITH"},{"data":"Seek","floor":15.0,"key":"SMITH"},{"data":"Creative AI","floor":24.0,"key":"SMITH"},{"data":"Redo","floor":32.0,"key":"SMITH"},{"data":"Capacitor","floor":40.0,"key":"SMITH"},{"data":"Reboot","floor":45,"key":"SMITH"},{"data":"Stack","floor":47,"key":"SMITH"},{"data":"Coolheaded","floor":49,"key":"SMITH"}],"path_taken":["M","M","?","M","M","R","$","R","T","M","R","E","M","?","R","BOSS","M","?","?","M","?","M","R","M","T","M","M","$","?","M","R","BOSS","M","$","?","?","?","R","M","E","T","M","R","M","R","M","R","BOSS"],"build_version":"2018-06-13","seed_source_timestamp":293692973509525,"purchased_purges":0,"victory":true,"master_deck":["Defend_B+1","Defend_B+1","Defend_B+1","Defend_B+1","Zap+1","Dualcast+1","AscendersBane","Conserve Battery","Coolheaded+1","Coolheaded","Defragment+1","Coolheaded","Seek+1","Leap","Scrape","Blizzard+1","Creative AI+1","Self Repair","Gash","Bite","Bite","Bite","Bite","Conserve Battery","Steam","Redo+1","Reboot+1","Cold Snap","Conserve Battery","Defragment+1","Capacitor+1","Core Surge","Storm","Ball Lightning","Static Discharge+1","Coolheaded+1","Chill+1","Stack+1","Redo+1","Cold Snap","Conserve Battery","Conserve Battery+1"],"max_hp_per_floor":[71,71,71,71,71,71,71,71,71,71,71,71,71,71,71,76,76,76,76,53,53,53,53,53,53,53,53,53,53,53,53,53,58,58,58,58,58,58,58,58,58,58,58,58,58,58,58,58,58,58],"special_seed":0,"relics":["Cracked Core","Ornamental Fan","Ancient Tea Set","Cursed Key","Coffee Dripper","Prayer Wheel","Bottled Tornado"],"card_choices":[{"not_picked":["Self Repair","Gash"],"picked":"Conserve Battery","floor":0.0},{"not_picked":["Stack","Go for the Eyes"],"picked":"Coolheaded","floor":1.0},{"not_picked":["Recycle","Static Discharge"],"picked":"Coolheaded","floor":2.0},{"not_picked":["Go for the Eyes","Rebound"],"picked":"Defragment","floor":4.0},{"not_picked":["Compile Driver","Hologram"],"picked":"Coolheaded","floor":5.0},{"not_picked":["Coolheaded","Sunder"],"picked":"Leap","floor":10.0},{"not_picked":["Chaos","Turbo"],"picked":"Scrape","floor":12.0},{"not_picked":["Aggregate","FTL"],"picked":"Blizzard","floor":13.0},{"not_picked":["Core Surge","Thunder Strike"],"picked":"Creative AI","floor":16.0},{"not_picked":["Reinforced Body","Rebound"],"picked":"Self Repair","floor":18.0},{"not_picked":["Barrage","Streamline"],"picked":"Conserve Battery","floor":21.0},{"not_picked":["Consume","Doom and Gloom"],"picked":"Steam","floor":23.0},{"not_picked":["Auto Shields+1","Beam Cell"],"picked":"Redo","floor":25.0},{"not_picked":["Barrage","Compile Driver"],"picked":"Reboot","floor":27.0},{"not_picked":["Barrage","Rebound","Lockon"],"picked":"SKIP","floor":28.0},{"not_picked":["Melter","Steam+1"],"picked":"Capacitor","floor":31.0},{"not_picked":["Meteor Strike","Machine Learning"],"picked":"Core Surge","floor":33.0},{"not_picked":["Rebound","Turbo","Steam Power+1"],"picked":"SKIP","floor":35.0},{"not_picked":["Beam Cell","Compile Driver"],"picked":"Storm","floor":37.0},{"not_picked":["Gash","Hologram"],"picked":"Ball Lightning","floor":39.0},{"not_picked":["Sweeping Beam","Stack"],"picked":"Static Discharge+1","floor":41.0},{"not_picked":["Storm+1","Leap"],"picked":"Coolheaded","floor":41.0},{"not_picked":["FTL","Rebound+1"],"picked":"Chill+1","floor":42.0},{"not_picked":["Steam","Streamline"],"picked":"Stack","floor":44},{"not_picked":["Fusion","Gash+1"],"picked":"Redo+1","floor":44},{"not_picked":["Skim","Go for the Eyes"],"picked":"Cold Snap","floor":46},{"not_picked":["Lockon","Hologram","Fission"],"picked":"SKIP","floor":46},{"not_picked":["BootSequence","Sweeping Beam"],"picked":"Conserve Battery","floor":48},{"not_picked":["Aggregate+1","Capacitor"],"picked":"Conserve Battery+1","floor":48}],"player_experience":655230,"potions_floor_usage":[46],"damage_taken":[{"damage":0.0,"enemies":"2 Louse","floor":1.0,"turns":2.0},{"damage":0.0,"enemies":"Cultist","floor":2.0,"turns":4.0},{"damage":12.0,"enemies":"Jaw Worm","floor":4.0,"turns":4.0},{"damage":9.0,"enemies":"3 Louse","floor":5.0,"turns":4.0},{"damage":0.0,"enemies":"Large Slime","floor":10.0,"turns":6.0},{"damage":0.0,"enemies":"Lagavulin","floor":12.0,"turns":9.0},{"damage":15.0,"enemies":"Gremlin Gang","floor":13.0,"turns":6.0},{"damage":4.0,"enemies":"Hexaghost","floor":16.0,"turns":11.0},{"damage":0.0,"enemies":"3 Byrds","floor":18.0,"turns":6.0},{"damage":18.0,"enemies":"Spheric Guardian","floor":21.0,"turns":4.0},{"damage":0.0,"enemies":"Centurion and Healer","floor":23.0,"turns":8.0},{"damage":12.0,"enemies":"Snake Plant","floor":25.0,"turns":7.0},{"damage":17.0,"enemies":"3 Cultists","floor":27.0,"turns":9.0},{"damage":2.0,"enemies":"Centurion and Healer","floor":28.0,"turns":9.0},{"damage":24.0,"enemies":"Cultist and Chosen","floor":31.0,"turns":11.0},{"damage":57.0,"enemies":"Automaton","floor":33.0,"turns":11.0},{"damage":14.0,"enemies":"3 Darklings","floor":35.0,"turns":8.0},{"damage":8.0,"enemies":"Flame Bruiser 1 Orb","floor":37.0,"turns":8.0},{"damage":0.0,"floor":39.0,"turns":7.0},{"damage":7.0,"enemies":"Maw","floor":41.0,"turns":7.0},{"damage":39.0,"enemies":"2 Orb Walkers","floor":42.0,"turns":6.0},{"damage":0,"enemies":"Flame Bruiser 2 Orb","floor":44,"turns":5},{"damage":0,"enemies":"Transient","floor":46,"turns":5},{"damage":13,"enemies":"Spire Growth","floor":48,"turns":5},{"damage":24,"enemies":"Time Eater","floor":50,"turns":13}],"relics_obtained":[{"floor":9.0,"key":"Ornamental Fan"},{"floor":12.0,"key":"Ancient Tea Set"},{"floor":39.0,"key":"Prayer Wheel"},{"floor":42.0,"key":"Bottled Tornado"}],"event_choices":[{"event_name":"Upgrade Shrine","player_choice":"Upgraded","floor":3.0,"damage_taken":0.0},{"event_name":"Upgrade Shrine","player_choice":"Upgraded","floor":14.0,"damage_taken":0.0},{"event_name":"Vampires","player_choice":"Became a vampire","floor":20.0,"damage_taken":0.0},{"event_name":"Back to Basics","player_choice":"Simplicity","floor":22.0,"damage_taken":0.0},{"event_name":"Upgrade Shrine","player_choice":"Upgraded","floor":30.0,"damage_taken":0.0},{"event_name":"Falling","player_choice":"Removed Attack","floor":38.0,"damage_taken":0.0},{"event_name":"MindBloom","player_choice":"Fight","floor":39.0,"damage_taken":0.0}],"boss_relics":[{"not_picked":["Astrolabe","Tiny House"],"picked":"Cursed Key"},{"not_picked":["Lizard Tail","Inserter"],"picked":"Coffee Dripper"}],"items_purged_floors":[],"potions_floor_spawned":[5,12,23,31,33,35,39,42],"seed_played":"-6754353897302997904","ascension_level":14,"potions_obtained":[{"floor":5.0,"key":"Fruit Juice"},{"floor":12.0,"key":"LiquidBronze"},{"floor":23.0,"key":"EssenceOfSteel"},{"floor":31.0,"key":"Fruit Juice"},{"floor":33.0,"key":"Ancient Potion"},{"floor":35.0,"key":"PowerPotion"},{"floor":39.0,"key":"Regen Potion"},{"floor":42.0,"key":"Regen Potion"}],"is_trial":false}