{"path_per_floor":["M","M","?","?","M","E","?","$","T","E","?","R","M","E","R","B",null,"M","$","M","M","M","R","$","R","T","M","E","?","E","M","R","B",null,"M","?","?","M","$","R","?","M","T","R","?","M","$","M","R"],"character_chosen":"DEFECT","items_purchased":["Capacitor+1","War Paint","Heatsinks+1"],"gold_per_floor":[111,131,131,131,141,167,167,92,92,126,126,126,145,176,176,272,272,283,183,198,217,228,228,41,41,64,76,109,109,136,152,152,252,252,266,0,48,63,63,63,63,80,107,107,107,120,51,66,66,66],"floor_reached":50,"campfire_rested":0,"playtime":3855,"item_purchase_floors":[24,24,47],"current_hp_per_floor":[75,75,75,63,61,52,52,52,52,53,53,53,54,53,53,40,85,82,82,72,57,46,46,46,46,46,43,28,28,21,33,33,18,42,26,26,24,31,31,31,42,40,40,40,40,24,24,25,25,0],"items_purged":["Strike_B","Strike_B"],"gold":66,"score":575,"play_id":"71def695-d007-46c0-92d3-71ee01a6f65c","local_time":"20180609154312","is_prod":false,"is_daily":false,"chose_seed":false,"is_ascension_mode":false,"campfire_upgraded":6,"win_rate":0.0,"timestamp":1528573392,"campfire_choices":[{"data":"Dualcast","floor":12,"key":"SMITH"},{"data":"Redo","floor":15,"key":"SMITH"},{"data":"Ball Lightning","floor":23,"key":"SMITH"},{"data":"Reprogram","floor":25,"key":"SMITH"},{"data":"White Noise","floor":32,"key":"SMITH"},{"data":"Thunder Strike","floor":40,"key":"SMITH"},{"data":"1","floor":44,"key":"LIFT"},{"data":"2","floor":49,"key":"LIFT"}],"path_taken":["M","M","?","?","?","E","?","$","T","E","?","R","M","E","R","BOSS","M","$","M","M","?","R","?","R","T","?","E","?","E","M","R","BOSS","M","?","?","M","$","R","?","M","T","R","?","M","?","?","R","BOSS"],"build_version":"2018-06-07v3","seed_source_timestamp":280802672974941,"purchased_purges":2,"victory":false,"master_deck":["Strike_B+1","Defend_B+1","Defend_B+1","Defend_B","Defend_B","Zap+1","Dualcast+1","Ball Lightning+1","Redo+1","Cold Snap+1","Defragment+1","Fusion+1","Reprogram+1","Leap","Creative AI+1","Gash+1","Conserve Battery+1","Capacitor+1","White Noise+1","Cold Snap+1","Ghostly","Ghostly","Ghostly","Ghostly","Ghostly","Redo+1","Static Discharge+1","Fission+1","Go for the Eyes+1","Static Discharge+1","Thunder Strike+1","Compile Driver+1","Beam Cell+1","Writhe","Static Discharge+1","Gash+1","Heatsinks+1","Redo+1"],"max_hp_per_floor":[75,75,75,75,75,75,75,75,75,85,85,85,85,85,85,85,85,85,85,85,85,85,85,85,85,85,85,85,42,42,42,42,42,42,42,42,42,42,42,42,42,42,42,42,42,42,42,42,42,42],"relics":["Cracked Core","Letter Opener","Frozen Egg 2","Meat on the Bone","Pear","Regal Pillow","Sozu","War Paint","Whetstone","Du-Vu Doll","Mercury Hourglass","Orrery","Red Mask","Girya","Bag of Marbles"],"card_choices":[{"not_picked":["Streamline","Coolheaded"],"picked":"Ball Lightning","floor":1},{"not_picked":["Steam","Hologram"],"picked":"Redo","floor":2},{"not_picked":["Gash","Hologram"],"picked":"Cold Snap","floor":5},{"not_picked":["Beam Cell","Reboot"],"picked":"Defragment","floor":6},{"not_picked":["Conserve Battery","Go for the Eyes"],"picked":"Fusion","floor":10},{"not_picked":["Chill","Stack"],"picked":"Reprogram","floor":13},{"not_picked":["Fusion","Aggregate"],"picked":"Leap","floor":14},{"not_picked":["Rainbow","Biased Cognition+1"],"picked":"Creative AI+1","floor":16},{"not_picked":["Redo","Leap","Stack"],"picked":"SKIP","floor":18},{"not_picked":["Barrage","Compile Driver","Coolheaded"],"picked":"SKIP","floor":20},{"not_picked":["Compile Driver","Barrage"],"picked":"Gash+1","floor":21},{"not_picked":["Beam Cell","Leap"],"picked":"Conserve Battery+1","floor":22},{"not_picked":["Reinforced Body+1","Streamline"],"picked":"White Noise","floor":27},{"not_picked":["Scrape","Barrage"],"picked":"Cold Snap+1","floor":28},{"not_picked":["Stack","Conserve Battery"],"picked":"Redo+1","floor":30},{"not_picked":["Seek","Redo"],"picked":"Static Discharge+1","floor":31},{"not_picked":["Reboot","Thunder Strike"],"picked":"Fission","floor":33},{"not_picked":["Coolheaded","Compile Driver"],"picked":"Go for the Eyes+1","floor":34},{"not_picked":["Coolheaded","Leap"],"picked":"Static Discharge+1","floor":34},{"not_picked":["Beam Cell","Compile Driver"],"picked":"Thunder Strike","floor":34},{"not_picked":["Barrage","Stack"],"picked":"Compile Driver+1","floor":35},{"not_picked":["Hello World+1","Fusion"],"picked":"Beam Cell+1","floor":37},{"not_picked":["Go for the Eyes","Conserve Battery","Rip and Tear+1"],"picked":"SKIP","floor":38},{"not_picked":["Reprogram","Stack"],"picked":"Static Discharge+1","floor":42},{"not_picked":["Coolheaded+1","Tempest+1"],"picked":"Gash+1","floor":46},{"not_picked":["Steam+1","Sweeping Beam"],"picked":"Redo+1","floor":48}],"player_experience":923954,"potions_floor_usage":[6,13,18,21],"damage_taken":[{"damage":0,"enemies":"2 Louse","floor":1,"turns":2},{"damage":0,"enemies":"Cultist","floor":2,"turns":2},{"damage":2,"enemies":"Small Slimes","floor":5,"turns":2},{"damage":9,"enemies":"3 Sentries","floor":6,"turns":4},{"damage":9,"enemies":"Lagavulin","floor":10,"turns":4},{"damage":11,"enemies":"Exordium Wildlife","floor":13,"turns":3},{"damage":1,"enemies":"3 Sentries","floor":14,"turns":5},{"damage":25,"enemies":"Hexaghost","floor":16,"turns":9},{"damage":3,"enemies":"3 Byrds","floor":18,"turns":4},{"damage":10,"enemies":"Shell Parasite","floor":20,"turns":5},{"damage":15,"enemies":"Snake Plant","floor":21,"turns":3},{"damage":23,"enemies":"Centurion and Healer","floor":22,"turns":6},{"damage":15,"enemies":"Snecko","floor":27,"turns":5},{"damage":27,"enemies":"Book of Stabbing","floor":28,"turns":5},{"damage":19,"enemies":"Slavers","floor":30,"turns":5},{"damage":0,"enemies":"Cultist and Chosen","floor":31,"turns":7},{"damage":27,"enemies":"Automaton","floor":33,"turns":9},{"damage":16,"enemies":"Orb Walker","floor":35,"turns":3},{"damage":14,"floor":37,"turns":5},{"damage":0,"enemies":"3 Shapes","floor":38,"turns":4},{"damage":2,"enemies":"Sphere and 2 Shapes","floor":42,"turns":7},{"damage":16,"enemies":"Maw","floor":46,"turns":7},{"damage":11,"enemies":"3 Darklings","floor":48,"turns":4},{"damage":39,"enemies":"Donu and Deca","floor":50,"turns":7}],"relics_obtained":[{"floor":6,"key":"Frozen Egg 2"},{"floor":9,"key":"Meat on the Bone"},{"floor":10,"key":"Pear"},{"floor":14,"key":"Regal Pillow"},{"floor":26,"key":"Whetstone"},{"floor":28,"key":"Du-Vu Doll"},{"floor":30,"key":"Mercury Hourglass"},{"floor":37,"key":"Girya"},{"floor":43,"key":"Bag of Marbles"}],"event_choices":[{"event_name":"Match and Keep!","player_choice":"0 cards matched","floor":3,"damage_taken":0},{"event_name":"Scrap Ooze","player_choice":"success","floor":4,"damage_taken":12},{"event_name":"Purifier","player_choice":"One Purge","floor":7,"damage_taken":0},{"event_name":"Living Wall","player_choice":"Grow","floor":11,"damage_taken":0},{"event_name":"Ghosts","player_choice":"Became a Ghost","floor":29,"damage_taken":0},{"event_name":"Tomb of Lord Red Mask","player_choice":"Paid","floor":36,"damage_taken":0},{"event_name":"Mysterious Sphere","player_choice":"Fight","floor":37,"damage_taken":0},{"event_name":"Winding Halls","player_choice":"Writhe","floor":41,"damage_taken":0},{"event_name":"Upgrade Shrine","player_choice":"Upgraded","floor":45,"damage_taken":0}],"boss_relics":[{"not_picked":["Inserter","Tiny House"],"picked":"Sozu"},{"not_picked":["Snecko Eye","Runic Dome"],"picked":"Orrery"}],"items_purged_floors":[8,19],"potions_floor_spawned":[1,10,13,16,18,27,28,30,31,35,37,46,48],"seed_played":"1936383478448958321","killed_by":"Donu and Deca","ascension_level":0,"potions_obtained":[{"floor":1,"key":"SteroidPotion"},{"floor":10,"key":"SneckoOil"},{"floor":13,"key":"Weak Potion"},{"floor":16,"key":"Fire Potion"}],"is_trial":false}