{"gold_per_floor":[119,99,115,127,141,151,151,183,183,183,218,228,228,228,228,329,329,329,329,10,10,10,10,10,10,10,10,10,10,10,10,10,10,10,10,10,10,10,10,10,10,10,10,10,10,10,10,10,10,10],"floor_reached":51,"playtime":3483,"items_purged":["Strike_R"],"score":708,"play_id":"5252707a-af7c-4e8f-aba3-bc4b791a84de","local_time":"20181014221439","is_ascension_mode":false,"campfire_choices":[{"data":"Rage","floor":7.0,"key":"SMITH"},{"data":"Metallicize","floor":10.0,"key":"SMITH"},{"data":"Rage","floor":13.0,"key":"SMITH"},{"data":"Inflame","floor":15.0,"key":"SMITH"},{"data":"Defend_R","floor":23.0,"key":"PURGE"},{"floor":29.0,"key":"REST"},{"data":"Demon Form","floor":32.0,"key":"SMITH"},{"data":"Heavy Blade","floor":40.0,"key":"SMITH"},{"floor":42.0,"key":"REST"},{"floor":47,"key":"REST"},{"floor":49,"key":"REST"}],"neow_cost":"PERCENT_DAMAGE","seed_source_timestamp":938733609565323,"circlet_count":0,"master_deck":["Strike_R","Strike_R","Strike_R","Defend_R","Defend_R","Defend_R","Bash","Impervious","Rage+1","Flex","Inflame+1","Metallicize+1","Twin Strike","Rage+1","Heavy Blade","Demon Form+1","Cleave+1","Double Tap","Metallicize","Shrug It Off","Shrug It Off","Uppercut","Heavy Blade+1","Shrug It Off","Shockwave","Whirlwind","Thunderclap"],"special_seed":0,"relics":["Burning Blood","Bag of Marbles","Singing Bowl","Peace Pipe","Ectoplasm","Kunai","Dodecahedron","Paper Frog","Mark of Pain","Charon\u0027s Ashes"],"potions_floor_usage":[50,50,50],"damage_taken":[{"damage":10.0,"enemies":"Cultist","floor":1.0,"turns":4.0},{"damage":4.0,"enemies":"Jaw Worm","floor":3.0,"turns":3.0},{"damage":2.0,"enemies":"2 Louse","floor":4.0,"turns":2.0},{"damage":7.0,"enemies":"Red Slaver","floor":5.0,"turns":5.0},{"damage":16.0,"enemies":"3 Louse","floor":6.0,"turns":3.0},{"damage":16.0,"enemies":"Lagavulin","floor":8.0,"turns":7.0},{"damage":5.0,"enemies":"3 Sentries","floor":11.0,"turns":8.0},{"damage":0.0,"enemies":"Gremlin Gang","floor":12.0,"turns":6.0},{"damage":26.0,"enemies":"The Guardian","floor":16.0,"turns":11.0},{"damage":1.0,"enemies":"3 Byrds","floor":18.0,"turns":5.0},{"damage":0.0,"enemies":"Chosen","floor":19.0,"turns":4.0},{"damage":24.0,"enemies":"Shelled Parasite and Fungi","floor":21.0,"turns":6.0},{"damage":27.0,"enemies":"Gremlin Leader","floor":24.0,"turns":6.0},{"damage":0.0,"enemies":"Centurion and Healer","floor":30.0,"turns":6.0},{"damage":14.0,"enemies":"Chosen and Byrds","floor":31.0,"turns":8.0},{"damage":41.0,"enemies":"Champ","floor":33.0,"turns":8.0},{"damage":15.0,"enemies":"3 Shapes","floor":35.0,"turns":3.0},{"damage":8.0,"enemies":"Orb Walker","floor":37.0,"turns":3.0},{"damage":7.0,"enemies":"4 Shapes","floor":38.0,"turns":2.0},{"damage":25.0,"enemies":"Maw","floor":39.0,"turns":8.0},{"damage":10.0,"enemies":"Reptomancer","floor":41.0,"turns":3.0},{"damage":13.0,"enemies":"Sphere and 2 Shapes","floor":45.0,"turns":3.0},{"damage":44,"enemies":"Transient","floor":46,"turns":5},{"damage":0,"enemies":"Spire Growth","floor":48,"turns":4},{"damage":35,"enemies":"Awakened One","floor":50,"turns":10}],"seed_played":"-4552923140581145477","potions_obtained":[{"floor":2.0,"key":"GamblersBrew"},{"floor":3.0,"key":"Poison Potion"},{"floor":6.0,"key":"Swift Potion"},{"floor":24.0,"key":"FearPotion"},{"floor":31.0,"key":"FearPotion"},{"floor":33.0,"key":"LiquidBronze"},{"floor":36.0,"key":"EssenceOfSteel"},{"floor":39.0,"key":"PowerPotion"}],"is_trial":false,"path_per_floor":["M","?","M","M","M","M","R","E","T","R","E","M","R","?","R","B",null,"M","M","$","M","?","R","E","?","T","T","$","R","M","M","R","B",null,"M","?","M","M","M","R","M","R","T","$","M","M","R","M","R","B"],"character_chosen":"IRONCLAD","items_purchased":["Double Tap","Metallicize","Shrug It Off"],"campfire_rested":4,"item_purchase_floors":[20,20,20],"current_hp_per_floor":[52,52,54,58,57,47,47,37,37,37,38,46,46,46,46,26,82,82,84,84,66,66,66,47,47,47,47,47,72,78,70,70,37,88,79,79,77,78,59,59,57,84,84,84,79,43,71,79,98,69],"gold":10,"neow_bonus":"THREE_RARE_CARDS","is_prod":false,"is_daily":false,"chose_seed":false,"campfire_upgraded":6,"win_rate":0,"timestamp":1539569679,"path_taken":["M","?","M","M","M","M","R","E","T","R","E","M","R","?","R","BOSS","M","M","$","M","?","R","E","?","T","?","$","R","M","M","R","BOSS","M","?","?","M","M","R","?","R","T","?","M","M","R","M","R","BOSS"],"build_version":"2018-10-11","purchased_purges":1,"victory":true,"max_hp_per_floor":[80,80,80,80,80,80,80,80,80,80,80,82,82,82,82,82,82,82,84,84,84,84,84,86,86,86,86,86,86,86,86,86,88,88,88,88,88,90,90,90,92,92,92,92,94,96,96,98,98,98],"card_choices":[{"not_picked":["Offering","Juggernaut"],"picked":"Impervious","floor":0.0},{"not_picked":["Sword Boomerang","Power Through"],"picked":"Rage","floor":1.0},{"not_picked":["Armaments","True Grit"],"picked":"Flex","floor":3.0},{"not_picked":["Clothesline","Clash"],"picked":"Inflame","floor":4.0},{"not_picked":["Clothesline","Thunderclap"],"picked":"Metallicize","floor":5.0},{"not_picked":["Searing Blow","Spot Weakness"],"picked":"Twin Strike","floor":6.0},{"not_picked":["Armaments","Immolate"],"picked":"Rage","floor":8.0},{"not_picked":["Body Slam","Clothesline"],"picked":"Heavy Blade","floor":11.0},{"not_picked":["Rupture","True Grit","Blood for Blood"],"picked":"Singing Bowl","floor":12.0},{"not_picked":["Fiend Fire","Offering"],"picked":"Demon Form","floor":16.0},{"not_picked":["Iron Wave","Pommel Strike"],"picked":"Cleave+1","floor":18.0},{"not_picked":["Carnage+1","Perfected Strike+1","Clash"],"picked":"Singing Bowl","floor":19.0},{"not_picked":["True Grit+1","Ghostly Armor"],"picked":"Shrug It Off","floor":21.0},{"not_picked":["Feed","Wild Strike+1","Seeing Red"],"picked":"Singing Bowl","floor":24.0},{"not_picked":["Feel No Pain","Body Slam"],"picked":"Heavy Blade","floor":30.0},{"not_picked":["Inflame","Perfected Strike"],"picked":"Shrug It Off","floor":31.0},{"not_picked":["Fiend Fire","Immolate","Brutality"],"picked":"Singing Bowl","floor":33.0},{"not_picked":["Armaments+1","Clash+1"],"picked":"Shockwave","floor":35.0},{"not_picked":["Second Wind","Dual Wield"],"picked":"Whirlwind","floor":37.0},{"not_picked":["Warcry+1","Headbutt","Barricade"],"picked":"Singing Bowl","floor":38.0},{"not_picked":["Infernal Blade","Combust"],"picked":"Thunderclap","floor":39.0},{"not_picked":["Armaments+1","Perfected Strike+1","Entrench+1"],"picked":"Singing Bowl","floor":41.0},{"not_picked":["Combust","True Grit","Spot Weakness+1"],"picked":"Singing Bowl","floor":45.0},{"not_picked":["Shockwave+1","True Grit+1","Pommel Strike+1"],"picked":"Singing Bowl","floor":46},{"not_picked":["Armaments","Pommel Strike+1","Anger"],"picked":"Singing Bowl","floor":48}],"player_experience":510085,"relics_obtained":[{"floor":8.0,"key":"Bag of Marbles"},{"floor":9.0,"key":"Singing Bowl"},{"floor":11.0,"key":"Peace Pipe"},{"floor":24.0,"key":"Kunai"},{"floor":26.0,"key":"Dodecahedron"},{"floor":27.0,"key":"Paper Frog"},{"floor":43.0,"key":"Charon\u0027s Ashes"}],"event_choices":[{"event_name":"The Woman in Blue","player_choice":"Bought 1 Potion","floor":2.0,"damage_taken":0.0},{"event_name":"Living Wall","player_choice":"Forget","floor":14.0,"damage_taken":0.0},{"event_name":"The Library","player_choice":"Read","floor":22.0,"damage_taken":0.0},{"event_name":"Ghosts","player_choice":"Ignored","floor":25.0,"damage_taken":0.0},{"event_name":"The Lab","player_choice":"Got Potions","floor":36.0,"damage_taken":0.0}],"is_beta":false,"boss_relics":[{"not_picked":["Pandora\u0027s Box","Orrery"],"picked":"Ectoplasm"},{"not_picked":["Runic Cube","Astrolabe"],"picked":"Mark of Pain"}],"items_purged_floors":[20],"is_endless":false,"potions_floor_spawned":[3,6,24,31,33,39,45,46],"ascension_level":0}