{"gold_per_floor":[360,380,391,406,142,142,175,175,175,207,132,165,165],"floor_reached":13,"playtime":610,"items_purged":["Parasite"],"score":201,"play_id":"66db1d43-dfce-43ef-ab07-0fc27ea6ce38","local_time":"20190326203835","is_ascension_mode":true,"campfire_choices":[{"data":"Zap","floor":6,"key":"SMITH"},{"data":"Genetic Algorithm","floor":8,"key":"SMITH"}],"neow_cost":"CURSE","seed_source_timestamp":846281376362645,"circlet_count":0,"master_deck":["AscendersBane","Strike_B","Strike_B","Strike_B","Strike_B","Defend_B","Defend_B","Defend_B","Defend_B","Zap+1","Dualcast","Gash","Coolheaded","Reinforced Body","Reboot","Ball Lightning","Genetic Algorithm+1","White Noise","Sweeping Beam"],"relics":["Cracked Core","Omamori","Potion Belt","Bag of Preparation","Mercury Hourglass","Boot"],"potions_floor_usage":[7,7],"damage_taken":[{"damage":0,"enemies":"Cultist","floor":1,"turns":3},{"damage":7,"enemies":"Jaw Worm","floor":2,"turns":4},{"damage":0,"enemies":"Small Slimes","floor":3,"turns":2},{"damage":15,"enemies":"Blue Slaver","floor":4,"turns":4},{"damage":14,"enemies":"Gremlin Nob","floor":7,"turns":4},{"damage":20,"enemies":"Lagavulin","floor":10,"turns":7},{"damage":17,"enemies":"3 Sentries","floor":12,"turns":6},{"damage":7,"enemies":"3 Louse","floor":13,"turns":1}],"seed_played":"4385076586630074602","potions_obtained":[{"floor":2,"key":"Regen Potion"},{"floor":4,"key":"Weak Potion"},{"floor":7,"key":"Ancient Potion"},{"floor":12,"key":"FearPotion"}],"is_trial":false,"path_per_floor":["M","M","M","M","$","R","E","R","T","E","?","E","M"],"character_chosen":"DEFECT","items_purchased":["Omamori","Ball Lightning"],"campfire_rested":0,"item_purchase_floors":[5,5],"current_hp_per_floor":[64,57,57,42,42,42,40,40,40,20,20,3,0],"gold":165,"neow_bonus":"TWO_FIFTY_GOLD","is_prod":false,"is_daily":false,"chose_seed":false,"campfire_upgraded":2,"win_rate":0,"timestamp":1553647115,"path_taken":["M","M","?","M","$","R","E","R","T","E","?","E","M"],"build_version":"2019-01-23","purchased_purges":1,"victory":false,"max_hp_per_floor":[71,71,71,71,68,68,68,68,68,68,68,68,68],"card_choices":[{"not_picked":["Beam Cell","Rebound"],"picked":"Gash","floor":1},{"not_picked":["Beam Cell","Skim"],"picked":"Coolheaded","floor":2},{"not_picked":["Stack","Tempest"],"picked":"Reinforced Body","floor":3},{"not_picked":["Coolheaded","Rebound"],"picked":"Reboot","floor":4},{"not_picked":["Redo","Rebound"],"picked":"Genetic Algorithm","floor":7},{"not_picked":["Coolheaded","Steam Power"],"picked":"White Noise","floor":10},{"not_picked":["Rebound","Double Energy"],"picked":"Sweeping Beam","floor":12}],"player_experience":1438670,"relics_obtained":[{"floor":7,"key":"Potion Belt"},{"floor":9,"key":"Bag of Preparation"},{"floor":10,"key":"Mercury Hourglass"},{"floor":12,"key":"Boot"}],"event_choices":[{"damage_healed":0,"gold_gain":0,"player_choice":"Left Gold","damage_taken":0,"max_hp_gain":0,"max_hp_loss":0,"event_name":"World of Goop","floor":11,"gold_loss":75}],"is_beta":false,"boss_relics":[],"items_purged_floors":[5],"is_endless":false,"potions_floor_spawned":[2,4,7,12],"killed_by":"3 Louse","ascension_level":19}