{"gold_per_floor":[111,127,140,156,1,28,47,47,47,47,47,59,59,59],"floor_reached":14,"playtime":539,"items_purged":[],"score":188,"play_id":"4340f713-7f76-4a89-85fe-abd37b7b1337","local_time":"20190502204741","is_ascension_mode":true,"campfire_choices":[{"data":"True Grit","floor":8.0,"key":"SMITH"},{"data":"Inflame","floor":11.0,"key":"SMITH"}],"neow_cost":"NONE","seed_source_timestamp":874097219955582,"circlet_count":0,"master_deck":["AscendersBane","Strike_R","Strike_R","Strike_R","Strike_R","Strike_R","Defend_R","Defend_R","Defend_R","Defend_R","Bash","Rampage","Clothesline","True Grit+1","Inflame+1","Disarm","Uppercut"],"special_seed":0,"relics":["Burning Blood","Bottled Flame","Bronze Scales"],"potions_floor_usage":[13],"damage_taken":[{"damage":6.0,"enemies":"Cultist","floor":1.0,"turns":3.0},{"damage":1.0,"enemies":"Small Slimes","floor":2.0,"turns":3.0},{"damage":2.0,"enemies":"2 Louse","floor":3.0,"turns":4.0},{"damage":25.0,"enemies":"Exordium Wildlife","floor":4.0,"turns":5.0},{"damage":38.0,"enemies":"Lagavulin","floor":6.0,"turns":8.0},{"damage":9.0,"enemies":"Lots of Slimes","floor":7.0,"turns":6.0},{"damage":3,"enemies":"2 Fungi Beasts","floor":12,"turns":4},{"damage":0,"enemies":"Large Slime","floor":13,"turns":1},{"damage":50,"enemies":"Gremlin Nob","floor":14,"turns":4}],"seed_played":"7402244294970260930","potions_obtained":[{"floor":1.0,"key":"SmokeBomb"},{"floor":6.0,"key":"Energy Potion"},{"floor":12,"key":"SpeedPotion"}],"is_trial":false,"path_per_floor":["M","M","M","M","$","E","M","R","T","?","R","M","M","E"],"character_chosen":"IRONCLAD","items_purchased":["Inflame","Disarm"],"campfire_rested":0,"item_purchase_floors":[5,5],"current_hp_per_floor":[75,80,82,63,63,31,28,28,28,28,28,31,37,0],"gold":59,"neow_bonus":"TEN_PERCENT_HP_BONUS","is_prod":false,"is_daily":false,"chose_seed":false,"campfire_upgraded":2,"win_rate":0,"timestamp":1556844461,"path_taken":["M","M","?","M","$","E","M","R","T","?","R","M","M","E"],"build_version":"2019-01-23","purchased_purges":0,"victory":false,"max_hp_per_floor":[82,82,82,82,82,82,82,82,82,82,82,82,82,82],"card_choices":[{"not_picked":["Clash","Blood for Blood"],"picked":"Rampage","floor":1.0},{"not_picked":["Shockwave","Body Slam"],"picked":"Clothesline","floor":2.0},{"not_picked":["Armaments","Sword Boomerang","Sentinel"],"picked":"SKIP","floor":3.0},{"not_picked":["Searing Blow","Heavy Blade"],"picked":"True Grit","floor":4.0},{"not_picked":["Intimidate","Anger","Twin Strike"],"picked":"SKIP","floor":6.0},{"not_picked":["Sword Boomerang","Infernal Blade"],"picked":"Uppercut","floor":7.0},{"not_picked":["True Grit","Anger","Burning Pact"],"picked":"SKIP","floor":12}],"player_experience":2269721,"relics_obtained":[{"floor":6.0,"key":"Bottled Flame"},{"floor":9.0,"key":"Bronze Scales"}],"event_choices":[{"damage_healed":0.0,"max_hp_gain":0.0,"max_hp_loss":0.0,"gold_gain":0.0,"event_name":"Liars Game","player_choice":"Ignored","floor":10.0,"gold_loss":0.0,"damage_taken":0.0}],"is_beta":false,"boss_relics":[],"items_purged_floors":[],"is_endless":false,"potions_floor_spawned":[1,6,12],"killed_by":"Gremlin Nob","ascension_level":20}