{"gold_per_floor":[209,228,244,244,244,244,256,256,304,338,352,381,395,410,410,410],"floor_reached":16,"playtime":993,"items_purged":[],"score":222,"play_id":"10968ad5-33f3-48bf-b663-cdea20a9a8d2","local_time":"20190323235537","is_ascension_mode":true,"campfire_choices":[{"data":"Neutralize","floor":6,"key":"SMITH"},{"data":"Dash","floor":8,"key":"SMITH"},{"data":"Leg Sweep","floor":15,"key":"SMITH"}],"neow_cost":"NONE","seed_source_timestamp":598471374993771,"circlet_count":0,"master_deck":["AscendersBane","Defend_G","Defend_G","Defend_G","Defend_G","Strike_G","Strike_G","Strike_G","Strike_G","Strike_G","Survivor","Neutralize+1","Escape Plan","Well Laid Plans","PiercingWail","Dash+1","Footwork","Masterful Stab","Dash","Leg Sweep+1"],"relics":["Ring of the Snake","Snake Skull","Shovel"],"potions_floor_usage":[10,11],"damage_taken":[{"damage":2,"enemies":"Jaw Worm","floor":1,"turns":4},{"damage":0,"enemies":"2 Louse","floor":2,"turns":3},{"damage":0,"enemies":"Small Slimes","floor":3,"turns":5},{"damage":7,"enemies":"3 Louse","floor":7,"turns":6},{"damage":13,"enemies":"3 Sentries","floor":10,"turns":14},{"damage":4,"enemies":"Looter","floor":11,"turns":3},{"damage":1,"enemies":"Lagavulin","floor":12,"turns":9},{"damage":0,"enemies":"Exordium Wildlife","floor":13,"turns":6},{"damage":13,"enemies":"Red Slaver","floor":14,"turns":4},{"damage":22,"enemies":"The Guardian","floor":16,"turns":2}],"seed_played":"-7344103556480584787","potions_obtained":[{"floor":1,"key":"PowerPotion"},{"floor":3,"key":"Poison Potion"},{"floor":7,"key":"Strength Potion"},{"floor":10,"key":"LiquidBronze"}],"is_trial":false,"path_per_floor":["M","M","M","?","?","R","M","R","T","E","M","E","M","M","R","B"],"character_chosen":"THE_SILENT","items_purchased":[],"campfire_rested":0,"item_purchase_floors":[],"current_hp_per_floor":[57,57,57,62,55,55,48,48,48,35,31,30,30,17,17,0],"gold":410,"neow_bonus":"HUNDRED_GOLD","is_prod":false,"is_daily":false,"chose_seed":false,"campfire_upgraded":3,"win_rate":0,"timestamp":1553399737,"path_taken":["M","M","M","?","?","R","M","R","T","E","M","E","M","M","R","BOSS"],"build_version":"2019-01-23","purchased_purges":0,"victory":false,"max_hp_per_floor":[66,66,66,71,71,71,71,71,71,71,71,71,71,71,71,71],"card_choices":[{"not_picked":["Reflex","Blade Dance"],"picked":"Escape Plan","floor":1},{"not_picked":["Choke","Heel Hook"],"picked":"Well Laid Plans","floor":2},{"not_picked":["Underhanded Strike","Outmaneuver"],"picked":"PiercingWail","floor":3},{"not_picked":["Dodge and Roll","Noxious Fumes"],"picked":"Dash","floor":7},{"not_picked":["Eviscerate","Slice"],"picked":"Footwork","floor":10},{"not_picked":["All Out Attack","Poisoned Stab"],"picked":"Masterful Stab","floor":11},{"not_picked":["Storm of Steel","Flechettes"],"picked":"Dash","floor":12},{"not_picked":["Infinite Blades","Quick Slash","Dagger Throw"],"picked":"SKIP","floor":13},{"not_picked":["Backflip","Concentrate"],"picked":"Leg Sweep","floor":14}],"player_experience":1377098,"relics_obtained":[{"floor":10,"key":"Snake Skull"},{"floor":12,"key":"Shovel"}],"event_choices":[{"damage_healed":0,"gold_gain":0,"player_choice":"Donut","damage_taken":0,"max_hp_gain":5,"max_hp_loss":0,"event_name":"Big Fish","floor":4,"gold_loss":0},{"cards_removed":["Defend_G"],"damage_healed":0,"gold_gain":0,"player_choice":"Card Removal","damage_taken":7,"max_hp_gain":0,"max_hp_loss":0,"event_name":"Golden Wing","floor":5,"gold_loss":0}],"is_beta":false,"boss_relics":[],"items_purged_floors":[],"is_endless":false,"potions_floor_spawned":[1,3,7,10],"killed_by":"The Guardian","ascension_level":19}