{"gold_per_floor":[119,394,45,45,56,56,88,88,88,102,131,145,170,189,189,262,262,275,1,1,13,13,13,13],"floor_reached":24,"playtime":1302,"items_purged":["Regret"],"score":528,"play_id":"61d5897c-b0dd-48e8-b4e8-6a334a5f414b","local_time":"20190328042136","is_ascension_mode":true,"campfire_choices":[{"data":"Zap","floor":6,"key":"SMITH"},{"data":"Dualcast","floor":8,"key":"SMITH"},{"data":"Core Surge","floor":15,"key":"SMITH"},{"floor":23,"key":"REST"}],"neow_cost":"NONE","seed_source_timestamp":959778547928173,"circlet_count":0,"master_deck":["AscendersBane","Strike_B+1","Strike_B","Strike_B","Strike_B+1","Defend_B","Defend_B","Defend_B","Defend_B","Zap+1","Dualcast+1","Chaos+1","Core Surge+1","Hologram+1","Turbo+1","Chill+1","Conserve Battery+1","Coolheaded+1","Rainbow+1","Sunder"],"relics":["Cracked Core","NeowsBlessing","Toxic Egg 2","Pen Nib","Whetstone","Ornamental Fan","Gambling Chip","Question Card","Fusion Hammer","Frozen Egg 2","FaceOfCleric"],"potions_floor_usage":[11,11,16,24],"damage_taken":[{"damage":0,"enemies":"2 Louse","floor":1,"turns":1},{"damage":0,"enemies":"Cultist","floor":5,"turns":1},{"damage":0,"enemies":"Lagavulin","floor":7,"turns":1},{"damage":0,"enemies":"Small Slimes","floor":10,"turns":3},{"damage":0,"enemies":"Gremlin Nob","floor":11,"turns":2},{"damage":7,"enemies":"Exordium Thugs","floor":12,"turns":6},{"damage":20,"enemies":"Lagavulin","floor":13,"turns":9},{"damage":0,"enemies":"Looter","floor":14,"turns":3},{"damage":21,"enemies":"The Guardian","floor":16,"turns":15},{"damage":17,"enemies":"Spheric Guardian","floor":18,"turns":4},{"damage":27,"enemies":"3 Byrds","floor":21,"turns":6},{"damage":34,"enemies":"Book of Stabbing","floor":24,"turns":6}],"seed_played":"5184128022672698518","potions_obtained":[{"floor":5,"key":"Strength Potion"},{"floor":10,"key":"AttackPotion"},{"floor":13,"key":"SkillPotion"},{"floor":16,"key":"PowerPotion"}],"is_trial":false,"path_per_floor":["M","?","$","?","M","R","E","R","T","M","E","M","E","M","R","B",null,"M","$","?","M","?","R","E"],"character_chosen":"DEFECT","items_purchased":["Toxic Egg 2","Frozen Egg 2"],"campfire_rested":1,"item_purchase_floors":[3,19],"current_hp_per_floor":[64,64,64,64,64,64,64,64,64,64,64,57,37,37,37,16,57,40,40,40,13,13,34,0],"gold":13,"neow_bonus":"THREE_ENEMY_KILL","is_prod":false,"is_daily":false,"chose_seed":false,"campfire_upgraded":3,"win_rate":0,"timestamp":1553761296,"path_taken":["M","?","?","?","M","R","E","R","T","M","E","M","E","?","R","BOSS","M","$","?","M","?","R","E"],"build_version":"2019-01-23","purchased_purges":1,"victory":false,"max_hp_per_floor":[71,71,71,71,71,71,71,71,71,71,71,71,71,71,71,71,71,71,71,71,71,71,71,71],"card_choices":[{"not_picked":["Beam Cell","Conserve Battery"],"picked":"Cold Snap","floor":1},{"not_picked":["Turbo+1","Genetic Algorithm+1"],"picked":"Chaos+1","floor":5},{"not_picked":["Sweeping Beam","Go for the Eyes"],"picked":"Core Surge","floor":7},{"not_picked":["Ball Lightning","Turbo+1"],"picked":"Hologram+1","floor":10},{"not_picked":["Force Field+1","Sweeping Beam"],"picked":"Turbo+1","floor":11},{"not_picked":["Storm","Barrage"],"picked":"Chill+1","floor":12},{"not_picked":["Sweeping Beam","Stack+1"],"picked":"Conserve Battery+1","floor":13},{"not_picked":["Compile Driver","Ball Lightning","Hologram+1"],"picked":"Coolheaded+1","floor":14},{"not_picked":["Fission+1","Biased Cognition","Multi-Cast+1"],"picked":"Rainbow+1","floor":16},{"not_picked":["Rebound","Streamline","Sweeping Beam"],"picked":"Sunder","floor":18},{"not_picked":["Streamline","Barrage","Sweeping Beam","Turbo+1"],"picked":"SKIP","floor":21}],"player_experience":1462531,"relics_obtained":[{"floor":7,"key":"Whetstone"},{"floor":9,"key":"Ornamental Fan"},{"floor":11,"key":"Gambling Chip"},{"floor":13,"key":"Question Card"}],"event_choices":[{"damage_healed":0,"gold_gain":275,"player_choice":"Desecrate","damage_taken":0,"max_hp_gain":0,"max_hp_loss":0,"event_name":"Golden Shrine","floor":2,"gold_loss":0,"cards_obtained":["Regret"]},{"cards_removed":["Cold Snap"],"damage_healed":0,"gold_gain":0,"player_choice":"Gave Card","damage_taken":0,"relics_obtained":["Pen Nib"],"max_hp_gain":0,"max_hp_loss":0,"event_name":"WeMeetAgain","floor":4,"gold_loss":0},{"damage_healed":0,"gold_gain":0,"player_choice":"Ignored","damage_taken":0,"max_hp_gain":0,"max_hp_loss":0,"event_name":"The Mausoleum","floor":20,"gold_loss":0},{"damage_healed":0,"gold_gain":0,"player_choice":"Trade","damage_taken":0,"relics_obtained":["FaceOfCleric"],"max_hp_gain":0,"max_hp_loss":0,"event_name":"FaceTrader","floor":22,"gold_loss":0}],"is_beta":false,"boss_relics":[{"not_picked":["Black Star","Inserter"],"picked":"Fusion Hammer"}],"items_purged_floors":[3],"is_endless":false,"potions_floor_spawned":[5,10,13,16],"killed_by":"Book of Stabbing","ascension_level":20}