{"gold_per_floor":[111,36,60,60,30,30,61,73,98,117,117,143,59,59,59,59],"floor_reached":16,"playtime":453,"items_purged":[],"score":262,"play_id":"2912d68b-f832-4631-9330-0a3b9835e375","local_time":"20190403030400","is_ascension_mode":true,"campfire_choices":[{"data":"Zap","floor":6,"key":"SMITH"},{"data":"Hologram","floor":15,"key":"SMITH"}],"neow_cost":"NONE","seed_source_timestamp":147069656338241,"circlet_count":0,"master_deck":["AscendersBane","Strike_B","Strike_B","Strike_B","Defend_B","Defend_B+1","Defend_B","Defend_B","Zap+1","Dualcast","Chill+1","Conserve Battery","Hologram+1","Compile Driver","Coolheaded"],"relics":["Cracked Core","NeowsBlessing","Pen Nib","War Paint","Happy Flower","Blood Vial","Anchor","PreservedInsect"],"potions_floor_usage":[12,16,16],"damage_taken":[{"damage":0,"enemies":"Small Slimes","floor":1,"turns":1},{"damage":0,"enemies":"Lagavulin","floor":7,"turns":1},{"damage":0,"enemies":"Jaw Worm","floor":8,"turns":1},{"damage":0,"enemies":"Cultist","floor":10,"turns":3},{"damage":25,"enemies":"Gremlin Nob","floor":12,"turns":4},{"damage":77,"enemies":"Slime Boss","floor":16,"turns":11}],"seed_played":"6635551186481153831","potions_obtained":[{"floor":1,"key":"Dexterity Potion"},{"floor":10,"key":"Fire Potion"},{"floor":12,"key":"Weak Potion"}],"is_trial":false,"path_per_floor":["M","?","T","?","$","R","E","M","T","M","?","E","$","?","R","B"],"character_chosen":"DEFECT","items_purchased":["Conserve Battery","FocusPotion"],"campfire_rested":0,"item_purchase_floors":[5,13],"current_hp_per_floor":[64,64,64,64,64,64,64,64,64,66,55,32,32,71,71,0],"gold":59,"neow_bonus":"THREE_ENEMY_KILL","is_prod":false,"is_daily":false,"chose_seed":false,"campfire_upgraded":2,"win_rate":0,"timestamp":1554275040,"path_taken":["M","?","?","?","$","R","E","?","T","M","?","E","$","?","R","BOSS"],"build_version":"2019-01-23","purchased_purges":0,"victory":false,"max_hp_per_floor":[71,71,71,71,71,71,71,71,71,71,71,71,71,71,71,71],"card_choices":[{"not_picked":["Gash","Redo"],"picked":"Chill","floor":1},{"not_picked":["Reboot","Reinforced Body"],"picked":"Hologram","floor":7},{"not_picked":["Gash","Steam"],"picked":"Compile Driver","floor":8},{"not_picked":["Steam Power","Conserve Battery"],"picked":"Coolheaded","floor":10},{"not_picked":["Skim","Go for the Eyes"],"picked":"Capacitor","floor":12}],"player_experience":1553327,"relics_obtained":[{"floor":3,"key":"Pen Nib"},{"floor":7,"key":"Happy Flower"},{"floor":9,"key":"Blood Vial"},{"floor":12,"key":"PreservedInsect"}],"event_choices":[{"cards_removed":["Strike_B"],"damage_healed":0,"gold_gain":0,"player_choice":"Card Removal","damage_taken":0,"max_hp_gain":0,"max_hp_loss":0,"event_name":"The Cleric","floor":2,"gold_loss":75},{"damage_healed":0,"gold_gain":0,"player_choice":"Gave Potion","damage_taken":0,"relics_obtained":["War Paint"],"max_hp_gain":0,"max_hp_loss":0,"event_name":"WeMeetAgain","floor":4,"gold_loss":0},{"damage_healed":0,"gold_gain":0,"player_choice":"Success","damage_taken":11,"relics_obtained":["Anchor"],"max_hp_gain":0,"max_hp_loss":0,"event_name":"Scrap Ooze","floor":11,"gold_loss":0},{"cards_removed":["Capacitor"],"damage_healed":39,"gold_gain":0,"player_choice":"Offered Uncommon","damage_taken":0,"max_hp_gain":0,"max_hp_loss":0,"event_name":"Bonfire Elementals","floor":14,"gold_loss":0}],"is_beta":false,"boss_relics":[],"items_purged_floors":[],"is_endless":false,"potions_floor_spawned":[1,10,12],"killed_by":"Slime Boss","ascension_level":20}