{"gold_per_floor":[111,111,68,83,7,35,35,69,126,143,161,161,161,179,179,250,250,264,274,274,274,48,48,48,48,48,74,74,94,94,121,121,199,199,210,210,229,239,239],"floor_reached":39,"playtime":7764,"items_purged":[],"score":904,"play_id":"c66e8037-d9da-4e96-ac60-cb30253e5acd","local_time":"20190508220409","is_ascension_mode":true,"campfire_choices":[{"data":"Zap","floor":13.0,"key":"SMITH"},{"data":"Defragment","floor":15.0,"key":"SMITH"},{"floor":23.0,"key":"REST"},{"data":"Echo Form","floor":25.0,"key":"SMITH"},{"floor":30.0,"key":"REST"},{"floor":32.0,"key":"REST"}],"neow_cost":"NONE","seed_source_timestamp":1389401343458711,"circlet_count":0,"master_deck":["AscendersBane","Strike_B","Strike_B","Strike_B","Strike_B","Defend_B","Defend_B+1","Defend_B","Defend_B","Zap+1","Dualcast","Sunder+1","Defragment+1","Hologram","Self Repair+1","Genetic Algorithm","Capacitor","Hologram","Doom and Gloom","Echo Form+1","Cold Snap","Barrage+1","RitualDagger","Sweeping Beam","Beam Cell+1","Amplify","Chaos+1","Go for the Eyes+1","Coolheaded+1"],"special_seed":0,"relics":["Cracked Core","NeowsBlessing","Regal Pillow","Bottled Flame","Tiny Chest","Philosopher\u0027s Stone","MutagenicStrength","Oddly Smooth Stone","Art of War","Boot","Dead Branch","Runic Pyramid"],"potions_floor_usage":[38],"damage_taken":[{"damage":0.0,"enemies":"Jaw Worm","floor":1.0,"turns":1.0},{"damage":0.0,"enemies":"2 Louse","floor":4.0,"turns":1.0},{"damage":0.0,"enemies":"Gremlin Nob","floor":6.0,"turns":1.0},{"damage":20.0,"enemies":"3 Sentries","floor":8.0,"turns":8.0},{"damage":0.0,"enemies":"Small Slimes","floor":10.0,"turns":1.0},{"damage":13.0,"enemies":"Blue Slaver","floor":11.0,"turns":2.0},{"damage":6.0,"enemies":"2 Fungi Beasts","floor":14.0,"turns":4.0},{"damage":33.0,"enemies":"Hexaghost","floor":16.0,"turns":9.0},{"damage":37.0,"enemies":"Shell Parasite","floor":18.0,"turns":5.0},{"damage":43.0,"enemies":"2 Thieves","floor":19.0,"turns":5.0},{"damage":17.0,"enemies":"Gremlin Leader","floor":27.0,"turns":7.0},{"damage":46.0,"enemies":"Cultist and Chosen","floor":29.0,"turns":7.0},{"damage":20.0,"enemies":"Book of Stabbing","floor":31.0,"turns":4.0},{"damage":75.0,"enemies":"Champ","floor":33.0,"turns":8.0},{"damage":0.0,"enemies":"3 Shapes","floor":35.0,"turns":2.0},{"damage":10.0,"enemies":"3 Darklings","floor":37.0,"turns":4.0},{"damage":46,"enemies":"Transient","floor":38,"turns":6},{"damage":60,"enemies":"Writhing Mass","floor":39,"turns":3}],"seed_played":"4614233342638828210","potions_obtained":[{"floor":1.0,"key":"SkillPotion"},{"floor":6.0,"key":"SkillPotion"},{"floor":14.0,"key":"EntropicBrew"},{"floor":18.0,"key":"Fruit Juice"},{"floor":29.0,"key":"EssenceOfSteel"},{"floor":33.0,"key":"AttackPotion"},{"floor":35.0,"key":"SteroidPotion"}],"is_trial":false,"path_per_floor":["M","?","$","M","$","E","?","E","T","M","M","?","R","M","R","B",null,"M","M","?","?","$","R","$","R","T","E","?","M","R","E","R","B",null,"M","?","M","M","M"],"character_chosen":"DEFECT","items_purchased":["Defragment","Self Repair","Oddly Smooth Stone","Fire Potion"],"campfire_rested":3,"item_purchase_floors":[3,5,22,22],"current_hp_per_floor":[64,64,64,64,64,64,43,33,33,33,30,30,30,34,34,11,56,39,11,26,26,26,63,63,63,63,66,60,24,61,41,76,11,60,70,70,72,46,0],"gold":239,"neow_bonus":"THREE_ENEMY_KILL","is_prod":false,"is_daily":false,"chose_seed":false,"campfire_upgraded":3,"win_rate":0,"timestamp":1557367449,"path_taken":["M","?","$","M","$","E","?","E","T","M","M","?","R","M","R","BOSS","M","M","?","?","?","R","$","R","T","E","?","?","R","E","R","BOSS","M","?","M","M","M"],"build_version":"2019-01-23","purchased_purges":0,"victory":false,"max_hp_per_floor":[71,71,71,71,71,71,71,71,71,71,71,71,71,71,71,71,71,71,76,76,76,76,76,76,76,76,76,76,76,76,76,76,76,76,76,72,72,72,72],"card_choices":[{"not_picked":["Defragment","Steam"],"picked":"Sunder","floor":1.0},{"not_picked":["Gash","Streamline"],"picked":"Hologram","floor":4.0},{"not_picked":["Stack","Electrodynamics"],"picked":"Genetic Algorithm","floor":6.0},{"not_picked":["Gash","Streamline","Stack"],"picked":"SKIP","floor":8.0},{"not_picked":["Sweeping Beam","Redo"],"picked":"Capacitor","floor":10.0},{"not_picked":["Scrape","Fusion"],"picked":"Hologram","floor":11.0},{"not_picked":["Compile Driver","Go for the Eyes"],"picked":"Doom and Gloom","floor":14.0},{"not_picked":["Seek","Amplify"],"picked":"Echo Form","floor":16.0},{"not_picked":["Tempest","Darkness","Steam"],"picked":"SKIP","floor":18.0},{"not_picked":["Sweeping Beam","Gash"],"picked":"Cold Snap","floor":19.0},{"not_picked":["Biased Cognition","Compile Driver"],"picked":"Barrage+1","floor":27.0},{"not_picked":["Gash","Conserve Battery"],"picked":"Sweeping Beam","floor":29.0},{"not_picked":["Stack","Barrage","Beam Cell+1"],"picked":"SKIP","floor":31.0},{"not_picked":["Stack","Barrage"],"picked":"Beam Cell+1","floor":31.0},{"not_picked":["Fission","Electrodynamics"],"picked":"Amplify","floor":33.0},{"not_picked":["Reprogram","Stack"],"picked":"Chaos+1","floor":35.0},{"not_picked":["Rebound+1","Turbo"],"picked":"Go for the Eyes+1","floor":37.0},{"not_picked":["Barrage+1","Rip and Tear"],"picked":"Coolheaded+1","floor":38}],"player_experience":2484260,"relics_obtained":[{"floor":6.0,"key":"Regal Pillow"},{"floor":8.0,"key":"Bottled Flame"},{"floor":9.0,"key":"Tiny Chest"},{"floor":26.0,"key":"Art of War"},{"floor":27.0,"key":"Boot"},{"floor":31.0,"key":"Dead Branch"}],"event_choices":[{"damage_healed":0.0,"max_hp_gain":0.0,"max_hp_loss":0.0,"gold_gain":0.0,"event_name":"Living Wall","player_choice":"Grow","floor":2.0,"gold_loss":0.0,"damage_taken":0.0,"cards_upgraded":["Sunder"]},{"damage_healed":0.0,"max_hp_gain":0.0,"max_hp_loss":0.0,"gold_gain":0.0,"event_name":"Shining Light","player_choice":"Entered Light","floor":7.0,"gold_loss":0.0,"damage_taken":21.0,"cards_upgraded":["Defend_B","Self Repair"]},{"damage_healed":0.0,"max_hp_gain":0.0,"max_hp_loss":0.0,"gold_gain":0.0,"event_name":"Liars Game","player_choice":"Ignored","floor":12.0,"gold_loss":0.0,"damage_taken":0.0},{"damage_healed":15.0,"max_hp_gain":0.0,"max_hp_loss":0.0,"gold_gain":0.0,"event_name":"The Library","player_choice":"Heal","floor":20.0,"gold_loss":0.0,"damage_taken":0.0},{"damage_healed":0.0,"max_hp_gain":0.0,"max_hp_loss":0.0,"gold_gain":0.0,"event_name":"Drug Dealer","player_choice":"Inject Mutagens","floor":21.0,"gold_loss":0.0,"damage_taken":0.0,"relics_obtained":["MutagenicStrength"]},{"damage_healed":0.0,"max_hp_gain":0.0,"max_hp_loss":0.0,"gold_gain":0.0,"event_name":"Nest","player_choice":"Joined the Cult","floor":28.0,"gold_loss":0.0,"damage_taken":6.0,"cards_obtained":["RitualDagger"]},{"damage_healed":0.0,"max_hp_gain":0.0,"max_hp_loss":4.0,"gold_gain":0.0,"event_name":"Winding Halls","player_choice":"Max HP","floor":36.0,"gold_loss":0.0,"damage_taken":0.0}],"is_beta":false,"boss_relics":[{"not_picked":["FrozenCore","Lizard Tail"],"picked":"Philosopher\u0027s Stone"},{"not_picked":["Coffee Dripper","Cursed Key"],"picked":"Runic Pyramid"}],"items_purged_floors":[],"is_endless":false,"potions_floor_spawned":[1,6,14,18,29,33,35],"killed_by":"Writhing Mass","ascension_level":20}