{"gold_per_floor":[114,114,133,148,73,73,6,6,32,66,76,76,76,101,101,197,197,211,211,211,227,245,245,262,262,262,262,278,288,288,305,305,409,409,425,440,440,450,466,496,496,507,532,548,648,648,660,678,678,678],"floor_reached":50,"playtime":2681,"items_purged":["Defend_G"],"score":588,"play_id":"aed8f514-f130-40a4-969c-bfa9b79942ed","local_time":"20190309115715","is_ascension_mode":false,"campfire_choices":[{"data":"Accuracy","floor":6.0,"key":"SMITH"},{"data":"Blade Dance","floor":8.0,"key":"SMITH"},{"data":"Cloak And Dagger","floor":13.0,"key":"SMITH"},{"floor":15.0,"key":"REST"},{"data":"Cloak And Dagger","floor":23.0,"key":"SMITH"},{"data":"Accuracy","floor":25,"key":"SMITH"},{"data":"After Image","floor":27,"key":"SMITH"},{"data":"Tactician","floor":30,"key":"SMITH"},{"floor":32,"key":"REST"},{"floor":41,"key":"REST"},{"floor":46,"key":"REST"},{"floor":49,"key":"RECALL"}],"neow_cost":"NONE","seed_source_timestamp":0,"circlet_count":0,"master_deck":["Survivor","Neutralize","PiercingWail","Blade Dance+1","Accuracy+1","Accuracy+1","Outmaneuver","Cloak And Dagger+1","Tactician+1","After Image+1","Outmaneuver","All Out Attack","Slice","Masterful Stab","Calculated Gamble","Outmaneuver","Cloak And Dagger+1","Finisher","Leg Sweep","Cloak And Dagger+1","Acrobatics+1","Glass Knife","Bouncing Flask+1","Terror","Burst","Accuracy","Dash+1","Secret Technique","Cloak And Dagger","Infinite Blades+1","Underhanded Strike","Blur+1","Skewer+1","Dodge and Roll+1","PiercingWail"],"special_seed":0,"relics":["Ring of the Snake","Vajra","Bottled Tornado","PreservedInsect","Pandora\u0027s Box","Mummified Hand","Sozu","Letter Opener","Happy Flower","Turnip"],"potions_floor_usage":[39,39,40],"damage_taken":[{"damage":6.0,"enemies":"2 Louse","floor":1.0,"turns":2.0},{"damage":1.0,"enemies":"Cultist","floor":3.0,"turns":4.0},{"damage":4.0,"enemies":"Small Slimes","floor":4.0,"turns":4.0},{"damage":10.0,"enemies":"Gremlin Nob","floor":10.0,"turns":4.0},{"damage":0.0,"enemies":"3 Louse","floor":11.0,"turns":1.0},{"damage":12.0,"enemies":"Lagavulin","floor":14.0,"turns":5.0},{"damage":40.0,"enemies":"Hexaghost","floor":16.0,"turns":10.0},{"damage":0.0,"enemies":"Spheric Guardian","floor":18.0,"turns":3.0},{"damage":1.0,"enemies":"Chosen","floor":21.0,"turns":3.0},{"damage":13.0,"enemies":"Centurion and Healer","floor":22.0,"turns":4.0},{"damage":9,"enemies":"Shelled Parasite and Fungi","floor":24,"turns":3},{"damage":0,"enemies":"Chosen and Byrds","floor":28,"turns":3},{"damage":0,"enemies":"Sentry and Sphere","floor":29,"turns":2},{"damage":0,"enemies":"Snake Plant","floor":31,"turns":3},{"damage":0,"enemies":"Automaton","floor":33,"turns":6},{"damage":0,"enemies":"3 Shapes","floor":35,"turns":4},{"damage":0,"enemies":"Orb Walker","floor":36,"turns":1},{"damage":0,"enemies":"Transient","floor":38,"turns":5},{"damage":1,"enemies":"4 Shapes","floor":39,"turns":5},{"damage":31,"enemies":"Nemesis","floor":40,"turns":5},{"damage":0,"enemies":"Jaw Worm Horde","floor":42,"turns":3},{"damage":20,"enemies":"Maw","floor":44,"turns":6},{"damage":0,"enemies":"Mind Bloom Boss Battle","floor":45,"turns":5},{"damage":0,"enemies":"Spire Growth","floor":47,"turns":3},{"damage":16,"enemies":"4 Shapes","floor":48,"turns":3},{"damage":46,"enemies":"Time Eater","floor":50,"turns":10}],"seed_played":"2609230750424632333","potions_obtained":[{"floor":1.0,"key":"Swift Potion"},{"floor":4.0,"key":"Block Potion"},{"floor":11.0,"key":"Explosive Potion"},{"floor":18.0,"key":"GamblersBrew"},{"floor":21.0,"key":"SpeedPotion"},{"floor":22.0,"key":"LiquidBronze"}],"is_trial":false,"path_per_floor":["M","?","M","M","$","R","$","R","T","E","M","?","R","E","R","B",null,"M","?","?","M","M","R","M","R","T","R","M","M","R","M","R","B",null,"M","M","?","M","M","E","R","M","T","M","?","R","M","M","R","B"],"character_chosen":"THE_SILENT","items_purchased":["Accuracy"],"campfire_rested":4,"item_purchase_floors":[7],"current_hp_per_floor":[64,64,63,59,59,59,59,59,59,49,49,35,35,23,44,4,70,70,70,70,69,56,56,47,47,47,47,47,47,47,47,68,68,70,70,70,70,70,69,38,59,59,59,39,39,60,60,44,44,0],"gold":678,"neow_bonus":"RANDOM_COMMON_RELIC","is_prod":false,"is_daily":false,"chose_seed":false,"campfire_upgraded":7,"win_rate":0,"timestamp":1552150635,"path_taken":["M","?","M","M","$","R","$","R","T","E","?","?","R","E","R","BOSS","M","?","?","M","M","R","M","R","T","R","M","M","R","M","R","BOSS","M","M","?","M","M","E","R","M","T","M","?","R","M","?","R","BOSS"],"build_version":"2019-01-23","purchased_purges":1,"victory":false,"max_hp_per_floor":[70,70,70,70,70,70,70,70,70,70,70,70,70,70,70,70,70,70,70,70,70,70,70,70,70,70,70,70,70,70,70,70,70,70,70,70,70,70,70,70,70,70,70,70,70,70,70,70,70,70],"card_choices":[{"not_picked":["Reflex","Calculated Gamble"],"picked":"PiercingWail","floor":1.0},{"not_picked":["Quick Slash","Dagger Spray"],"picked":"Blade Dance","floor":3.0},{"not_picked":["Backflip","Poisoned Stab"],"picked":"Accuracy","floor":4.0},{"not_picked":["Backflip","Calculated Gamble"],"picked":"Outmaneuver","floor":10.0},{"not_picked":["Glass Knife","Infinite Blades"],"picked":"Cloak And Dagger","floor":11.0},{"not_picked":["Bane","Doppelganger"],"picked":"Tactician","floor":14.0},{"not_picked":["Wraith Form v2","Die Die Die"],"picked":"After Image","floor":16.0},{"not_picked":["Infinite Blades","Blade Dance"],"picked":"Cloak And Dagger+1","floor":18.0},{"not_picked":["Quick Slash","Well Laid Plans","Acrobatics"],"picked":"SKIP","floor":21.0},{"not_picked":["Poisoned Stab","Underhanded Strike"],"picked":"Cloak And Dagger","floor":22.0},{"not_picked":["Bane","Heel Hook+1"],"picked":"Acrobatics+1","floor":24},{"not_picked":["PiercingWail","Dodge and Roll"],"picked":"Glass Knife","floor":28},{"not_picked":["Slice","Backflip"],"picked":"Bouncing Flask+1","floor":29},{"not_picked":["Predator+1","Caltrops"],"picked":"Terror","floor":31},{"not_picked":["Phantasmal Killer","Tools of the Trade"],"picked":"Burst","floor":33},{"not_picked":["Endless Agony+1","Caltrops"],"picked":"Accuracy","floor":35},{"not_picked":["Prepared+1","Deadly Poison+1"],"picked":"Dash+1","floor":36},{"not_picked":["Chrysalis","Purity"],"picked":"Secret Technique","floor":37},{"not_picked":["PiercingWail","Dash"],"picked":"Cloak And Dagger","floor":38},{"not_picked":["Poisoned Stab","Escape Plan","Concentrate"],"picked":"SKIP","floor":39},{"not_picked":["Concentrate+1","Sucker Punch+1"],"picked":"Infinite Blades+1","floor":40},{"not_picked":["Prepared","Concentrate+1"],"picked":"Underhanded Strike","floor":42},{"not_picked":["Cloak And Dagger","Dagger Throw+1"],"picked":"Blur+1","floor":44},{"not_picked":["Slice+1","Dodge and Roll"],"picked":"Skewer+1","floor":45},{"not_picked":["Dagger Spray+1","Sucker Punch"],"picked":"Dodge and Roll+1","floor":47},{"not_picked":["Bouncing Flask+1","Acrobatics"],"picked":"PiercingWail","floor":48}],"player_experience":645970,"relics_obtained":[{"floor":10.0,"key":"Bottled Tornado"},{"floor":14.0,"key":"PreservedInsect"},{"floor":26,"key":"Mummified Hand"},{"floor":40,"key":"Letter Opener"},{"floor":43,"key":"Happy Flower"},{"floor":45,"key":"Turnip"}],"event_choices":[{"cards_removed":["Strike_G"],"damage_healed":0.0,"max_hp_gain":0.0,"max_hp_loss":0.0,"gold_gain":0.0,"event_name":"Bonfire Elementals","player_choice":"Offered Basic","floor":2.0,"gold_loss":0.0,"damage_taken":0.0},{"damage_healed":0.0,"max_hp_gain":0.0,"max_hp_loss":0.0,"gold_gain":0.0,"event_name":"Shining Light","player_choice":"Entered Light","floor":12.0,"gold_loss":0.0,"damage_taken":14.0,"cards_upgraded":["Strike_G","Defend_G"]},{"damage_healed":0.0,"max_hp_gain":0.0,"max_hp_loss":0.0,"gold_gain":0.0,"cards_transformed":["Doppelganger","Setup"],"event_name":"Drug Dealer","player_choice":"Became Test Subject","floor":19.0,"gold_loss":0.0,"damage_taken":0.0,"cards_obtained":["Finisher","Leg Sweep"]},{"damage_healed":0.0,"max_hp_gain":0.0,"max_hp_loss":0.0,"gold_gain":0.0,"event_name":"Cursed Tome","player_choice":"Ignored","floor":20.0,"gold_loss":0.0,"damage_taken":0.0},{"damage_healed":0,"gold_gain":0,"player_choice":"Memory 1","damage_taken":0,"max_hp_gain":0,"max_hp_loss":0,"event_name":"SensoryStone","floor":37,"gold_loss":0},{"damage_healed":0,"gold_gain":0,"player_choice":"Fight","damage_taken":0,"max_hp_gain":0,"max_hp_loss":0,"event_name":"MindBloom","floor":45,"gold_loss":0}],"is_beta":false,"boss_relics":[{"not_picked":["Orrery","Eternal Feather"],"picked":"Pandora\u0027s Box"},{"not_picked":["Runic Dome","Calling Bell"],"picked":"Sozu"}],"items_purged_floors":[5],"is_endless":false,"potions_floor_spawned":[1,4,11,18,21,22,36,38,40,48],"killed_by":"Time Eater","ascension_level":0}