{"gold_per_floor":[119,119,139,159,170,170,170,170],"floor_reached":8,"playtime":413,"items_purged":[],"score":96,"play_id":"302c3d64-7546-42bc-8ab3-2f7788011d1a","local_time":"20190502134856","is_ascension_mode":true,"campfire_choices":[{"data":"Poisoned Stab","floor":6,"key":"SMITH"}],"neow_cost":"NONE","seed_source_timestamp":849139157784122,"circlet_count":0,"master_deck":["AscendersBane","Defend_G","Defend_G","Defend_G","Defend_G","Defend_G","Strike_G+1","Strike_G","Strike_G","Strike_G","Survivor","Neutralize","Deadly Poison","Quick Slash+1","Poisoned Stab+1"],"relics":["Ring of the Snake"],"potions_floor_usage":[5,8],"damage_taken":[{"damage":12,"enemies":"Jaw Worm","floor":1,"turns":6},{"damage":0,"enemies":"Cultist","floor":3,"turns":4},{"damage":0,"enemies":"Small Slimes","floor":4,"turns":3},{"damage":12,"enemies":"Exordium Thugs","floor":5,"turns":5},{"damage":20,"enemies":"3 Sentries","floor":8,"turns":2}],"seed_played":"-8582222353436788924","potions_obtained":[{"floor":0,"key":"PowerPotion"},{"floor":0,"key":"Swift Potion"}],"is_trial":false,"path_per_floor":["M","?","M","M","M","R","?","E"],"character_chosen":"THE_SILENT","items_purchased":[],"campfire_rested":0,"item_purchase_floors":[],"current_hp_per_floor":[47,47,47,47,35,35,15,0],"gold":170,"neow_bonus":"THREE_SMALL_POTIONS","is_prod":false,"is_daily":false,"chose_seed":false,"campfire_upgraded":1,"win_rate":0,"timestamp":1556819336,"path_taken":["M","?","M","M","?","R","?","E"],"build_version":"2019-01-23","purchased_purges":0,"victory":false,"max_hp_per_floor":[66,66,66,66,66,66,66,66],"card_choices":[{"not_picked":["Sucker Punch","Quick Slash"],"picked":"Deadly Poison","floor":1},{"not_picked":["Outmaneuver","Dodge and Roll"],"picked":"Quick Slash","floor":3},{"not_picked":["Tactician","Deflect"],"picked":"Poisoned Stab","floor":4},{"not_picked":["Riddle With Holes","Flechettes","Flying Knee"],"picked":"SKIP","floor":5}],"player_experience":2258070,"relics_obtained":[],"event_choices":[{"cards_removed":["Strike_G"],"damage_healed":0,"gold_gain":0,"player_choice":"Offered Basic","damage_taken":0,"max_hp_gain":0,"max_hp_loss":0,"event_name":"Bonfire Elementals","floor":2,"gold_loss":0},{"damage_healed":0,"gold_gain":0,"player_choice":"Entered Light","damage_taken":20,"max_hp_gain":0,"max_hp_loss":0,"event_name":"Shining Light","floor":7,"gold_loss":0,"cards_upgraded":["Strike_G","Quick Slash"]}],"is_beta":false,"boss_relics":[],"items_purged_floors":[],"is_endless":false,"potions_floor_spawned":[3,4],"killed_by":"3 Sentries","ascension_level":20}