{"gold_per_floor":[212,99,109,124,199,224,224,12,94,128,128,128,22,22,22,93,93,113,113,113,113,18,18],"floor_reached":23,"playtime":731,"items_purged":["Strike_G","Decay"],"score":386,"play_id":"aa5da15c-8bad-4f56-989d-c0616be7225b","local_time":"20190502045636","is_ascension_mode":true,"campfire_choices":[{"data":"Noxious Fumes","floor":7.0,"key":"SMITH"},{"floor":11.0,"key":"REST"},{"floor":15.0,"key":"REST"}],"neow_cost":"NONE","seed_source_timestamp":816819636577792,"circlet_count":0,"master_deck":["AscendersBane","Defend_G","Defend_G","Defend_G","Defend_G","Defend_G","Strike_G","Survivor","Neutralize","Poisoned Stab","Poisoned Stab","Poisoned Stab","Noxious Fumes+1","Cloak And Dagger","Footwork","Caltrops","Caltrops","Night Terror","Heel Hook","Expertise","Dash"],"special_seed":0,"relics":["Ring of the Snake","Juzu Bracelet","Membership Card","Pear","Centennial Puzzle","Dream Catcher","Sozu"],"potions_floor_usage":[],"damage_taken":[{"damage":0.0,"enemies":"2 Louse","floor":1.0,"turns":4.0},{"damage":0.0,"enemies":"Small Slimes","floor":3.0,"turns":2.0},{"damage":0.0,"enemies":"Cultist","floor":4.0,"turns":3.0},{"damage":20.0,"enemies":"Lagavulin","floor":6.0,"turns":5.0},{"damage":30.0,"enemies":"Gremlin Nob","floor":10.0,"turns":4.0},{"damage":9.0,"enemies":"The Guardian","floor":16.0,"turns":9.0},{"damage":11.0,"enemies":"Chosen","floor":18.0,"turns":5.0},{"damage":55,"enemies":"Gremlin Leader","floor":23,"turns":4}],"seed_played":"-3869636188018355505","potions_obtained":[{"floor":3.0,"key":"SkillPotion"},{"floor":10.0,"key":"SkillPotion"}],"is_trial":false,"path_per_floor":["M","$","M","M","?","E","R","$","T","E","R","?","$","?","R","B",null,"M","?","?","?","$","E"],"character_chosen":"THE_SILENT","items_purchased":["Poisoned Stab","Explosive Potion","Membership Card","Caltrops","Weak Potion","Dash"],"campfire_rested":2,"item_purchase_floors":[2,2,8,13,13,22],"current_hp_per_floor":[59,59,59,59,48,28,28,28,38,8,30,23,23,5,27,18,62,51,51,51,51,51,0],"gold":18,"neow_bonus":"HUNDRED_GOLD","is_prod":false,"is_daily":false,"chose_seed":false,"campfire_upgraded":1,"win_rate":0,"timestamp":1556787396,"path_taken":["M","$","M","M","?","E","R","$","T","E","R","?","$","?","R","BOSS","M","?","?","?","$","E"],"build_version":"2019-01-23","purchased_purges":2,"victory":false,"max_hp_per_floor":[66,66,66,66,66,66,66,66,76,76,76,76,76,76,76,76,76,76,76,76,76,76,76],"card_choices":[{"not_picked":["Prepared","Blade Dance"],"picked":"Poisoned Stab","floor":1.0},{"not_picked":["Concentrate","Expertise"],"picked":"Poisoned Stab","floor":3.0},{"not_picked":["Calculated Gamble","Predator"],"picked":"Noxious Fumes","floor":4.0},{"not_picked":["Caltrops","Reflex"],"picked":"Cloak And Dagger","floor":6.0},{"not_picked":["Terror","Blade Dance"],"picked":"Footwork","floor":10.0},{"not_picked":["Quick Slash","Flying Knee"],"picked":"Caltrops","floor":15.0},{"not_picked":["Tools of the Trade","Burst"],"picked":"Night Terror","floor":16.0},{"not_picked":["Prepared","Distraction","Predator"],"picked":"SKIP","floor":18.0}],"player_experience":2228722,"relics_obtained":[{"floor":6.0,"key":"Juzu Bracelet"},{"floor":9.0,"key":"Pear"},{"floor":10.0,"key":"Centennial Puzzle"}],"event_choices":[{"damage_healed":0.0,"max_hp_gain":0.0,"max_hp_loss":0.0,"gold_gain":75.0,"event_name":"World of Goop","player_choice":"Gather Gold","floor":5.0,"gold_loss":0.0,"damage_taken":11.0},{"cards_removed":["Strike_G"],"damage_healed":0.0,"max_hp_gain":0.0,"max_hp_loss":0.0,"gold_gain":0.0,"event_name":"Golden Wing","player_choice":"Card Removal","floor":12.0,"gold_loss":0.0,"damage_taken":7.0},{"damage_healed":0.0,"max_hp_gain":0.0,"max_hp_loss":0.0,"gold_gain":0.0,"event_name":"Scrap Ooze","player_choice":"Success","floor":14.0,"gold_loss":0.0,"damage_taken":18.0,"relics_obtained":["Dream Catcher"]},{"damage_healed":0.0,"max_hp_gain":0.0,"max_hp_loss":0.0,"gold_gain":0.0,"cards_transformed":["Strike_G","Strike_G"],"event_name":"Drug Dealer","player_choice":"Became Test Subject","floor":19.0,"gold_loss":0.0,"damage_taken":0.0,"cards_obtained":["Heel Hook","Expertise"]},{"damage_healed":0.0,"max_hp_gain":0.0,"max_hp_loss":0.0,"gold_gain":0.0,"event_name":"Forgotten Altar","player_choice":"Smashed Altar","floor":20.0,"gold_loss":0.0,"damage_taken":0.0,"cards_obtained":["Decay"]},{"damage_healed":0.0,"max_hp_gain":0.0,"max_hp_loss":0.0,"gold_gain":0.0,"event_name":"The Mausoleum","player_choice":"Ignored","floor":21.0,"gold_loss":0.0,"damage_taken":0.0}],"is_beta":false,"boss_relics":[{"not_picked":["Lizard Tail","Black Star"],"picked":"Sozu"}],"items_purged_floors":[13,22],"is_endless":false,"potions_floor_spawned":[3,10],"killed_by":"Gremlin Leader","ascension_level":20}