{"path_per_floor":["M","M","M","?","M","E","?","M","T","?","E","M","E","M","R","B",null,"M","T","M","T","M","R","E","M","T","?","M","M","$","E","R","B",null,"M","?","?","M","M","E","?","$","T","R","E","M","T","M","R"],"character_chosen":"IRONCLAD","items_purchased":["Limit Break","Oddly Smooth Stone","Secret Technique","Regal Pillow","Strength Potion","Metallicize","Finesse"],"gold_per_floor":[111,122,142,217,236,267,267,285,331,331,366,383,415,433,433,536,536,554,580,597,597,615,615,649,659,683,683,694,705,21,52,52,148,148,166,166,166,179,195,224,224,55,55,55,83,94,94,113,113],"floor_reached":50,"campfire_rested":2,"playtime":7414,"current_hp_per_floor":[77,80,80,69,63,34,80,78,78,62,55,64,69,72,72,37,68,58,58,54,54,38,38,20,15,15,39,36,26,26,32,32,9,86,71,61,61,67,64,31,31,31,31,73,49,34,34,19,61],"items_purged":["Strike_R"],"gold":113,"play_id":"bd7bd00f-695d-471f-9f8c-1e423ea5980b","is_prod":false,"is_daily":false,"is_ascension_mode":false,"campfire_upgraded":3,"path_taken":["M","M","M","?","M","E","?","?","T","?","E","?","E","M","R","BOSS","M","?","?","?","?","R","E","?","T","?","M","M","$","E","R","BOSS","M","?","?","M","M","E","?","$","T","R","E","?","?","?","R","BOSS"],"build_version":"2018-02-01-PROD3","purchased_purges":3,"victory":false,"master_deck":["Strike_R","Strike_R+1","Defend_R+1","Defend_R+1","Defend_R","Defend_R","Bash","Seeing Red","Warcry","Dropkick","Combust","True Grit+1","Seeing Red","Dropkick","Feed","Armaments+1","Heavy Blade+1","Barricade+1","Metallicize","Spot Weakness","Clothesline+1","Iron Wave","Feed","Bloodletting+1","Shockwave+1","Limit Break","Secret Technique","Juggernaut","Heavy Blade+1","Madness","Madness","Spot Weakness","Feed","Burning Pact+1","Second Wind","Metallicize","Finesse","Body Slam+1","Heavy Blade+1"],"max_hp_per_floor":[80,80,80,80,80,80,80,80,80,80,80,83,83,86,86,86,68,68,68,68,68,71,71,71,74,74,74,77,83,83,86,86,86,86,86,86,86,89,92,92,92,92,92,92,92,92,92,92,92],"relics":["Burning Blood","Self Forming Clay","Happy Flower","Vajra","Orichalcum","Runic Cube","War Paint","Champion Belt","Matryoshka","Bag of Preparation","Anchor","Oddly Smooth Stone","Regal Pillow","Gremlin Horn","Lizard Tail","Kunai","Shuriken","Frozen Eye","Peace Pipe","Magic Flower"],"card_choices":[{"not_picked":["Rage","Perfected Strike"],"picked":"Warcry"},{"not_picked":["Sword Boomerang","Headbutt"],"picked":"Dropkick"},{"not_picked":["Pommel Strike","Clothesline"],"picked":"Combust"},{"not_picked":["Clash","Flex"],"picked":"True Grit"},{"not_picked":["Clash","Flex"],"picked":"Seeing Red"},{"not_picked":["Warcry","Clothesline"],"picked":"Dropkick"},{"not_picked":["True Grit","Warcry"],"picked":"Feed"},{"not_picked":["Anger","Sever Soul"],"picked":"Uppercut"},{"not_picked":["Iron Wave","Perfected Strike"],"picked":"Armaments"},{"not_picked":["Anger","Clash"],"picked":"Heavy Blade"},{"not_picked":["Impervious","Berserk"],"picked":"Barricade"},{"not_picked":["Iron Wave","Perfected Strike"],"picked":"Metallicize"},{"not_picked":["Second Wind","Clothesline"],"picked":"Spot Weakness"},{"not_picked":["Sever Soul","Sword Boomerang"],"picked":"Clothesline"},{"not_picked":["Power Through","Twin Strike"],"picked":"Iron Wave"},{"not_picked":["Uppercut","Dropkick"],"picked":"Feed"},{"not_picked":["Rupture","Clash"],"picked":"Bloodletting"},{"not_picked":["Flame Barrier","Thunderclap"],"picked":"Shockwave"},{"not_picked":["Berserk","Barricade"],"picked":"Juggernaut"},{"not_picked":["Cleave","Body Slam"],"picked":"Heavy Blade"},{"not_picked":["Armaments","Searing Blow"],"picked":"Spot Weakness"},{"not_picked":["Dual Wield","Second Wind"],"picked":"Feed"},{"not_picked":["Shockwave","Sever Soul"],"picked":"Burning Pact"},{"not_picked":["Warcry","Twin Strike"],"picked":"Body Slam"},{"not_picked":["Combust","Dual Wield"],"picked":"Heavy Blade"}],"player_experience":18171,"potions_floor_usage":[6,13,13,18,25,31,31,39,40,50],"damage_taken":[{"damage":9,"enemies":"Blue Slaver","floor":1,"turns":5},{"damage":3,"enemies":"Jaw Worm","floor":2,"turns":4},{"damage":2,"enemies":"2 Louse","floor":3,"turns":3},{"damage":12,"enemies":"Large Slime","floor":5,"turns":4},{"damage":35,"enemies":"Lagavulin","floor":6,"turns":7},{"damage":8,"enemies":"Red Slaver","floor":8,"turns":4},{"damage":13,"enemies":"Gremlin Nob","floor":11,"turns":4},{"damage":0,"enemies":"Looter","floor":12,"turns":2},{"damage":1,"enemies":"3 Sentries","floor":13,"turns":3},{"damage":6,"enemies":"Exordium Thugs","floor":14,"turns":5},{"damage":41,"enemies":"The Guardian","floor":16,"turns":8},{"damage":16,"enemies":"2 Thieves","floor":18,"turns":3},{"damage":10,"enemies":"Spheric Guardian","floor":20,"turns":5},{"damage":25,"enemies":"Slaver and Parasite","floor":22,"turns":9},{"damage":24,"enemies":"Book of Stabbing","floor":24,"turns":8},{"damage":14,"enemies":"Sentry and Sphere","floor":25,"turns":10},{"damage":12,"enemies":"3 Cultists","floor":28,"turns":7},{"damage":22,"enemies":"Chosen and Byrds","floor":29,"turns":6},{"damage":3,"enemies":"Slavers","floor":31,"turns":17},{"damage":29,"enemies":"Collector","floor":33,"turns":11},{"damage":21,"enemies":"3 Darklings","floor":35,"turns":6},{"damage":3,"enemies":"Orb Walker","floor":38,"turns":4},{"damage":27,"enemies":"4 Shapes","floor":39,"turns":8},{"damage":39,"enemies":"Nemesis","floor":40,"turns":7},{"damage":89,"enemies":"Giant Head","floor":45,"turns":10},{"damage":21,"enemies":"3 Darklings","floor":46,"turns":4},{"damage":24,"enemies":"Maw","floor":48,"turns":7},{"damage":61,"enemies":"Donu and Deca","floor":50,"turns":7}],"event_choices":[{"event_name":"World of Goop","player_choice":"Gather Gold","floor":4,"damage_taken":0},{"event_name":"Wheel of Change","player_choice":"Full Heal","floor":7,"damage_taken":0},{"event_name":"Shining Light","player_choice":"Entered Light","floor":10,"damage_taken":0},{"event_name":"The Library","player_choice":"Heal","floor":27,"damage_taken":0},{"event_name":"Winding Halls","player_choice":"Embrace Madness","floor":36,"damage_taken":0},{"event_name":"Transmorgrifier","player_choice":"Transform","floor":41,"damage_taken":0}],"boss_relics":[{"not_picked":["Philosopher\u0027s Stone","Runic Dome"],"picked":"Runic Cube"},{"not_picked":["Mark of Pain","Snecko Eye"],"picked":"Lizard Tail"}],"potions_floor_spawned":[2,3,6,14,22,29,33,39,45],"seed_played":"-6891878654856699599","killed_by":"Donu and Deca","ascension_level":0,"is_trial":false}