{"gold_per_floor":[361,372,392,405,125,125,151,169,196,196,196,196,221,221,221,299,299,312,324,336,336,348,348,358,358,440,469,406,418,442,472,484,570,582,611,672,684,207,207,207,207,223,223,18,53,63,63,81,81,81],"floor_reached":51,"playtime":4944,"items_purged":["Strike_B"],"score":1200,"play_id":"055ca962-035f-4fd0-b526-5d2a575d39f4","local_time":"20190426204818","is_ascension_mode":true,"campfire_choices":[{"data":"Dualcast","floor":6,"key":"SMITH"},{"floor":10,"key":"REST"},{"data":"Fission","floor":12,"key":"SMITH"},{"floor":15,"key":"REST"},{"data":"Fission","floor":23,"key":"SMITH"},{"floor":25,"key":"REST"},{"floor":32,"key":"REST"},{"data":"Apotheosis","floor":40,"key":"SMITH"},{"floor":47,"key":"REST"},{"floor":49,"key":"REST"}],"neow_cost":"TEN_PERCENT_HP_LOSS","seed_source_timestamp":30553696438047,"circlet_count":0,"master_deck":["AscendersBane","Strike_B","Strike_B","Strike_B","Defend_B","Defend_B","Defend_B","Defend_B","Zap","Dualcast+1","Tempest","Steam","Glacier","Static Discharge","Streamline","Blind","Fission+1","Ball Lightning","Rainbow","Fission+1","Glacier","Defragment","Steam+1","White Noise+1","Buffer","Hologram","Finesse","Apotheosis+1","Writhe","Coolheaded","Pain","Hologram","Steam+1"],"relics":["Cracked Core","Darkstone Periapt","Vajra","Juzu Bracelet","FaceOfCleric","Cursed Key","Nilry\u0027s Codex","Bottled Flame","MawBank","Nuclear Battery","FossilizedHelix","Calipers","Blue Candle","OrangePellets","Bag of Marbles"],"potions_floor_usage":[7,16,33,33,45,45,48],"damage_taken":[{"damage":1,"enemies":"Cultist","floor":1,"turns":3},{"damage":7,"enemies":"Jaw Worm","floor":2,"turns":3},{"damage":5,"enemies":"Small Slimes","floor":3,"turns":2},{"damage":11,"enemies":"Blue Slaver","floor":4,"turns":5},{"damage":15,"enemies":"Lagavulin","floor":7,"turns":5},{"damage":2,"enemies":"Exordium Wildlife","floor":8,"turns":4},{"damage":29,"enemies":"Gremlin Nob","floor":13,"turns":4},{"damage":17,"enemies":"The Guardian","floor":16,"turns":9},{"damage":2,"enemies":"2 Thieves","floor":18,"turns":3},{"damage":0,"enemies":"Spheric Guardian","floor":19,"turns":2},{"damage":0,"enemies":"Shelled Parasite and Fungi","floor":20,"turns":6},{"damage":0,"enemies":"Chosen and Byrds","floor":22,"turns":6},{"damage":15,"enemies":"Centurion and Healer","floor":24,"turns":10},{"damage":38,"enemies":"Book of Stabbing","floor":27,"turns":7},{"damage":9,"enemies":"Shelled Parasite and Fungi","floor":30,"turns":4},{"damage":2,"enemies":"Snake Plant","floor":31,"turns":4},{"damage":19,"enemies":"Collector","floor":33,"turns":7},{"damage":1,"enemies":"3 Shapes","floor":35,"turns":2},{"damage":11,"enemies":"2 Orb Walkers","floor":36,"turns":2},{"damage":0,"enemies":"Orb Walker","floor":42,"turns":3},{"damage":28,"enemies":"Reptomancer","floor":45,"turns":9},{"damage":0,"enemies":"4 Shapes","floor":46,"turns":5},{"damage":48,"enemies":"Jaw Worm Horde","floor":48,"turns":5},{"damage":67,"enemies":"Awakened One","floor":50,"turns":28}],"seed_played":"-6819874582363411373","potions_obtained":[{"floor":1,"key":"Explosive Potion"},{"floor":4,"key":"Swift Potion"},{"floor":7,"key":"SpeedPotion"},{"floor":18,"key":"SteroidPotion"},{"floor":30,"key":"EssenceOfSteel"},{"floor":31,"key":"FocusPotion"},{"floor":35,"key":"AttackPotion"},{"floor":36,"key":"EssenceOfSteel"},{"floor":46,"key":"Block Potion"}],"is_trial":false,"path_per_floor":["M","M","M","M","$","R","E","M","T","R","$","R","E","?","R","B",null,"M","M","M","?","M","R","M","R","T","E","?","?","M","M","R","B",null,"M","?","?","$","?","R","?","M","T","$","E","M","R","M","R","B",null],"character_chosen":"DEFECT","items_purchased":["Static Discharge","Streamline","Blind","Apotheosis","Calipers","OrangePellets"],"campfire_rested":6,"item_purchase_floors":[5,5,5,38,38,44],"current_hp_per_floor":[63,56,51,40,40,40,25,23,23,42,42,42,13,13,32,16,53,52,53,54,33,34,34,20,41,47,10,10,25,17,16,39,21,65,65,55,55,55,77,77,77,78,84,84,57,58,87,40,69,3],"gold":81,"neow_bonus":"TWO_FIFTY_GOLD","is_prod":false,"is_daily":false,"chose_seed":false,"campfire_upgraded":4,"win_rate":0,"timestamp":1556304498,"path_taken":["M","M","M","M","$","R","E","M","T","R","$","R","E","?","R","BOSS","M","M","M","?","M","R","M","R","T","E","?","?","M","M","R","BOSS","M","?","?","$","?","R","?","M","T","$","E","M","R","M","R","BOSS"],"build_version":"2019-01-23","purchased_purges":1,"victory":true,"max_hp_per_floor":[64,64,64,64,64,64,64,64,64,64,64,64,64,64,64,65,65,66,67,68,68,69,69,70,70,76,77,77,77,78,79,79,80,80,81,82,82,82,88,88,88,89,95,95,96,97,97,98,98,99],"card_choices":[{"not_picked":["BootSequence","Gash"],"picked":"Sunder","floor":1},{"not_picked":["Hello World","Chaos"],"picked":"Tempest","floor":2},{"not_picked":["Blizzard","Conserve Battery"],"picked":"Steam","floor":3},{"not_picked":["Cold Snap","Fusion"],"picked":"Glacier","floor":4},{"not_picked":["Fusion","Turbo"],"picked":"Fission","floor":7},{"not_picked":["Turbo","Compile Driver"],"picked":"Ball Lightning","floor":8},{"not_picked":["Leap","Sunder"],"picked":"Rainbow","floor":13},{"not_picked":["Buffer","Thunder Strike"],"picked":"Fission","floor":16},{"not_picked":["Double Energy","Redo"],"picked":"Glacier","floor":18},{"not_picked":["Gash","Go for the Eyes"],"picked":"Defragment","floor":19},{"not_picked":["Compile Driver","Barrage+1"],"picked":"Steam+1","floor":20},{"not_picked":["Sunder","Go for the Eyes+1"],"picked":"White Noise+1","floor":22},{"not_picked":["Turbo","Streamline+1","Aggregate"],"picked":"SKIP","floor":24},{"not_picked":["Streamline","Reprogram","Doom and Gloom"],"picked":"SKIP","floor":27},{"not_picked":["Sunder","Aggregate","Double Energy"],"picked":"SKIP","floor":30},{"not_picked":["Double Energy","Static Discharge","Barrage"],"picked":"SKIP","floor":31},{"not_picked":["Amplify","Hyperbeam"],"picked":"Buffer","floor":33},{"not_picked":["Undo","Stack","Redo"],"picked":"SKIP","floor":35},{"not_picked":["Sunder","Sweeping Beam+1"],"picked":"Hologram","floor":36},{"not_picked":["Deep Breath","Good Instincts"],"picked":"Finesse","floor":37},{"not_picked":["Turbo","Rebound"],"picked":"Coolheaded","floor":42},{"not_picked":["Sunder","Turbo"],"picked":"Hologram","floor":45},{"not_picked":["Loop","Redo"],"picked":"Steam+1","floor":46},{"not_picked":["Steam","Genetic Algorithm","Barrage"],"picked":"SKIP","floor":48}],"player_experience":275002,"relics_obtained":[{"floor":7,"key":"Darkstone Periapt"},{"floor":9,"key":"Vajra"},{"floor":13,"key":"Juzu Bracelet"},{"floor":21,"key":"Nilry\u0027s Codex"},{"floor":26,"key":"Bottled Flame"},{"floor":27,"key":"MawBank"},{"floor":36,"key":"FossilizedHelix"},{"floor":43,"key":"Blue Candle"},{"floor":45,"key":"Bag of Marbles"}],"event_choices":[{"damage_healed":0,"gold_gain":0,"player_choice":"Trade","damage_taken":0,"relics_obtained":["FaceOfCleric"],"max_hp_gain":0,"max_hp_loss":0,"event_name":"FaceTrader","floor":14,"gold_loss":0},{"damage_healed":0,"gold_gain":0,"player_choice":"Obtained Book","damage_taken":21,"max_hp_gain":0,"max_hp_loss":0,"event_name":"Cursed Tome","floor":21,"gold_loss":0},{"cards_removed":["Injury"],"damage_healed":0,"gold_gain":0,"player_choice":"Gave Gold","damage_taken":0,"max_hp_gain":0,"max_hp_loss":0,"event_name":"Beggar","floor":28,"gold_loss":75},{"damage_healed":15,"gold_gain":0,"player_choice":"Heal","damage_taken":0,"max_hp_gain":0,"max_hp_loss":0,"event_name":"The Library","floor":29,"gold_loss":0},{"damage_healed":0,"gold_gain":0,"player_choice":"Fight","damage_taken":0,"max_hp_gain":0,"max_hp_loss":0,"event_name":"Mysterious Sphere","floor":36,"gold_loss":0},{"damage_healed":0,"gold_gain":0,"player_choice":"Memory 1","damage_taken":0,"max_hp_gain":0,"max_hp_loss":0,"event_name":"SensoryStone","floor":37,"gold_loss":0},{"damage_healed":16,"gold_gain":0,"player_choice":"Writhe","damage_taken":0,"max_hp_gain":0,"max_hp_loss":0,"event_name":"Winding Halls","floor":39,"gold_loss":0,"cards_obtained":["Writhe"]},{"cards_removed":["Sunder"],"damage_healed":0,"gold_gain":0,"player_choice":"Removed Attack","damage_taken":0,"max_hp_gain":0,"max_hp_loss":0,"event_name":"Falling","floor":41,"gold_loss":0}],"is_beta":false,"boss_relics":[{"not_picked":["Ectoplasm","Runic Pyramid"],"picked":"Cursed Key"},{"not_picked":["Black Star","Inserter"],"picked":"Nuclear Battery"}],"items_purged_floors":[5],"is_endless":false,"potions_floor_spawned":[1,4,7,8,18,19,22,30,31,35,36,46],"ascension_level":15}