{"gold_per_floor":[110,110,56,156,171,196,196,216,216,246,246,259,275,302,302,377,377,389,389,389,389,403,403,423,423,423,469,469,500,500,516,516,590,590,607,707,707,757,757,757,774,787,787,787,804,694,712,732,732,732,732],"floor_reached":51,"playtime":2496,"items_purged":[],"score":1370,"play_id":"7a7ccde5-daf9-4e42-a2c6-2189e013ccda","local_time":"20181206141806","is_ascension_mode":true,"campfire_choices":[{"data":"Neutralize","floor":7.0,"key":"SMITH"},{"data":"Dash","floor":11.0,"key":"SMITH"},{"data":"Tools of the Trade","floor":15.0,"key":"SMITH"},{"data":"Malaise","floor":23.0,"key":"SMITH"},{"floor":25.0,"key":"REST"},{"floor":30.0,"key":"REST"},{"data":"Noxious Fumes","floor":32.0,"key":"SMITH"},{"data":"Deep Breath","floor":40.0,"key":"SMITH"},{"floor":49.0,"key":"REST"}],"neow_cost":"NONE","seed_source_timestamp":0,"circlet_count":0,"master_deck":["AscendersBane","Defend_G+1","Defend_G+1","Defend_G+1","Defend_G+1","Defend_G+1","Strike_G+1","Strike_G+1","Strike_G+1","Strike_G+1","Survivor","Neutralize+1","PiercingWail","Poisoned Stab","Flying Knee","Dagger Spray+1","Dash+1","Well Laid Plans+1","Tools of the Trade+1","Sucker Punch","Malaise+1","Escape Plan+1","Noxious Fumes+1","Dodge and Roll+1","Deep Breath+1","Deep Breath","Tactician+1","Deflect","Caltrops+1"],"special_seed":0,"relics":["Ring of the Snake","NeowsBlessing","Bottled Flame","Ninja Scroll","Snake Skull","Orichalcum","Busted Crown","Nilry\u0027s Codex","Pen Nib","Smiling Mask","Darkstone Periapt","Lizard Tail","Tough Bandages","Oddly Smooth Stone","Molten Egg 2"],"potions_floor_usage":[50,50],"damage_taken":[{"damage":0.0,"enemies":"Jaw Worm","floor":1.0,"turns":1.0},{"damage":0.0,"enemies":"Small Slimes","floor":5.0,"turns":1.0},{"damage":0.0,"enemies":"Lagavulin","floor":6.0,"turns":1.0},{"damage":0.0,"enemies":"Cultist","floor":8.0,"turns":3.0},{"damage":0.0,"enemies":"Gremlin Nob","floor":10.0,"turns":2.0},{"damage":0.0,"enemies":"2 Fungi Beasts","floor":12.0,"turns":2.0},{"damage":0.0,"enemies":"Looter","floor":13.0,"turns":2.0},{"damage":5.0,"enemies":"3 Sentries","floor":14.0,"turns":2.0},{"damage":18.0,"enemies":"The Guardian","floor":16.0,"turns":14.0},{"damage":7.0,"enemies":"Spheric Guardian","floor":18.0,"turns":5.0},{"damage":0.0,"enemies":"3 Byrds","floor":22.0,"turns":3.0},{"damage":1.0,"enemies":"Snecko","floor":24.0,"turns":7.0},{"damage":19.0,"enemies":"Gremlin Leader","floor":29.0,"turns":11.0},{"damage":3.0,"enemies":"Cultist and Chosen","floor":31.0,"turns":8.0},{"damage":11.0,"enemies":"Automaton","floor":33.0,"turns":11.0},{"damage":27.0,"enemies":"3 Darklings","floor":35.0,"turns":5.0},{"damage":3.0,"enemies":"Mind Bloom Boss Battle","floor":36.0,"turns":8.0},{"damage":7.0,"enemies":"Orb Walker","floor":41.0,"turns":3.0},{"damage":0.0,"enemies":"Maw","floor":42.0,"turns":9.0},{"damage":18.0,"enemies":"3 Darklings","floor":45.0,"turns":7.0},{"damage":6.0,"enemies":"Jaw Worm Horde","floor":47.0,"turns":5.0},{"damage":7.0,"enemies":"Maw","floor":48.0,"turns":10.0},{"damage":52,"enemies":"Awakened One","floor":50,"turns":24},{"damage":5,"enemies":"Time Eater","floor":51,"turns":5}],"seed_played":"3101891360942524015","potions_obtained":[{"floor":1.0,"key":"SteroidPotion"},{"floor":6.0,"key":"Ancient Potion"},{"floor":10.0,"key":"SkillPotion"},{"floor":18.0,"key":"Poison Potion"},{"floor":31.0,"key":"Dexterity Potion"},{"floor":41.0,"key":"FearPotion"},{"floor":42.0,"key":"PowerPotion"},{"floor":47.0,"key":"AttackPotion"}],"is_trial":false,"path_per_floor":["M","?","$","?","M","E","R","M","T","E","R","M","M","E","R","B",null,"M","?","?","?","M","R","M","R","T","T","?","E","R","M","R","B",null,"M","?","?","T","?","R","M","M","T","?","M","?","M","M","R","B","B"],"character_chosen":"THE_SILENT","items_purchased":["Poisoned Stab"],"campfire_rested":3,"item_purchase_floors":[3],"current_hp_per_floor":[59,59,59,59,59,59,59,59,59,59,59,59,59,54,54,36,59,52,52,52,31,31,31,30,49,49,49,49,30,49,46,46,35,58,31,28,54,54,44,44,37,37,37,37,19,19,13,6,22,5,0],"gold":732,"neow_bonus":"THREE_ENEMY_KILL","is_prod":false,"is_daily":false,"chose_seed":false,"campfire_upgraded":6,"win_rate":0,"timestamp":1544131086,"path_taken":["M","?","$","?","M","E","R","M","T","E","R","?","M","E","R","BOSS","M","?","?","?","M","R","M","R","T","?","?","E","R","M","R","BOSS","M","?","?","?","?","R","M","M","T","?","M","?","M","M","R","BOSS","BOSS"],"build_version":"2018-12-06","purchased_purges":0,"victory":false,"max_hp_per_floor":[66,66,66,66,66,66,66,66,66,66,66,66,66,66,66,66,66,66,66,66,66,66,66,66,66,66,66,66,66,66,66,66,66,66,66,66,54,54,54,54,54,54,54,54,54,54,54,54,54,54,54],"card_choices":[{"not_picked":["Masterful Stab","Calculated Gamble"],"picked":"PiercingWail","floor":1.0},{"not_picked":["Slice","Outmaneuver"],"picked":"Flying Knee","floor":5.0},{"not_picked":["Corpse Explosion","Dodge and Roll"],"picked":"Dagger Spray","floor":6.0},{"not_picked":["Distraction","Catalyst"],"picked":"Dash","floor":8.0},{"not_picked":["Underhanded Strike","Prepared","Choke"],"picked":"SKIP","floor":10.0},{"not_picked":["Deadly Poison","Endless Agony"],"picked":"Well Laid Plans","floor":12.0},{"not_picked":["Endless Agony","Underhanded Strike"],"picked":"Tools of the Trade","floor":13.0},{"not_picked":["Well Laid Plans","Deflect"],"picked":"Sucker Punch","floor":14.0},{"not_picked":["Doppelganger","Bullet Time"],"picked":"Malaise","floor":16.0},{"not_picked":["Endless Agony"],"picked":"SKIP","floor":18.0},{"not_picked":["Masterful Stab"],"picked":"SKIP","floor":22.0},{"not_picked":[],"picked":"Escape Plan+1","floor":24.0},{"not_picked":["Acrobatics"],"picked":"SKIP","floor":29.0},{"not_picked":[],"picked":"Noxious Fumes","floor":31.0},{"not_picked":[],"picked":"Dodge and Roll+1","floor":35.0},{"not_picked":[],"picked":"Deep Breath","floor":39.0},{"not_picked":[],"picked":"Deep Breath","floor":39.0},{"not_picked":[],"picked":"Tactician+1","floor":41.0},{"not_picked":["Quick Slash"],"picked":"SKIP","floor":42.0},{"not_picked":["Dagger Throw+1"],"picked":"SKIP","floor":45.0},{"not_picked":[],"picked":"Deflect","floor":47.0},{"not_picked":[],"picked":"Caltrops+1","floor":48.0}],"player_experience":973579,"relics_obtained":[{"floor":6.0,"key":"Bottled Flame"},{"floor":9.0,"key":"Ninja Scroll"},{"floor":10.0,"key":"Snake Skull"},{"floor":14.0,"key":"Orichalcum"},{"floor":21.0,"key":"Nilry\u0027s Codex"},{"floor":26.0,"key":"Pen Nib"},{"floor":27.0,"key":"Smiling Mask"},{"floor":29.0,"key":"Darkstone Periapt"},{"floor":36.0,"key":"Tough Bandages"},{"floor":38.0,"key":"Oddly Smooth Stone"},{"floor":43.0,"key":"Molten Egg 2"}],"event_choices":[{"damage_healed":0.0,"max_hp_gain":0.0,"max_hp_loss":0.0,"gold_gain":0.0,"event_name":"Liars Game","player_choice":"Ignored","floor":2.0,"gold_loss":0.0,"damage_taken":0.0},{"damage_healed":0.0,"max_hp_gain":0.0,"max_hp_loss":0.0,"gold_gain":100.0,"event_name":"Wheel of Change","player_choice":"Gold","floor":4.0,"gold_loss":0.0,"damage_taken":0.0},{"damage_healed":0.0,"max_hp_gain":0.0,"max_hp_loss":0.0,"gold_gain":0.0,"event_name":"Ghosts","player_choice":"Ignored","floor":19.0,"gold_loss":0.0,"damage_taken":0.0},{"damage_healed":0.0,"max_hp_gain":0.0,"max_hp_loss":0.0,"gold_gain":0.0,"event_name":"Back to Basics","player_choice":"Simplicity","floor":20.0,"gold_loss":0.0,"damage_taken":0.0,"cards_upgraded":["Defend_G","Defend_G","Defend_G","Defend_G","Defend_G","Strike_G","Strike_G","Strike_G","Strike_G","Strike_G"]},{"damage_healed":0.0,"max_hp_gain":0.0,"max_hp_loss":0.0,"gold_gain":0.0,"event_name":"Cursed Tome","player_choice":"Obtained Book","floor":21.0,"gold_loss":0.0,"damage_taken":21.0},{"damage_healed":0.0,"max_hp_gain":0.0,"max_hp_loss":0.0,"gold_gain":0.0,"event_name":"Upgrade Shrine","player_choice":"Upgraded","floor":28.0,"gold_loss":0.0,"damage_taken":0.0,"cards_upgraded":["Well Laid Plans"]},{"damage_healed":0.0,"max_hp_gain":0.0,"max_hp_loss":0.0,"gold_gain":0.0,"event_name":"MindBloom","player_choice":"Fight","floor":36.0,"gold_loss":0.0,"damage_taken":0.0},{"damage_healed":54.0,"max_hp_gain":0.0,"max_hp_loss":12.0,"gold_gain":0.0,"event_name":"The Moai Head","player_choice":"Heal","floor":37.0,"gold_loss":0.0,"damage_taken":0.0},{"damage_healed":0.0,"max_hp_gain":0.0,"max_hp_loss":0.0,"gold_gain":0.0,"event_name":"SensoryStone","player_choice":"Memory 3","floor":39.0,"gold_loss":0.0,"damage_taken":10.0},{"damage_healed":0.0,"max_hp_gain":0.0,"max_hp_loss":0.0,"gold_gain":0.0,"event_name":"Tomb of Lord Red Mask","player_choice":"Ignored","floor":44.0,"gold_loss":0.0,"damage_taken":0.0},{"cards_removed":["Strike_G"],"damage_healed":0.0,"max_hp_gain":0.0,"max_hp_loss":0.0,"gold_gain":0.0,"event_name":"Designer","player_choice":"Upgrade and Remove","floor":46.0,"gold_loss":110.0,"damage_taken":0.0,"cards_upgraded":["Dagger Spray"]}],"is_beta":true,"boss_relics":[{"not_picked":["Ring of the Serpent","Black Star"],"picked":"Busted Crown"},{"not_picked":["HoveringKite","Tiny House"],"picked":"Lizard Tail"}],"items_purged_floors":[],"is_endless":false,"potions_floor_spawned":[1,6,10,13,18,31,41,42,47],"killed_by":"Time Eater","ascension_level":20}