{"gold_per_floor":[114,132,48,48,123,186,186,219,243,243,243,257,267,267,267,267],"floor_reached":16,"playtime":698,"items_purged":[],"score":216,"play_id":"08d98656-16a2-4951-ae01-fa8d65c8c690","local_time":"20190407140846","is_ascension_mode":true,"campfire_choices":[{"floor":7,"key":"REST"},{"data":"Shockwave","floor":10,"key":"SMITH"},{"data":"Pommel Strike","floor":15,"key":"SMITH"}],"neow_cost":"NONE","seed_source_timestamp":532380809741370,"circlet_count":0,"master_deck":["AscendersBane","Strike_R","Strike_R+1","Strike_R","Strike_R","Strike_R+1","Defend_R","Defend_R","Defend_R","Defend_R","Bash","Armaments+1","Evolve","Metallicize","Shockwave+1","Limit Break","Clothesline","Pommel Strike+1"],"relics":["Burning Blood","Tiny Chest","Pantograph","Whetstone","Kunai","Golden Idol"],"potions_floor_usage":[0,1,6,6,8,16],"damage_taken":[{"damage":7,"enemies":"Small Slimes","floor":1,"turns":3},{"damage":0,"enemies":"2 Louse","floor":2,"turns":4},{"damage":50,"enemies":"Gremlin Nob","floor":6,"turns":5},{"damage":34,"enemies":"Lagavulin","floor":8,"turns":8},{"damage":6,"enemies":"Jaw Worm","floor":12,"turns":5},{"damage":13,"enemies":"Large Slime","floor":13,"turns":7},{"damage":38,"enemies":"Hexaghost","floor":16,"turns":9}],"seed_played":"2801794003163745314","potions_obtained":[{"floor":0,"key":"AttackPotion"},{"floor":0,"key":"Fruit Juice"},{"floor":0,"key":"SneckoOil"},{"floor":1,"key":"Swift Potion"},{"floor":6,"key":"Weak Potion"},{"floor":13,"key":"AttackPotion"}],"is_trial":false,"path_per_floor":["M","M","$","?","?","E","R","E","T","R","T","M","M","?","R","B"],"character_chosen":"IRONCLAD","items_purchased":["Metallicize"],"campfire_rested":1,"item_purchase_floors":[3],"current_hp_per_floor":[72,78,78,78,67,23,47,19,19,19,19,19,12,12,12,0],"gold":267,"neow_bonus":"THREE_SMALL_POTIONS","is_prod":false,"is_daily":false,"chose_seed":false,"campfire_upgraded":2,"win_rate":0,"timestamp":1554660526,"path_taken":["M","M","$","?","?","E","R","E","T","R","?","M","M","?","R","BOSS"],"build_version":"2019-01-23","purchased_purges":0,"victory":false,"max_hp_per_floor":[80,80,80,80,80,80,80,80,80,80,80,80,80,72,72,72],"card_choices":[{"not_picked":["Cleave","Bloodletting"],"picked":"Armaments","floor":1},{"not_picked":["Reckless Charge","Anger"],"picked":"Evolve","floor":2},{"not_picked":["Pummel","True Grit"],"picked":"Shockwave","floor":6},{"not_picked":["Sword Boomerang","True Grit"],"picked":"Limit Break","floor":8},{"not_picked":["Infernal Blade","Armaments"],"picked":"Clothesline","floor":12},{"not_picked":["Fire Breathing","Armaments"],"picked":"Pommel Strike","floor":13}],"player_experience":1699334,"relics_obtained":[{"floor":6,"key":"Tiny Chest"},{"floor":8,"key":"Pantograph"},{"floor":9,"key":"Whetstone"},{"floor":11,"key":"Kunai"}],"event_choices":[{"damage_healed":0,"gold_gain":0,"player_choice":"Grow","damage_taken":0,"max_hp_gain":0,"max_hp_loss":0,"event_name":"Living Wall","floor":4,"gold_loss":0,"cards_upgraded":["Armaments"]},{"damage_healed":0,"gold_gain":75,"player_choice":"Gather Gold","damage_taken":11,"max_hp_gain":0,"max_hp_loss":0,"event_name":"World of Goop","floor":5,"gold_loss":0},{"damage_healed":0,"gold_gain":0,"player_choice":"Lose Max HP","damage_taken":0,"relics_obtained":["Golden Idol"],"max_hp_gain":0,"max_hp_loss":8,"event_name":"Golden Idol","floor":14,"gold_loss":0}],"is_beta":false,"boss_relics":[],"items_purged_floors":[],"is_endless":false,"potions_floor_spawned":[1,6,13],"killed_by":"Hexaghost","ascension_level":20}