{"path_per_floor":["M","?","M","M","?","E","R","E","T","R","E","M","M","?","R"],"character_chosen":"IRONCLAD","items_purchased":[],"gold_per_floor":[117,42,57,75,75,110,110,137,137,137,170,188,204,204,204,204],"floor_reached":16,"campfire_rested":1,"playtime":647,"current_hp_per_floor":[68,68,67,66,66,38,38,15,15,35,34,40,22,22,22,0],"items_purged":[],"gold":204,"score":210,"play_id":"cd8c1a40-4bb5-4290-8740-2bd6b5e87c54","local_time":"20180418112429","is_prod":false,"is_daily":false,"chose_seed":false,"is_ascension_mode":true,"campfire_upgraded":0,"timestamp":1524065069,"path_taken":["M","?","M","M","?","E","R","E","T","R","E","M","?","?","R","BOSS"],"build_version":"2018-04-12","seed_source_timestamp":250897255222554,"purchased_purges":0,"victory":false,"master_deck":["Strike_R","Strike_R","Strike_R","Defend_R","Defend_R","Defend_R","Bash","AscendersBane","True Grit","Combust","Battle Trance","Bludgeon","Spot Weakness","Evolve","Hemokinesis","Clothesline","Evolve"],"max_hp_per_floor":[68,68,68,68,68,68,68,68,68,68,75,75,75,75,75,75],"relics":["Burning Blood","Gambling Chip","Girya","Champion Belt","Ornamental Fan","Strawberry"],"card_choices":[{"not_picked":["Burning Pact","Flex"],"picked":"True Grit","floor":1},{"not_picked":["Infernal Blade","Wild Strike"],"picked":"Combust","floor":3},{"not_picked":["Dropkick","Wild Strike"],"picked":"Battle Trance","floor":4},{"not_picked":["Burning Pact","Intimidate"],"picked":"Bludgeon","floor":6},{"not_picked":["Reckless Charge","Cleave"],"picked":"Spot Weakness","floor":8},{"not_picked":["Headbutt","Flex"],"picked":"Evolve","floor":11},{"not_picked":["Rampage","Clash"],"picked":"Hemokinesis","floor":12},{"not_picked":["Flame Barrier","Sword Boomerang"],"picked":"Clothesline","floor":13}],"player_experience":893581,"potions_floor_usage":[6,16,16],"damage_taken":[{"damage":6,"enemies":"Cultist","floor":1,"turns":4},{"damage":7,"enemies":"Small Slimes","floor":3,"turns":4},{"damage":7,"enemies":"2 Louse","floor":4,"turns":5},{"damage":34,"enemies":"Gremlin Nob","floor":6,"turns":4},{"damage":29,"enemies":"Lagavulin","floor":8,"turns":6},{"damage":14,"enemies":"Gremlin Nob","floor":11,"turns":4},{"damage":0,"enemies":"Large Slime","floor":12,"turns":4},{"damage":24,"enemies":"Exordium Thugs","floor":13,"turns":4},{"damage":22,"enemies":"The Guardian","floor":16,"turns":7}],"event_choices":[{"event_name":"The Cleric","player_choice":"Card Removal","floor":2,"damage_taken":0},{"event_name":"Wheel of Change","player_choice":"Card Removal","floor":5,"damage_taken":0},{"event_name":"Transmorgrifier","player_choice":"Transform","floor":14,"damage_taken":0}],"boss_relics":[],"potions_floor_spawned":[1,12,13],"seed_played":"-7581258809506160541","killed_by":"The Guardian","ascension_level":15,"is_trial":false}