{"gold_per_floor":[109,109,109,123,183,183,211,211,211,44,44],"floor_reached":11,"playtime":141,"items_purged":[],"score":142,"play_id":"3bd9cb11-5232-4504-b713-6aa84d12b86c","local_time":"20190309121222","is_ascension_mode":true,"campfire_choices":[{"data":"Leg Sweep","floor":6,"key":"SMITH"},{"floor":8,"key":"REST"}],"neow_cost":"NONE","seed_source_timestamp":4336491241248,"circlet_count":0,"master_deck":["AscendersBane","Defend_G","Defend_G","Defend_G","Defend_G","Defend_G","Strike_G","Strike_G","Strike_G","Strike_G","Survivor","Neutralize","Flying Knee","Leg Sweep+1","All Out Attack","Poisoned Stab","Dash","Infinite Blades"],"relics":["Ring of the Snake","NeowsBlessing","SsserpentHead","Bottled Lightning"],"potions_floor_usage":[7],"damage_taken":[{"damage":0,"enemies":"Jaw Worm","floor":1,"turns":1},{"damage":0,"enemies":"Small Slimes","floor":4,"turns":1},{"damage":0,"enemies":"Cultist","floor":5,"turns":1},{"damage":42,"enemies":"Gremlin Nob","floor":7,"turns":6},{"damage":38,"enemies":"Lagavulin","floor":11,"turns":7}],"seed_played":"5632557882426399019","potions_obtained":[{"floor":1,"key":"GamblersBrew"}],"is_trial":false,"path_per_floor":["M","?","?","M","M","R","E","R","T","$","E"],"character_chosen":"THE_SILENT","items_purchased":["Dash","Infinite Blades"],"campfire_rested":1,"item_purchase_floors":[10,10],"current_hp_per_floor":[59,52,52,52,52,52,10,29,29,29,0],"gold":44,"neow_bonus":"THREE_ENEMY_KILL","is_prod":false,"is_daily":false,"chose_seed":false,"campfire_upgraded":1,"win_rate":0,"timestamp":1552158742,"path_taken":["M","?","?","M","?","R","E","R","T","$","E"],"build_version":"2019-02-06","purchased_purges":0,"victory":false,"max_hp_per_floor":[66,66,66,66,66,66,66,66,66,66,66],"card_choices":[{"not_picked":["Expertise","Finisher"],"picked":"Flying Knee","floor":1},{"not_picked":["Accuracy","Calculated Gamble"],"picked":"Leg Sweep","floor":4},{"not_picked":["Slice","Dagger Throw"],"picked":"All Out Attack","floor":5},{"not_picked":["Underhanded Strike","Escape Plan"],"picked":"Poisoned Stab","floor":7}],"player_experience":1167416,"relics_obtained":[{"floor":7,"key":"Bottled Lightning"}],"event_choices":[{"cards_removed":["Strike_G"],"damage_healed":0,"gold_gain":0,"player_choice":"Card Removal","damage_taken":7,"max_hp_gain":0,"max_hp_loss":0,"event_name":"Golden Wing","floor":2,"gold_loss":0},{"damage_healed":0,"gold_gain":0,"player_choice":"Trade","damage_taken":0,"relics_obtained":["SsserpentHead"],"max_hp_gain":0,"max_hp_loss":0,"event_name":"FaceTrader","floor":3,"gold_loss":0}],"is_beta":true,"boss_relics":[],"items_purged_floors":[],"is_endless":false,"potions_floor_spawned":[1],"killed_by":"Lagavulin","ascension_level":20}