{"gold_per_floor":[112,124,138,158,12,12,41,41,41,61,93,105,124,138,138,242,242,255,255,270,293,304,304,318,331,355,371,154,154,154,171,171,271,271,291,308,23,23,0,0,32,32,32,47,47],"floor_reached":45,"playtime":2996,"items_purged":["Defend_R","Defend_R"],"score":461,"play_id":"5693b6a8-4b49-4b64-a5cc-c0c70937bcf2","local_time":"20181201125514","is_ascension_mode":false,"campfire_choices":[{"data":"Whirlwind","floor":6.0,"key":"SMITH"},{"data":"Shrug It Off","floor":8.0,"key":"SMITH"},{"data":"Spot Weakness","floor":15.0,"key":"SMITH"},{"data":"Whirlwind","floor":23.0,"key":"SMITH"},{"data":"Heavy Blade","floor":29.0,"key":"SMITH"},{"data":"Flex","floor":32.0,"key":"SMITH"},{"data":"Limit Break","floor":40.0,"key":"SMITH"},{"data":"Whirlwind","floor":42.0,"key":"SMITH"}],"neow_cost":"NONE","seed_source_timestamp":0,"circlet_count":0,"master_deck":["Strike_R","Strike_R","Strike_R","Strike_R","Strike_R","Defend_R+1","Defend_R","Bash","Deep Breath","Shrug It Off+1","Whirlwind+1","Heavy Blade","Heavy Blade+1","Ghostly Armor+1","Whirlwind+1","Flex+1","Iron Wave","Whirlwind+1","Spot Weakness+1","Berserk","Headbutt","Shrug It Off+1","Metallicize+1","Inflame+1","Offering","Limit Break+1","Disarm","Fiend Fire","Regret"],"special_seed":0,"relics":["Burning Blood","Anchor","Red Skull","Kunai","Sozu","Centennial Puzzle","Nloth\u0027s Gift","Cursed Key","Oddly Smooth Stone","Red Mask","Pen Nib","Mercury Hourglass"],"potions_floor_usage":[],"damage_taken":[{"damage":1.0,"enemies":"Cultist","floor":1.0,"turns":4.0},{"damage":11.0,"enemies":"Jaw Worm","floor":2.0,"turns":3.0},{"damage":0.0,"enemies":"2 Louse","floor":3.0,"turns":1.0},{"damage":14.0,"enemies":"Red Slaver","floor":4.0,"turns":5.0},{"damage":17.0,"enemies":"Lagavulin","floor":7.0,"turns":5.0},{"damage":13.0,"enemies":"Large Slime","floor":10.0,"turns":4.0},{"damage":19.0,"enemies":"Gremlin Nob","floor":11.0,"turns":4.0},{"damage":11.0,"enemies":"Exordium Wildlife","floor":12.0,"turns":2.0},{"damage":0.0,"enemies":"Exordium Thugs","floor":13.0,"turns":2.0},{"damage":0.0,"enemies":"Looter","floor":14.0,"turns":4.0},{"damage":24.0,"enemies":"The Guardian","floor":16.0,"turns":10.0},{"damage":10.0,"enemies":"2 Thieves","floor":18.0,"turns":2.0},{"damage":2.0,"enemies":"Shell Parasite","floor":20.0,"turns":4.0},{"damage":0.0,"enemies":"Chosen and Byrds","floor":22.0,"turns":4.0},{"damage":4.0,"enemies":"Cultist and Chosen","floor":24.0,"turns":3.0},{"damage":8.0,"enemies":"Snecko","floor":25.0,"turns":4.0},{"damage":14.0,"enemies":"Sentry and Sphere","floor":27.0,"turns":4.0},{"damage":4.0,"enemies":"Snake Plant","floor":31.0,"turns":3.0},{"damage":54.0,"enemies":"Collector","floor":33.0,"turns":6.0},{"damage":7.0,"enemies":"3 Darklings","floor":35.0,"turns":2.0},{"damage":12.0,"enemies":"3 Shapes","floor":36.0,"turns":2.0},{"damage":44.0,"enemies":"Reptomancer","floor":41.0,"turns":4.0},{"damage":36,"enemies":"Writhing Mass","floor":44,"turns":3},{"damage":10,"enemies":"Spire Growth","floor":45,"turns":2}],"seed_played":"7018228937366820832","potions_obtained":[{"floor":1.0,"key":"EssenceOfSteel"},{"floor":3.0,"key":"Block Potion"},{"floor":13.0,"key":"Dexterity Potion"},{"floor":14.0,"key":"AttackPotion"},{"floor":16.0,"key":"Block Potion"}],"is_trial":false,"path_per_floor":["M","M","M","M","$","R","E","R","T","M","E","M","M","M","R","B",null,"M","?","M","T","M","R","M","M","T","M","$","R","?","M","R","B",null,"M","M","$","?","?","R","E","R","T","M","M"],"character_chosen":"IRONCLAD","items_purchased":["Anchor","Offering","Oddly Smooth Stone","Disarm"],"campfire_rested":0,"item_purchase_floors":[5,28,37,37],"current_hp_per_floor":[80,75,80,72,72,72,61,61,61,54,41,36,42,48,48,30,80,76,61,65,65,71,71,73,71,71,63,63,63,63,65,65,17,85,84,78,78,78,78,78,40,40,40,10,0],"gold":47,"neow_bonus":"RANDOM_COLORLESS","is_prod":false,"is_daily":false,"chose_seed":false,"campfire_upgraded":8,"win_rate":0,"timestamp":1543686914,"path_taken":["M","M","M","?","?","R","E","R","T","M","E","M","M","M","R","BOSS","M","?","M","?","M","R","M","M","T","M","$","R","?","M","R","BOSS","M","M","$","?","?","R","E","R","T","M","M"],"build_version":"2018-11-15","purchased_purges":2,"victory":false,"max_hp_per_floor":[80,80,80,80,80,80,80,80,80,80,80,80,80,80,80,80,80,80,85,85,85,85,85,85,85,85,85,85,85,85,85,85,85,85,85,85,85,81,81,81,81,81,81,81,81],"card_choices":[{"not_picked":["True Grit","Shockwave"],"picked":"Shrug It Off","floor":1.0},{"not_picked":["Thunderclap","Carnage"],"picked":"Whirlwind","floor":2.0},{"not_picked":["Hemokinesis","Evolve"],"picked":"Heavy Blade","floor":3.0},{"not_picked":["Evolve","Warcry"],"picked":"Heavy Blade","floor":4.0},{"not_picked":["Carnage","Sword Boomerang"],"picked":"Ghostly Armor","floor":7.0},{"not_picked":["Perfected Strike","Iron Wave"],"picked":"Whirlwind","floor":10.0},{"not_picked":["Brutality","Clothesline"],"picked":"Flex","floor":11.0},{"not_picked":["Clothesline","Flex"],"picked":"Iron Wave","floor":12.0},{"not_picked":["Dropkick","Heavy Blade"],"picked":"Whirlwind","floor":13.0},{"not_picked":["Flame Barrier","Corruption"],"picked":"Spot Weakness","floor":14.0},{"not_picked":["Brutality","Dark Embrace"],"picked":"Berserk","floor":16.0},{"not_picked":["Evolve","Warcry+1"],"picked":"Headbutt","floor":18.0},{"not_picked":["Heavy Blade","Armaments"],"picked":"Shrug It Off+1","floor":20.0},{"not_picked":["Warcry+1","Havoc"],"picked":"Metallicize+1","floor":22.0},{"not_picked":["Fire Breathing","Perfected Strike"],"picked":"Inflame+1","floor":24.0},{"not_picked":["Heavy Blade","Ghostly Armor","Sword Boomerang"],"picked":"SKIP","floor":25.0},{"not_picked":["Evolve","True Grit","Fire Breathing"],"picked":"SKIP","floor":27.0},{"not_picked":["Wild Strike+1","Thunderclap","Shrug It Off"],"picked":"SKIP","floor":31.0},{"not_picked":["Immolate","Juggernaut"],"picked":"Limit Break","floor":33.0},{"not_picked":["Clash","Thunderclap","Twin Strike+1"],"picked":"SKIP","floor":35.0},{"not_picked":["Clash","Combust","Sword Boomerang+1"],"picked":"SKIP","floor":36.0},{"not_picked":["Shrug It Off","Anger"],"picked":"Fiend Fire","floor":41.0},{"not_picked":["Heavy Blade","Wild Strike","Havoc+1"],"picked":"SKIP","floor":44}],"player_experience":428308,"relics_obtained":[{"floor":7.0,"key":"Red Skull"},{"floor":9.0,"key":"War Paint"},{"floor":11.0,"key":"Kunai"},{"floor":26.0,"key":"Centennial Puzzle"},{"floor":41.0,"key":"Pen Nib"},{"floor":43.0,"key":"Mercury Hourglass"}],"event_choices":[{"damage_healed":0.0,"max_hp_gain":5.0,"max_hp_loss":0.0,"gold_gain":0.0,"event_name":"Forgotten Altar","player_choice":"Shed Blood","floor":19.0,"gold_loss":0.0,"damage_taken":20.0},{"damage_healed":0.0,"max_hp_gain":0.0,"max_hp_loss":0.0,"gold_gain":0.0,"event_name":"N\u0027loth","player_choice":"Traded Relic","floor":30.0,"relics_lost":["War Paint"],"gold_loss":0.0,"damage_taken":0.0,"relics_obtained":["Nloth\u0027s Gift"]},{"damage_healed":0.0,"max_hp_gain":0.0,"max_hp_loss":4.0,"gold_gain":0.0,"event_name":"Winding Halls","player_choice":"Max HP","floor":38.0,"gold_loss":0.0,"damage_taken":0.0},{"damage_healed":0.0,"max_hp_gain":0.0,"max_hp_loss":0.0,"gold_gain":0.0,"event_name":"Tomb of Lord Red Mask","player_choice":"Paid","floor":39.0,"gold_loss":23.0,"damage_taken":0.0,"relics_obtained":["Red Mask"]}],"is_beta":false,"boss_relics":[{"not_picked":["Fusion Hammer","Astrolabe"],"picked":"Sozu"},{"not_picked":["Eternal Feather","Velvet Choker"],"picked":"Cursed Key"}],"items_purged_floors":[28,37],"is_endless":false,"potions_floor_spawned":[1,3,13,14,16,18,20,27,35,41],"killed_by":"Spire Growth","ascension_level":0}