{"gold_per_floor":[109,109,109,134,84,84,123,141,141,141,156,156,169,169,169,298,298,321,321,321,333,350,350,382,76,158,178,190,42,42,42,42,141,141,156,176,188,188,203,203,203,203,203,215,231,231,231,266,266,266],"floor_reached":50,"playtime":4424,"items_purged":["Writhe","Injury"],"score":644,"play_id":"d9eb615a-a16f-44ba-96b7-9ca54b79ef3f","local_time":"20180710170927","is_ascension_mode":false,"campfire_choices":[{"data":"Body Slam","floor":6.0,"key":"SMITH"},{"data":"Infernal Blade","floor":10.0,"key":"SMITH"},{"data":"Armaments","floor":15.0,"key":"SMITH"},{"data":"Barricade","floor":23.0,"key":"SMITH"},{"data":"Searing Blow","floor":32.0,"key":"SMITH"},{"data":"Searing Blow+1","floor":40.0,"key":"SMITH"},{"data":"Searing Blow+2","floor":42.0,"key":"SMITH"},{"data":"Searing Blow+3","floor":46.0,"key":"SMITH"},{"data":"Searing Blow+4","floor":49.0,"key":"SMITH"}],"neow_cost":"NONE","seed_source_timestamp":0,"circlet_count":0,"master_deck":["Strike_R","Strike_R","Strike_R","Strike_R","Defend_R","Defend_R","Defend_R","Bash","Body Slam+1","Inflame","Clash","Infernal Blade+1","Pommel Strike","Parasite","Armaments+1","Barricade+1","Uppercut+1","Searing Blow+5","Dropkick","Impervious","Clash","Body Slam+1","Madness","Immolate","Flame Barrier","Thunderclap+1","Ghostly Armor+1","Madness","Madness","Rage"],"special_seed":0,"relics":["Burning Blood","Anchor","Bloody Idol","Letter Opener","Strawberry","Self Forming Clay","Cursed Key","Oddly Smooth Stone","Lantern","Ancient Tea Set","Smiling Mask","White Beast Statue","Unceasing Top","Orichalcum"],"potions_floor_usage":[50,50],"damage_taken":[{"damage":0.0,"enemies":"2 Louse","floor":1.0,"turns":3.0},{"damage":7.0,"enemies":"Small Slimes","floor":4.0,"turns":4.0},{"damage":31.0,"enemies":"Lagavulin","floor":7.0,"turns":7.0},{"damage":1.0,"enemies":"Cultist","floor":8.0,"turns":3.0},{"damage":3.0,"enemies":"Exordium Thugs","floor":11.0,"turns":4.0},{"damage":0.0,"enemies":"2 Fungi Beasts","floor":13.0,"turns":2.0},{"damage":50.0,"enemies":"Hexaghost","floor":16.0,"turns":8.0},{"damage":15.0,"enemies":"Spheric Guardian","floor":18.0,"turns":5.0},{"damage":1.0,"enemies":"Chosen","floor":21.0,"turns":4.0},{"damage":14.0,"enemies":"Centurion and Healer","floor":22.0,"turns":4.0},{"damage":42.0,"enemies":"Slavers","floor":24.0,"turns":7.0},{"damage":20.0,"enemies":"3 Cultists","floor":27.0,"turns":6.0},{"damage":4.0,"enemies":"Chosen and Byrds","floor":28.0,"turns":5.0},{"damage":38.0,"enemies":"Automaton","floor":33.0,"turns":10.0},{"damage":0.0,"enemies":"Orb Walker","floor":35.0,"turns":2.0},{"damage":31.0,"enemies":"3 Shapes","floor":36.0,"turns":4.0},{"damage":4.0,"enemies":"Sphere and 2 Shapes","floor":37.0,"turns":4.0},{"damage":0.0,"enemies":"Maw","floor":38.0,"turns":4.0},{"damage":12.0,"enemies":"3 Darklings","floor":39.0,"turns":3.0},{"damage":6.0,"floor":41.0,"turns":5.0},{"damage":0.0,"enemies":"4 Shapes","floor":44.0,"turns":3.0},{"damage":5.0,"enemies":"Maw","floor":45.0,"turns":8.0},{"damage":26.0,"enemies":"2 Orb Walkers","floor":48.0,"turns":6.0},{"damage":61,"enemies":"Donu and Deca","floor":50,"turns":5}],"seed_played":"9071805100773879258","potions_obtained":[{"floor":8.0,"key":"FearPotion"},{"floor":11.0,"key":"Energy Potion"},{"floor":16.0,"key":"AttackPotion"},{"floor":21.0,"key":"SteroidPotion"},{"floor":27.0,"key":"PowerPotion"},{"floor":28.0,"key":"SteroidPotion"},{"floor":35.0,"key":"SkillPotion"},{"floor":36.0,"key":"LiquidBronze"},{"floor":37.0,"key":"SmokeBomb"},{"floor":39.0,"key":"Swift Potion"},{"floor":41.0,"key":"Fire Potion"},{"floor":44.0,"key":"GamblersBrew"},{"floor":45.0,"key":"SmokeBomb"},{"floor":48.0,"key":"Ancient Potion"}],"is_trial":false,"path_per_floor":["M","?","?","M","?","R","E","M","T","R","M","?","M","T","R","B",null,"M","?","?","M","M","R","E","$","T","M","M","$","?","$","R","B",null,"M","M","M","M","M","R","?","R","T","M","M","R","?","E","R"],"character_chosen":"IRONCLAD","items_purchased":["Impervious","Ancient Tea Set","Madness"],"campfire_rested":0,"item_purchase_floors":[25,25,29],"current_hp_per_floor":[80,74,74,73,73,73,48,53,60,60,63,81,81,81,81,37,81,72,72,72,81,78,78,62,62,67,58,65,65,65,65,65,38,81,81,61,68,74,73,73,73,73,73,81,81,81,71,56,56,0],"gold":266,"neow_bonus":"RANDOM_COMMON_RELIC","is_prod":false,"is_daily":false,"chose_seed":false,"campfire_upgraded":9,"win_rate":0,"timestamp":1531256967,"path_taken":["M","?","?","M","?","R","E","M","T","R","M","?","M","?","R","BOSS","M","?","?","M","M","R","E","$","T","M","M","$","?","?","R","BOSS","M","M","M","M","M","R","?","R","T","M","M","R","?","E","R","BOSS"],"build_version":"2018-07-05","purchased_purges":2,"victory":false,"max_hp_per_floor":[80,74,74,74,74,74,74,74,81,81,81,81,81,81,81,81,81,81,81,81,81,81,81,81,81,81,81,81,81,81,81,81,81,81,81,81,81,81,81,81,81,81,81,81,81,81,81,81,81,81],"card_choices":[{"not_picked":["Twin Strike","Feel No Pain"],"picked":"Body Slam","floor":1.0},{"not_picked":["Body Slam","Sentinel"],"picked":"Inflame","floor":4.0},{"not_picked":["Havoc","Thunderclap"],"picked":"Clash","floor":7.0},{"not_picked":["Uppercut","Rupture"],"picked":"Infernal Blade","floor":8.0},{"not_picked":["True Grit","Sword Boomerang"],"picked":"Pommel Strike","floor":11.0},{"not_picked":["Iron Wave","Sword Boomerang"],"picked":"Armaments","floor":13.0},{"not_picked":["Demon Form","Exhume"],"picked":"Barricade","floor":16.0},{"not_picked":["Body Slam","Corruption"],"picked":"Uppercut+1","floor":18.0},{"not_picked":["Thunderclap","Anger"],"picked":"Searing Blow","floor":21.0},{"not_picked":["Metallicize","Fire Breathing"],"picked":"Dropkick","floor":22.0},{"not_picked":["True Grit","Offering","Perfected Strike"],"picked":"SKIP","floor":24.0},{"not_picked":["Disarm","Dropkick"],"picked":"Clash","floor":27.0},{"not_picked":["Shockwave","Shrug It Off"],"picked":"Body Slam+1","floor":28.0},{"not_picked":["Fiend Fire","Dark Embrace"],"picked":"Immolate","floor":33.0},{"not_picked":["True Grit","Searing Blow"],"picked":"Flame Barrier","floor":35.0},{"not_picked":["Sentinel","Headbutt+1"],"picked":"Thunderclap+1","floor":36.0},{"not_picked":["Rupture+1","Twin Strike","Wild Strike"],"picked":"SKIP","floor":37.0},{"not_picked":["Hemokinesis","Intimidate","Iron Wave"],"picked":"SKIP","floor":39.0},{"not_picked":["Blood for Blood","Flex"],"picked":"Ghostly Armor+1","floor":41.0},{"not_picked":["Disarm","Hemokinesis","Burning Pact+1"],"picked":"SKIP","floor":44.0},{"not_picked":["Armaments","Wild Strike","Cleave+1"],"picked":"SKIP","floor":45.0},{"not_picked":["True Grit","Bludgeon"],"picked":"Rage","floor":48.0}],"player_experience":69697,"relics_obtained":[{"floor":7.0,"key":"Letter Opener"},{"floor":9.0,"key":"Strawberry"},{"floor":14.0,"key":"Self Forming Clay"},{"floor":24.0,"key":"Lantern"},{"floor":26.0,"key":"Smiling Mask"},{"floor":41.0,"key":"Unceasing Top"},{"floor":48.0,"key":"Orichalcum"}],"event_choices":[{"event_name":"Golden Idol","player_choice":"Lose Max HP","floor":2.0,"damage_taken":0.0},{"event_name":"Bonfire Elementals","player_choice":"BASIC","floor":3.0,"damage_taken":0.0},{"event_name":"The Cleric","player_choice":"Card Removal","floor":5.0,"damage_taken":0.0},{"event_name":"Mushrooms","player_choice":"Healed and dodged fight","floor":12.0,"damage_taken":0.0},{"event_name":"The Mausoleum","player_choice":"Yes","floor":19.0,"damage_taken":0.0},{"event_name":"Forgotten Altar","player_choice":"Gave Idol","floor":20.0,"damage_taken":0.0},{"event_name":"Addict","player_choice":"Ignored","floor":30.0,"damage_taken":0.0},{"event_name":"MindBloom","player_choice":"Fight","floor":41.0,"damage_taken":0.0},{"event_name":"Winding Halls","player_choice":"Embrace Madness","floor":47.0,"damage_taken":0.0}],"boss_relics":[{"not_picked":["Calling Bell","Velvet Choker"],"picked":"Cursed Key"},{"not_picked":["Coffee Dripper","Sozu"],"picked":"White Beast Statue"}],"items_purged_floors":[25,29],"is_endless":false,"potions_floor_spawned":[8,11,16,21,27,28,35,36,37,38,39,41,44,45,48],"killed_by":"Donu and Deca","ascension_level":0}