{"path_per_floor":["M","?","$","T","$","E","R","?","T","E","M","E","M","M","R","B",null,"M","?","$","?","M","R"],"character_chosen":"IRONCLAD","items_purchased":["Feel No Pain","Reckless Charge","Whetstone"],"gold_per_floor":[118,118,43,66,31,57,57,57,57,82,98,125,143,159,159,233,233,253,253,61,61,80,80,80],"floor_reached":24,"campfire_rested":0,"playtime":694,"current_hp_per_floor":[74,79,79,79,79,80,80,80,80,87,87,85,87,75,75,24,71,54,54,54,54,29,29,0],"items_purged":["Defend_R"],"gold":80,"score":459,"play_id":"412de0ae-2b6a-4007-af2b-e6abc9c8da5d","local_time":"20180415163345","is_prod":false,"is_daily":false,"chose_seed":false,"is_ascension_mode":true,"campfire_upgraded":2,"timestamp":1523824425,"path_taken":["M","?","$","?","?","E","R","?","T","E","M","E","?","M","R","BOSS","M","?","?","?","M","R","E"],"build_version":"2018-04-12","seed_source_timestamp":10179720594018,"purchased_purges":2,"victory":false,"master_deck":["Strike_R+1","Strike_R","Strike_R","Strike_R","Strike_R","Defend_R+1","Defend_R","Bash+1","AscendersBane","Thunderclap","Feel No Pain+1","Second Wind+1","Perfected Strike+1","Metallicize","Uppercut","Battle Trance","Offering","Reckless Charge+1","Reckless Charge","Headbutt+1"],"max_hp_per_floor":[75,80,80,80,80,80,80,80,80,87,87,87,87,87,87,87,87,87,87,87,87,87,87,87],"relics":["Burning Blood","NeowsBlessing","Omamori","War Paint","Letter Opener","Strawberry","Peace Pipe","White Beast Statue","Whetstone"],"card_choices":[{"not_picked":["Blood for Blood","Clash"],"picked":"Thunderclap","floor":1},{"not_picked":["Seeing Red","Reckless Charge"],"picked":"Second Wind","floor":6},{"not_picked":["Reckless Charge","Fire Breathing"],"picked":"Perfected Strike","floor":10},{"not_picked":["Reckless Charge","Flex"],"picked":"Metallicize","floor":11},{"not_picked":["Rupture","Combust"],"picked":"Uppercut","floor":13},{"not_picked":["Pummel","Sentinel"],"picked":"Battle Trance","floor":14},{"not_picked":["Brutality","Exhume"],"picked":"Offering","floor":16},{"not_picked":["Body Slam","Corruption"],"picked":"Reckless Charge","floor":18},{"not_picked":["Anger","Shrug It Off"],"picked":"Headbutt","floor":22}],"player_experience":885703,"potions_floor_usage":[12,14,14,24,24],"damage_taken":[{"damage":0,"enemies":"Small Slimes","floor":1,"turns":1},{"damage":0,"enemies":"Lagavulin","floor":6,"turns":1},{"damage":0,"enemies":"3 Sentries","floor":10,"turns":1},{"damage":0,"enemies":"2 Louse","floor":11,"turns":2},{"damage":8,"enemies":"Lagavulin","floor":12,"turns":6},{"damage":0,"enemies":"Cultist","floor":13,"turns":3},{"damage":18,"enemies":"Exordium Thugs","floor":14,"turns":4},{"damage":57,"enemies":"Hexaghost","floor":16,"turns":13},{"damage":23,"enemies":"Spheric Guardian","floor":18,"turns":4},{"damage":31,"enemies":"Chosen","floor":22,"turns":3},{"damage":45,"enemies":"Gremlin Leader","floor":24,"turns":4}],"event_choices":[{"event_name":"Big Fish","player_choice":"Donut","floor":2,"damage_taken":0},{"event_name":"Upgrade Shrine","player_choice":"Upgraded","floor":8,"damage_taken":0},{"event_name":"Vampires","player_choice":"Ignored","floor":19,"damage_taken":0},{"event_name":"Beggar","player_choice":"Ignored","floor":21,"damage_taken":0}],"boss_relics":[{"not_picked":["Pandora\u0027s Box","Snecko Eye"],"picked":"White Beast Statue"}],"potions_floor_spawned":[1,10,11,18,22],"seed_played":"927101915799520782","killed_by":"Gremlin Leader","ascension_level":15,"is_trial":false}