{"gold_per_floor":[118,138,150,6,19,19,38,70,70,80,80,109,4,32,32,132,132,149,149,159,159,67,94,108,108,156,170,197,197,197,232,232,330,330,350,84,102,102,119,119,148,148,229,243,269,269,369,99,99,99],"floor_reached":51,"playtime":5187,"items_purged":["Blade Dance+1","Parasite"],"score":898,"play_id":"ab37e335-a6af-4f56-a513-af158e5bf66a","local_time":"20190428154556","is_ascension_mode":true,"campfire_choices":[{"data":"Neutralize","floor":6,"key":"SMITH"},{"data":"Bouncing Flask","floor":11,"key":"SMITH"},{"floor":15,"key":"REST"},{"data":"Footwork","floor":25,"key":"SMITH"},{"data":"Decay","floor":30,"key":"PURGE"},{"data":"Sucker Punch","floor":32,"key":"SMITH"},{"floor":40,"key":"REST"},{"data":"Leg Sweep","floor":42,"key":"SMITH"},{"data":"After Image","floor":49,"key":"SMITH"}],"neow_cost":"NONE","seed_source_timestamp":12161953898018,"circlet_count":0,"master_deck":["Defend_G+1","Defend_G+1","Defend_G+1","Defend_G+1","Defend_G+1","Strike_G+1","Strike_G+1","Survivor","Neutralize+1","Poisoned Stab","PiercingWail","Quick Slash","Well Laid Plans","Bouncing Flask+1","Escape Plan","Well Laid Plans","Sucker Punch+1","Cloak And Dagger","Dash","Footwork+1","Leg Sweep+1","Tools of the Trade","Skewer+1","Underhanded Strike","Poisoned Stab+1","Tactician+1","A Thousand Cuts+1","Wraith Form v2+1","Sucker Punch+1","Blur+1","PiercingWail+1","Blur+1","Backflip+1","After Image+1","Bouncing Flask+1"],"relics":["Ring of the Snake","Pen Nib","Dodecahedron","Peace Pipe","Mercury Hourglass","Velvet Choker","PreservedInsect","Oddly Smooth Stone","Juzu Bracelet","Potion Belt","Toxic Egg 2","Astrolabe","Lee\u0027s Waffle","Sundial","Pear","Bottled Tornado","Turnip"],"potions_floor_usage":[41,50,50,50,50],"damage_taken":[{"damage":1,"enemies":"Cultist","floor":1,"turns":4},{"damage":5,"enemies":"Jaw Worm","floor":2,"turns":5},{"damage":3,"enemies":"Small Slimes","floor":3,"turns":3},{"damage":1,"enemies":"Red Slaver","floor":5,"turns":4},{"damage":10,"enemies":"Lots of Slimes","floor":7,"turns":4},{"damage":7,"enemies":"Lagavulin","floor":8,"turns":8},{"damage":14,"enemies":"Gremlin Gang","floor":10,"turns":5},{"damage":15,"enemies":"Gremlin Nob","floor":12,"turns":4},{"damage":3,"enemies":"3 Sentries","floor":14,"turns":10},{"damage":9,"enemies":"The Guardian","floor":16,"turns":10},{"damage":0,"enemies":"Shell Parasite","floor":18,"turns":6},{"damage":0,"enemies":"Chosen","floor":20,"turns":3},{"damage":0,"enemies":"Slavers","floor":23,"turns":4},{"damage":0,"enemies":"Snake Plant","floor":24,"turns":3},{"damage":0,"enemies":"Snecko","floor":27,"turns":4},{"damage":10,"enemies":"Book of Stabbing","floor":28,"turns":4},{"damage":10,"enemies":"Slavers","floor":31,"turns":5},{"damage":23,"enemies":"Automaton","floor":33,"turns":9},{"damage":0,"enemies":"Orb Walker","floor":35,"turns":3},{"damage":7,"enemies":"3 Darklings","floor":37,"turns":6},{"damage":16,"enemies":"Jaw Worm Horde","floor":39,"turns":5},{"damage":0,"enemies":"Giant Head","floor":41,"turns":8},{"damage":0,"enemies":"Writhing Mass","floor":44,"turns":7},{"damage":0,"enemies":"Reptomancer","floor":45,"turns":7},{"damage":0,"enemies":"Mind Bloom Boss Battle","floor":47,"turns":8},{"damage":4,"enemies":"Awakened One","floor":50,"turns":18}],"seed_played":"5054499087462941394","potions_obtained":[{"floor":2,"key":"GhostInAJar"},{"floor":3,"key":"PowerPotion"},{"floor":5,"key":"Strength Potion"},{"floor":20,"key":"AttackPotion"},{"floor":31,"key":"AttackPotion"},{"floor":39,"key":"GhostInAJar"},{"floor":41,"key":"PowerPotion"},{"floor":47,"key":"Regen Potion"}],"is_trial":false,"path_per_floor":["M","M","M","$","M","R","M","E","T","M","R","E","$","E","R","B",null,"M","?","M","?","?","E","M","R","T","M","E","?","R","E","R","B",null,"M","$","M","?","M","R","E","R","T","M","E","?","?","$","R","B",null],"character_chosen":"THE_SILENT","items_purchased":["Well Laid Plans","Bouncing Flask","Footwork","Leg Sweep","Lee\u0027s Waffle","Dexterity Potion","Dexterity Potion","Bouncing Flask+1"],"campfire_rested":2,"item_purchase_floors":[4,4,13,13,36,48,48,48],"current_hp_per_floor":[76,71,68,68,67,67,57,50,50,36,36,21,21,18,41,32,77,77,77,77,77,77,77,77,77,77,77,67,67,67,57,57,34,77,77,84,77,77,61,84,84,84,94,94,94,89,89,86,86,86],"gold":99,"neow_bonus":"TEN_PERCENT_HP_BONUS","is_prod":false,"is_daily":false,"chose_seed":false,"campfire_upgraded":6,"win_rate":0,"timestamp":1556459156,"path_taken":["M","?","M","$","M","R","M","E","T","M","R","E","$","E","R","BOSS","M","?","M","?","?","E","M","R","T","M","E","?","R","E","R","BOSS","M","$","M","?","M","R","E","R","T","M","E","?","?","?","R","BOSS"],"build_version":"2019-01-23","purchased_purges":2,"victory":true,"max_hp_per_floor":[77,77,77,77,77,77,77,77,77,77,77,77,77,77,77,77,77,77,77,77,77,77,77,77,77,77,77,77,77,77,77,77,77,77,77,84,84,84,84,84,84,84,94,94,94,89,89,86,86,86],"card_choices":[{"not_picked":["Cloak And Dagger","Footwork"],"picked":"Poisoned Stab","floor":1},{"not_picked":["Deflect","Blade Dance"],"picked":"PiercingWail","floor":2},{"not_picked":["Predator","Underhanded Strike"],"picked":"Quick Slash","floor":3},{"not_picked":["Outmaneuver","Underhanded Strike"],"picked":"Escape Plan","floor":5},{"not_picked":["Flying Knee","Outmaneuver"],"picked":"Well Laid Plans","floor":7},{"not_picked":["Escape Plan","Quick Slash"],"picked":"Sucker Punch","floor":8},{"not_picked":["Sucker Punch","Underhanded Strike"],"picked":"Cloak And Dagger","floor":10},{"not_picked":["Quick Slash","Outmaneuver"],"picked":"Dash","floor":12},{"not_picked":["Envenom","Leg Sweep","Distraction"],"picked":"SKIP","floor":14},{"not_picked":["Doppelganger","Night Terror"],"picked":"Tools of the Trade","floor":16},{"not_picked":["Slice","Endless Agony+1"],"picked":"Skewer+1","floor":18},{"not_picked":["Deflect","Sucker Punch"],"picked":"Underhanded Strike","floor":20},{"not_picked":["Flechettes","Endless Agony","Flying Knee+1"],"picked":"SKIP","floor":23},{"not_picked":["Underhanded Strike","Leg Sweep"],"picked":"Poisoned Stab+1","floor":24},{"not_picked":["Caltrops+1","Deflect+1","Bane"],"picked":"SKIP","floor":27},{"not_picked":["Leg Sweep","Night Terror"],"picked":"Tactician+1","floor":28},{"not_picked":["PiercingWail","Bane","Well Laid Plans"],"picked":"SKIP","floor":31},{"not_picked":["Slice+1","Calculated Gamble+1"],"picked":"Sucker Punch+1","floor":35},{"not_picked":["Well Laid Plans+1","Flying Knee+1"],"picked":"Blur+1","floor":37},{"not_picked":["Prepared+1","Dagger Spray"],"picked":"PiercingWail+1","floor":39},{"not_picked":["Outmaneuver+1","Quick Slash+1"],"picked":"Blur+1","floor":41},{"not_picked":["Concentrate+1","Bane","Deflect+1"],"picked":"SKIP","floor":44},{"not_picked":["Predator","Underhanded Strike+1"],"picked":"Backflip+1","floor":45},{"not_picked":["Slice+1","Flying Knee"],"picked":"After Image","floor":47}],"player_experience":294420,"relics_obtained":[{"floor":8,"key":"Pen Nib"},{"floor":9,"key":"Dodecahedron"},{"floor":12,"key":"Peace Pipe"},{"floor":14,"key":"Mercury Hourglass"},{"floor":23,"key":"Oddly Smooth Stone"},{"floor":26,"key":"Juzu Bracelet"},{"floor":28,"key":"Potion Belt"},{"floor":31,"key":"Toxic Egg 2"},{"floor":41,"key":"Sundial"},{"floor":43,"key":"Pear"},{"floor":45,"key":"Bottled Tornado"},{"floor":47,"key":"Turnip"}],"event_choices":[{"damage_healed":0,"gold_gain":0,"player_choice":"Smashed Altar","damage_taken":0,"max_hp_gain":0,"max_hp_loss":0,"event_name":"Forgotten Altar","floor":19,"gold_loss":0,"cards_obtained":["Decay"]},{"damage_healed":0,"gold_gain":0,"player_choice":"Simplicity","damage_taken":0,"max_hp_gain":0,"max_hp_loss":0,"event_name":"Back to Basics","floor":21,"gold_loss":0,"cards_upgraded":["Defend_G","Defend_G","Defend_G","Defend_G","Defend_G","Strike_G","Strike_G","Strike_G","Strike_G","Strike_G"]},{"damage_healed":0,"gold_gain":0,"player_choice":"Paid Gold","damage_taken":0,"relics_obtained":["PreservedInsect"],"max_hp_gain":0,"max_hp_loss":0,"event_name":"WeMeetAgain","floor":22,"gold_loss":92},{"damage_healed":0,"gold_gain":0,"player_choice":"Ignored","damage_taken":0,"max_hp_gain":0,"max_hp_loss":0,"event_name":"NoteForYourself","floor":29,"gold_loss":0},{"damage_healed":0,"gold_gain":0,"player_choice":"0 cards matched","damage_taken":0,"max_hp_gain":0,"max_hp_loss":0,"event_name":"Match and Keep!","floor":38,"gold_loss":0,"cards_obtained":[]},{"damage_healed":0,"gold_gain":0,"player_choice":"Max HP","damage_taken":0,"max_hp_gain":0,"max_hp_loss":5,"event_name":"Winding Halls","floor":46,"gold_loss":0},{"damage_healed":0,"gold_gain":0,"player_choice":"Fight","damage_taken":0,"max_hp_gain":0,"max_hp_loss":0,"event_name":"MindBloom","floor":47,"gold_loss":0}],"is_beta":false,"boss_relics":[{"not_picked":["Runic Pyramid","Runic Dome"],"picked":"Velvet Choker"},{"not_picked":["HoveringKite","White Beast Statue"],"picked":"Astrolabe"}],"items_purged_floors":[36,48],"is_endless":false,"potions_floor_spawned":[2,3,5,7,20,24,31,39,41,45,47],"ascension_level":1}