{"gold_per_floor":[113,41,41,41,54,54,85,85,85,128,140,152,197,43,43,140,140,151,166,166,166,198,198,230,250,250,250,285,299,312,15,15,111,111,127,127,145,145,161,161,178,178,178,178,191,217,217,37,37,37],"floor_reached":51,"playtime":2833,"items_purged":["Zap","Strike_B"],"score":1118,"play_id":"9bb1a56d-9304-4847-a48d-5911d3985eff","local_time":"20180909163910","is_ascension_mode":true,"campfire_choices":[{"data":"Rebound","floor":6,"key":"SMITH"},{"floor":8,"key":"REST"},{"data":"Beam Cell","floor":12,"key":"SMITH"},{"data":"Steam","floor":15,"key":"SMITH"},{"data":"Reinforced Body","floor":23,"key":"SMITH"},{"floor":27,"key":"REST"},{"floor":32,"key":"REST"},{"data":"Steam","floor":40,"key":"SMITH"},{"data":"Defend_B","floor":42,"key":"SMITH"},{"data":"Defend_B","floor":47,"key":"SMITH"},{"floor":49,"key":"REST"}],"neow_cost":"NONE","seed_source_timestamp":247750094113717,"circlet_count":0,"master_deck":["Strike_B","Strike_B","Strike_B","Defend_B+1","Defend_B","Defend_B+1","Defend_B+1","Rebound","Hyperbeam+1","Rebound+1","Beam Cell+1","Steam+1","Regret","Steam+1","Flash of Steel+1","Hyperbeam+1","Reinforced Body+1","RitualDagger+1","Beam Cell+1","Go for the Eyes+1","Violence","Sweeping Beam+1","Skim+1","Hologram+1","Leap+1","Fusion","Flash of Steel+1"],"relics":["Cracked Core","Thread and Needle","MawBank","Bag of Marbles","Molten Egg 2","Cables","Busted Crown","Red Mask","StoneCalendar","War Paint","Meat on the Bone","Potion Belt","White Beast Statue","Ornamental Fan","Oddly Smooth Stone","Bronze Scales"],"potions_floor_usage":[24,33,33,33,46,50,50,50,50],"damage_taken":[{"damage":0,"enemies":"Small Slimes","floor":1,"turns":3},{"damage":2,"enemies":"Jaw Worm","floor":5,"turns":2},{"damage":35,"enemies":"Lagavulin","floor":7,"turns":4},{"damage":0,"enemies":"3 Sentries","floor":10,"turns":2},{"damage":22,"enemies":"Lagavulin","floor":13,"turns":6},{"damage":24,"enemies":"Hexaghost","floor":16,"turns":7},{"damage":0,"enemies":"Spheric Guardian","floor":18,"turns":3},{"damage":1,"enemies":"3 Byrds","floor":19,"turns":2},{"damage":0,"enemies":"Colosseum Slavers","floor":20,"turns":1},{"damage":0,"enemies":"Masked Bandits","floor":22,"turns":1},{"damage":1,"enemies":"Slavers","floor":24,"turns":4},{"damage":0,"enemies":"3 Cultists","floor":25,"turns":1},{"damage":18,"enemies":"Book of Stabbing","floor":28,"turns":3},{"damage":14,"enemies":"Snecko","floor":29,"turns":3},{"damage":0,"enemies":"Sentry and Sphere","floor":30,"turns":3},{"damage":32,"enemies":"Collector","floor":33,"turns":7},{"damage":2,"enemies":"3 Shapes","floor":35,"turns":4},{"damage":0,"enemies":"Orb Walker","floor":37,"turns":3},{"damage":6,"enemies":"4 Shapes","floor":39,"turns":2},{"damage":2,"enemies":"Reptomancer","floor":41,"turns":3},{"damage":0,"enemies":"3 Darklings","floor":45,"turns":2},{"damage":4,"enemies":"Nemesis","floor":46,"turns":3},{"damage":21,"enemies":"Awakened One","floor":50,"turns":12}],"seed_played":"6908275528190440571","potions_obtained":[{"floor":10,"key":"SkillPotion"},{"floor":18,"key":"GamblersBrew"},{"floor":28,"key":"SpeedPotion"},{"floor":29,"key":"Explosive Potion"},{"floor":35,"key":"EssenceOfSteel"},{"floor":37,"key":"Ancient Potion"},{"floor":39,"key":"Dexterity Potion"},{"floor":41,"key":"Swift Potion"},{"floor":45,"key":"PowerPotion"},{"floor":46,"key":"Swift Potion"}],"is_trial":false,"path_per_floor":["M","$","?","?","M","R","E","R","T","E","?","R","E","$","R","B",null,"M","M","?","?","?","R","E","M","T","R","E","M","M","$","R","B",null,"M","?","M","?","M","R","M","R","T","T","M","E","R","$","R","B"],"character_chosen":"DEFECT","items_purchased":["Hyperbeam","Flash of Steel+1","Go for the Eyes+1","Potion Belt","Fusion","Flash of Steel+1"],"campfire_rested":4,"item_purchase_floors":[2,14,31,31,48,48],"current_hp_per_floor":[75,75,75,75,73,73,38,62,62,62,62,62,40,40,40,16,66,66,65,65,59,59,59,58,58,58,82,64,50,50,50,74,42,72,70,70,70,70,64,64,62,62,62,62,62,58,58,58,82,61],"gold":37,"neow_bonus":"TEN_PERCENT_HP_BONUS","is_prod":false,"is_daily":false,"chose_seed":false,"campfire_upgraded":7,"win_rate":0,"timestamp":1536525550,"path_taken":["M","$","?","?","?","R","E","R","T","E","?","R","E","?","R","BOSS","M","M","?","?","?","R","E","M","T","R","E","M","?","$","R","BOSS","M","?","M","?","M","R","M","R","T","?","M","E","R","$","R","BOSS"],"build_version":"2018-09-06","purchased_purges":2,"victory":true,"max_hp_per_floor":[82,82,82,82,82,82,82,82,82,82,82,82,82,82,82,82,82,82,82,82,82,82,82,82,82,82,82,82,82,82,82,82,82,82,82,82,82,82,82,82,82,82,82,82,82,82,82,82,82,82],"card_choices":[{"not_picked":["Hologram","Recycle"],"picked":"Rebound","floor":1},{"not_picked":["Redo","Force Field"],"picked":"Rebound","floor":5},{"not_picked":["Streamline","Conserve Battery"],"picked":"Beam Cell","floor":7},{"not_picked":["All For One","FTL"],"picked":"Steam","floor":10},{"not_picked":["Hologram","Force Field"],"picked":"Steam","floor":13},{"not_picked":["Thunder Strike+1","Machine Learning"],"picked":"Hyperbeam+1","floor":16},{"not_picked":["Chaos"],"picked":"SKIP","floor":18},{"not_picked":[],"picked":"Reinforced Body","floor":19},{"not_picked":["Streamline+1"],"picked":"SKIP","floor":24},{"not_picked":[],"picked":"Beam Cell+1","floor":25},{"not_picked":["Chaos"],"picked":"SKIP","floor":28},{"not_picked":["Compile Driver+1"],"picked":"SKIP","floor":29},{"not_picked":["Turbo"],"picked":"SKIP","floor":30},{"not_picked":["Melter+1"],"picked":"SKIP","floor":35},{"not_picked":[],"picked":"Violence","floor":36},{"not_picked":["Turbo"],"picked":"SKIP","floor":37},{"not_picked":[],"picked":"Sweeping Beam+1","floor":39},{"not_picked":[],"picked":"Skim+1","floor":41},{"not_picked":[],"picked":"Hologram+1","floor":45},{"not_picked":[],"picked":"Leap+1","floor":46}],"player_experience":403601,"relics_obtained":[{"floor":7,"key":"Thread and Needle"},{"floor":9,"key":"MawBank"},{"floor":10,"key":"Bag of Marbles"},{"floor":13,"key":"Cables"},{"floor":22,"key":"Red Mask"},{"floor":24,"key":"StoneCalendar"},{"floor":26,"key":"War Paint"},{"floor":28,"key":"Meat on the Bone"},{"floor":43,"key":"Ornamental Fan"},{"floor":44,"key":"Oddly Smooth Stone"},{"floor":46,"key":"Bronze Scales"}],"event_choices":[{"event_name":"Liars Game","player_choice":"disagreed","floor":3,"damage_taken":0},{"event_name":"Living Wall","player_choice":"Grow","floor":4,"damage_taken":0},{"event_name":"Big Fish","player_choice":"Box","floor":11,"damage_taken":0},{"event_name":"Colosseum","player_choice":"Fight","floor":20,"damage_taken":0},{"event_name":"Colosseum","player_choice":"Fled From Nobs","floor":20,"damage_taken":0},{"event_name":"Nest","player_choice":"Joined the Cult","floor":21,"damage_taken":0},{"event_name":"Masked Bandits","player_choice":"Fought Bandits","floor":22,"damage_taken":0},{"event_name":"SensoryStone","player_choice":"Memory 1","floor":36,"damage_taken":0},{"event_name":"Falling","player_choice":"Removed Skill","floor":38,"damage_taken":0}],"is_beta":false,"boss_relics":[{"not_picked":["Coffee Dripper","Ectoplasm"],"picked":"Busted Crown"},{"not_picked":["Fusion Hammer","Inserter"],"picked":"White Beast Statue"}],"items_purged_floors":[14,31],"is_endless":false,"potions_floor_spawned":[10,18,28,29,35,37,39,41,45,46],"ascension_level":9}