{"gold_per_floor":[109,109,125,51,64,64,104,104,104,124,143,143,171,171,171,269,269,288,303,85,85,98,98,119,119,119,119,119,138,153,68,68,158,158,173,196,196,196,196,196,229,242,266,278,313,365,377,722,734,746,758,770,782,100,126,126],"floor_reached":56,"playtime":3599,"items_purged":["Strike_G"],"score":1810,"play_id":"e5050772-056d-46d2-9239-865136756665","local_time":"20190217164014","is_ascension_mode":true,"campfire_choices":[{"data":"Leg Sweep","floor":6.0,"key":"SMITH"},{"floor":8.0,"key":"REST"},{"data":"Footwork","floor":12.0,"key":"SMITH"},{"data":"Caltrops","floor":15.0,"key":"SMITH"},{"data":"Cloak And Dagger","floor":23.0,"key":"SMITH"},{"data":"Malaise","floor":25.0,"key":"SMITH"},{"floor":27.0,"key":"REST"},{"data":"Footwork","floor":32.0,"key":"SMITH"},{"floor":40.0,"key":"REST"},{"floor":44.0,"key":"RECALL"},{"floor":49,"key":"REST"},{"floor":53,"key":"REST"}],"neow_cost":"TEN_PERCENT_HP_LOSS","seed_source_timestamp":191477034274211,"circlet_count":0,"master_deck":["AscendersBane","Defend_G","Defend_G","Defend_G","Defend_G","Defend_G","Strike_G","Survivor","Neutralize","Master of Strategy","Flying Knee","Cloak And Dagger","Footwork+1","Leg Sweep+1","Cloak And Dagger+1","All Out Attack","Caltrops+1","Malaise+1","Secret Technique+1","Sucker Punch+1","Crippling Poison+1","Backstab","Dodge and Roll+1","PiercingWail","Finesse","Backstab+1","Crippling Poison+1","Footwork+1","Tools of the Trade","Well Laid Plans+1","Panache","Malaise","Dash","After Image","Master of Strategy","Poisoned Stab+1","Deflect","PiercingWail"],"special_seed":0,"relics":["Ring of the Snake","Pantograph","Shuriken","Odd Mushroom","Astrolabe","Kunai","Bag of Preparation","Fusion Hammer","Centennial Puzzle","MawBank","Molten Egg 2","Membership Card","StoneCalendar","Oddly Smooth Stone"],"potions_floor_usage":[55,56,56],"damage_taken":[{"damage":2.0,"enemies":"Cultist","floor":1.0,"turns":5.0},{"damage":5.0,"enemies":"Small Slimes","floor":3.0,"turns":4.0},{"damage":0.0,"enemies":"Jaw Worm","floor":5.0,"turns":6.0},{"damage":24.0,"enemies":"3 Sentries","floor":7.0,"turns":19.0},{"damage":1.0,"enemies":"Exordium Wildlife","floor":10.0,"turns":6.0},{"damage":2.0,"enemies":"Large Slime","floor":11.0,"turns":9.0},{"damage":0.0,"enemies":"The Mushroom Lair","floor":13.0,"turns":5.0},{"damage":24.0,"enemies":"Hexaghost","floor":16.0,"turns":12.0},{"damage":2.0,"enemies":"3 Byrds","floor":18.0,"turns":4.0},{"damage":6.0,"enemies":"Spheric Guardian","floor":19.0,"turns":6.0},{"damage":4.0,"enemies":"Cultist and Chosen","floor":22.0,"turns":9.0},{"damage":36.0,"enemies":"3 Cultists","floor":24.0,"turns":6.0},{"damage":5.0,"enemies":"Colosseum Slavers","floor":28.0,"turns":6.0},{"damage":0.0,"enemies":"Centurion and Healer","floor":29.0,"turns":10.0},{"damage":1.0,"enemies":"Snake Plant","floor":30.0,"turns":4.0},{"damage":20.0,"enemies":"Champ","floor":33.0,"turns":24.0},{"damage":6.0,"enemies":"Orb Walker","floor":35.0,"turns":4.0},{"damage":0.0,"enemies":"3 Shapes","floor":36.0,"turns":5.0},{"damage":10.0,"enemies":"Reptomancer","floor":41.0,"turns":12.0},{"damage":1.0,"enemies":"Sphere and 2 Shapes","floor":42.0,"turns":5.0},{"damage":4.0,"enemies":"Maw","floor":45.0,"turns":10.0},{"damage":20.0,"enemies":"Nemesis","floor":46.0,"turns":12.0},{"damage":28,"enemies":"Time Eater","floor":50,"turns":23},{"damage":40,"enemies":"Donu and Deca","floor":51,"turns":21},{"damage":19,"enemies":"Shield and Spear","floor":55,"turns":14},{"damage":64,"enemies":"The Heart","floor":56,"turns":15}],"seed_played":"-1669478496555968579","potions_obtained":[{"floor":7.0,"key":"Dexterity Potion"},{"floor":11.0,"key":"Ancient Potion"},{"floor":13.0,"key":"Block Potion"},{"floor":19.0,"key":"FearPotion"},{"floor":22.0,"key":"Weak Potion"},{"floor":29.0,"key":"SmokeBomb"},{"floor":42.0,"key":"GhostInAJar"},{"floor":55,"key":"EssenceOfSteel"}],"is_trial":false,"path_per_floor":["M","?","M","$","M","R","E","R","T","M","M","R","?","?","R","B",null,"M","M","$","?","M","R","M","R","T","R","?","M","M","$","R","B",null,"M","M","?","T","?","R","E","M","T","R","M","E","?","?","R","B","B",null,"R","$","E","B"],"character_chosen":"THE_SILENT","items_purchased":["Footwork","Well Laid Plans","PiercingWail","Finesse","Footwork","Membership Card","After Image","EssenceOfSteel","Master of Strategy","Poisoned Stab+1","Deflect","StoneCalendar"],"campfire_rested":5,"item_purchase_floors":[4,20,20,20,31,54,54,54,54,54,54,54],"current_hp_per_floor":[57,36,31,31,31,31,7,25,25,24,22,22,22,22,22,23,51,49,43,43,43,39,39,3,3,3,21,16,16,15,15,15,20,50,44,44,39,39,39,57,47,46,46,46,42,22,22,22,40,32,17,49,60,60,41,0],"gold":126,"neow_bonus":"RANDOM_COLORLESS_2","is_prod":false,"is_daily":false,"chose_seed":false,"campfire_upgraded":6,"win_rate":0,"timestamp":1550446814,"path_taken":["M","?","M","$","M","R","E","R","T","M","M","R","?","?","R","BOSS","M","M","$","?","?","R","M","R","T","R","?","M","M","?","R","BOSS","M","M","?","?","?","R","E","M","T","R","?","E","?","?","R","BOSS","BOSS","R","$","E","BOSS"],"build_version":"2019-02-06","purchased_purges":1,"victory":false,"max_hp_per_floor":[60,60,60,60,60,60,60,60,60,60,60,60,60,60,60,60,60,60,60,60,60,60,60,60,60,60,60,60,60,60,60,60,60,60,60,60,60,60,60,60,60,60,60,60,60,60,60,60,60,60,60,60,60,60,60,60],"card_choices":[{"not_picked":["Acrobatics","Sucker Punch"],"picked":"Flying Knee","floor":1.0},{"not_picked":["Bane","Bouncing Flask"],"picked":"Cloak And Dagger","floor":3.0},{"not_picked":["A Thousand Cuts","Terror"],"picked":"Leg Sweep","floor":5.0},{"not_picked":["Prepared","Deflect"],"picked":"Cloak And Dagger","floor":7.0},{"not_picked":["Heel Hook","Expertise"],"picked":"All Out Attack","floor":10.0},{"not_picked":["Backflip","Underhanded Strike"],"picked":"Caltrops","floor":11.0},{"not_picked":["A Thousand Cuts","Burst"],"picked":"Malaise","floor":16.0},{"not_picked":["Prepared+1","Flying Knee+1"],"picked":"Backstab","floor":18.0},{"not_picked":["Deflect","Terror"],"picked":"Dodge and Roll+1","floor":19.0},{"not_picked":["Blade Dance","PiercingWail"],"picked":"Backstab+1","floor":22.0},{"not_picked":["Phantasmal Killer","Sucker Punch","Tactician"],"picked":"SKIP","floor":24.0},{"not_picked":["Dagger Throw+1","Dagger Spray"],"picked":"Crippling Poison+1","floor":29.0},{"not_picked":["Dagger Throw","Poisoned Stab","Quick Slash"],"picked":"SKIP","floor":30.0},{"not_picked":["Storm of Steel","Grand Finale"],"picked":"Tools of the Trade","floor":33.0},{"not_picked":["Slice","Distraction+1"],"picked":"Well Laid Plans+1","floor":35.0},{"not_picked":["Slice","Dagger Spray","Flying Knee+1"],"picked":"SKIP","floor":36.0},{"not_picked":["Panacea","Dramatic Entrance"],"picked":"Panache","floor":37.0},{"not_picked":["Slice","Blade Dance"],"picked":"Dash","floor":41.0},{"not_picked":["Finisher","Quick Slash","All Out Attack"],"picked":"SKIP","floor":42.0},{"not_picked":["Predator","Eviscerate+1","Bane"],"picked":"SKIP","floor":45.0},{"not_picked":["Dagger Spray","Finisher+1","Bane"],"picked":"SKIP","floor":46.0},{"not_picked":["Underhanded Strike+1","Bane+1"],"picked":"PiercingWail","floor":55}],"player_experience":1104134,"relics_obtained":[{"floor":7.0,"key":"Pantograph"},{"floor":9.0,"key":"Shuriken"},{"floor":13.0,"key":"Odd Mushroom"},{"floor":26.0,"key":"Bag of Preparation"},{"floor":41.0,"key":"Centennial Puzzle"},{"floor":43.0,"key":"MawBank"},{"floor":46.0,"key":"Molten Egg 2"},{"floor":55,"key":"Oddly Smooth Stone"}],"event_choices":[{"damage_healed":0.0,"max_hp_gain":0.0,"max_hp_loss":0.0,"gold_gain":0.0,"event_name":"Golden Idol","player_choice":"Take Damage","floor":2.0,"gold_loss":0.0,"damage_taken":21.0,"relics_obtained":["Golden Idol"]},{"damage_healed":0.0,"max_hp_gain":0.0,"max_hp_loss":0.0,"gold_gain":0.0,"event_name":"Mushrooms","player_choice":"Fought Mushrooms","floor":13.0,"gold_loss":0.0,"damage_taken":0.0},{"cards_removed":["Strike_G"],"damage_healed":0.0,"max_hp_gain":0.0,"max_hp_loss":0.0,"gold_gain":0.0,"event_name":"Living Wall","player_choice":"Forget","floor":14.0,"gold_loss":0.0,"damage_taken":0.0},{"damage_healed":0.0,"max_hp_gain":0.0,"max_hp_loss":0.0,"gold_gain":0.0,"event_name":"WeMeetAgain","player_choice":"Gave Potion","floor":21.0,"gold_loss":0.0,"damage_taken":0.0,"relics_obtained":["Kunai"]},{"damage_healed":0.0,"max_hp_gain":0.0,"max_hp_loss":0.0,"gold_gain":0.0,"event_name":"Colosseum","player_choice":"Fight","floor":28.0,"gold_loss":0.0,"damage_taken":0.0},{"damage_healed":0.0,"max_hp_gain":0.0,"max_hp_loss":0.0,"gold_gain":0.0,"event_name":"Colosseum","player_choice":"Fled From Nobs","floor":28.0,"gold_loss":0.0,"damage_taken":0.0},{"damage_healed":0.0,"max_hp_gain":0.0,"max_hp_loss":0.0,"gold_gain":0.0,"event_name":"SensoryStone","player_choice":"Memory 2","floor":37.0,"gold_loss":0.0,"damage_taken":5.0},{"damage_healed":0.0,"max_hp_gain":0.0,"max_hp_loss":0.0,"gold_gain":0.0,"cards_transformed":["Well Laid Plans"],"event_name":"Transmorgrifier","player_choice":"Transformed","floor":39.0,"gold_loss":0.0,"damage_taken":0.0,"cards_obtained":["Malaise"]},{"damage_healed":0,"gold_gain":0,"player_choice":"Ignored","damage_taken":0,"max_hp_gain":0,"max_hp_loss":0,"event_name":"Mysterious Sphere","floor":47,"gold_loss":0},{"damage_healed":0,"gold_gain":333,"player_choice":"Gave Idol","damage_taken":0,"max_hp_gain":0,"max_hp_loss":0,"event_name":"The Moai Head","floor":48,"relics_lost":["Golden Idol"],"gold_loss":0}],"is_beta":true,"boss_relics":[{"not_picked":["Ring of the Serpent","Eternal Feather"],"picked":"Astrolabe"},{"not_picked":["WristBlade","Philosopher\u0027s Stone"],"picked":"Fusion Hammer"}],"items_purged_floors":[54],"is_endless":false,"potions_floor_spawned":[7,11,13,19,22,28,29,42,55],"killed_by":"The Heart","ascension_level":20}