{"gold_per_floor":[113,113,1,1,20,46,64,98,168,178,193,205,205,228,228,317,317,338,338,363,378,392,392,435,106,106,125,50,74,74],"floor_reached":30,"playtime":1621,"items_purged":["Writhe"],"score":506,"play_id":"816018d4-3211-4679-8f8c-144f4b8fdb0f","local_time":"20190325145324","is_ascension_mode":true,"campfire_choices":[{"data":"Defragment","floor":15,"key":"SMITH"},{"data":"Fission","floor":23,"key":"SMITH"}],"neow_cost":"NONE","seed_source_timestamp":738136123126836,"circlet_count":0,"master_deck":["AscendersBane","Strike_B","Strike_B","Defend_B","Defend_B","Defend_B","Defend_B","Zap","Dualcast","Barrage","Defragment","BootSequence","Compile Driver","Self Repair","Go for the Eyes","FTL","Self Repair","Defragment+1","Auto Shields","Creative AI","Ball Lightning+1","Rebound","Fission+1","Hologram","Seek","Heatsinks","Pain"],"relics":["Cracked Core","NeowsBlessing","CultistMask","Bird Faced Urn","Anchor","Singing Bowl","Golden Idol","Cursed Key","Lantern","Pear","Mercury Hourglass","Omamori"],"potions_floor_usage":[8,11,16,21],"damage_taken":[{"damage":0,"enemies":"2 Louse","floor":1,"turns":1},{"damage":0,"enemies":"Cultist","floor":5,"turns":1},{"damage":0,"enemies":"Lagavulin","floor":6,"turns":1},{"damage":2,"enemies":"Jaw Worm","floor":7,"turns":3},{"damage":20,"enemies":"3 Sentries","floor":8,"turns":9},{"damage":6,"enemies":"Looter","floor":10,"turns":3},{"damage":0,"enemies":"Lots of Slimes","floor":11,"turns":2},{"damage":9,"enemies":"Red Slaver","floor":12,"turns":3},{"damage":1,"enemies":"Exordium Wildlife","floor":14,"turns":5},{"damage":38,"enemies":"Slime Boss","floor":16,"turns":10},{"damage":34,"enemies":"3 Byrds","floor":18,"turns":4},{"damage":23,"enemies":"Spheric Guardian","floor":20,"turns":5},{"damage":37,"enemies":"Centurion and Healer","floor":21,"turns":7},{"damage":36,"enemies":"Snake Plant","floor":22,"turns":5},{"damage":59,"enemies":"Gremlin Leader","floor":24,"turns":8},{"damage":37,"enemies":"Cultist and Chosen","floor":27,"turns":7},{"damage":53,"enemies":"Book of Stabbing","floor":30,"turns":4}],"seed_played":"-9108246555210001499","potions_obtained":[{"floor":5,"key":"FocusPotion"},{"floor":6,"key":"AttackPotion"},{"floor":8,"key":"Explosive Potion"},{"floor":11,"key":"LiquidBronze"},{"floor":14,"key":"SteroidPotion"},{"floor":18,"key":"Explosive Potion"}],"is_trial":false,"path_per_floor":["M","?","$","?","M","E","M","E","T","M","M","M","?","M","R","B",null,"M","?","M","M","M","R","E","$","T","M","$","T","E"],"character_chosen":"DEFECT","items_purchased":["Defragment","BootSequence","Pear","Heatsinks"],"campfire_rested":0,"item_purchase_floors":[3,3,25,25],"current_hp_per_floor":[64,57,57,57,57,57,66,57,57,62,62,73,48,69,69,51,68,62,62,67,62,56,56,35,45,45,40,40,40,0],"gold":74,"neow_bonus":"THREE_ENEMY_KILL","is_prod":false,"is_daily":false,"chose_seed":false,"campfire_upgraded":2,"win_rate":0,"timestamp":1553540004,"path_taken":["M","?","$","?","M","E","?","E","T","M","M","M","?","M","R","BOSS","M","?","?","M","?","R","E","$","T","M","$","?","E"],"build_version":"2019-01-23","purchased_purges":1,"victory":false,"max_hp_per_floor":[71,71,71,71,71,71,71,71,71,71,71,73,73,73,73,73,73,73,73,75,75,75,75,75,85,85,87,87,87,87],"card_choices":[{"not_picked":["Rebound","Turbo"],"picked":"Barrage","floor":1},{"not_picked":["Force Field","Barrage"],"picked":"Compile Driver","floor":5},{"not_picked":["Aggregate","Streamline"],"picked":"Self Repair","floor":6},{"not_picked":["Rebound","Turbo"],"picked":"Go for the Eyes","floor":7},{"not_picked":["BootSequence","Chaos"],"picked":"FTL","floor":8},{"not_picked":["Streamline","Skim"],"picked":"Self Repair","floor":10},{"not_picked":["Steam","Beam Cell"],"picked":"Defragment","floor":11},{"not_picked":["Redo","Compile Driver","Rebound"],"picked":"Singing Bowl","floor":12},{"not_picked":["Redo","Barrage"],"picked":"Auto Shields","floor":14},{"not_picked":["Amplify","Machine Learning"],"picked":"Creative AI","floor":16},{"not_picked":["Steam","Storm"],"picked":"Ball Lightning+1","floor":18},{"not_picked":["Compile Driver","Coolheaded","Barrage"],"picked":"Singing Bowl","floor":20},{"not_picked":["Stack","Ball Lightning"],"picked":"Fission","floor":21},{"not_picked":["Leap","Self Repair"],"picked":"Hologram","floor":22},{"not_picked":["Reinforced Body","Double Energy"],"picked":"Seek","floor":24},{"not_picked":["Steam","Redo+1","Hologram"],"picked":"Singing Bowl","floor":27}],"player_experience":1402823,"relics_obtained":[{"floor":6,"key":"Bird Faced Urn"},{"floor":8,"key":"Anchor"},{"floor":9,"key":"Singing Bowl"},{"floor":24,"key":"Lantern"},{"floor":26,"key":"Mercury Hourglass"},{"floor":29,"key":"Omamori"}],"event_choices":[{"cards_removed":["Strike_B"],"damage_healed":0,"gold_gain":0,"player_choice":"Card Removal","damage_taken":7,"max_hp_gain":0,"max_hp_loss":0,"event_name":"Golden Wing","floor":2,"gold_loss":0},{"damage_healed":0,"gold_gain":0,"player_choice":"Trade","damage_taken":0,"relics_obtained":["CultistMask"],"max_hp_gain":0,"max_hp_loss":0,"event_name":"FaceTrader","floor":4,"gold_loss":0},{"damage_healed":0,"gold_gain":0,"player_choice":"Take Damage","damage_taken":25,"relics_obtained":["Golden Idol"],"max_hp_gain":0,"max_hp_loss":0,"event_name":"Golden Idol","floor":13,"gold_loss":0},{"damage_healed":0,"gold_gain":0,"cards_transformed":["Strike_B"],"player_choice":"Transformed","damage_taken":0,"max_hp_gain":0,"max_hp_loss":0,"event_name":"Transmorgrifier","floor":19,"gold_loss":0,"cards_obtained":["Rebound"]}],"is_beta":false,"boss_relics":[{"not_picked":["Ectoplasm","Orrery"],"picked":"Cursed Key"}],"items_purged_floors":[28],"is_endless":false,"potions_floor_spawned":[5,6,8,11,12,14,18,20],"killed_by":"Book of Stabbing","ascension_level":15}