{"path_per_floor":["M","?","?","?","?","R","M","R","T","$","R","M","$","M","R","B",null,"M","M","$","M"],"character_chosen":"IRONCLAD","items_purchased":[],"gold_per_floor":[213,163,163,163,163,163,177,177,177,102,102,122,22,33,33,106,106,118,138,13,31,31],"floor_reached":22,"campfire_rested":1,"playtime":493,"current_hp_per_floor":[73,73,73,66,59,59,51,51,51,51,73,73,73,75,75,75,75,55,28,28,22,0],"items_purged":["Defend_R","Defend_R","Strike_R"],"gold":31,"score":381,"play_id":"284b41ae-dc82-45ee-a9e1-1501af243d26","local_time":"20180413120156","is_prod":false,"is_daily":false,"chose_seed":false,"is_ascension_mode":true,"campfire_upgraded":3,"timestamp":1523646116,"path_taken":["M","?","?","?","?","R","M","R","T","?","R","M","$","M","R","BOSS","M","M","$","M","M"],"build_version":"2018-04-12","seed_source_timestamp":140110203820334,"purchased_purges":3,"victory":false,"master_deck":["Strike_R","Strike_R","Defend_R","Bash+1","AscendersBane","Flex+1","Dropkick+1","Shrug It Off","Flex"],"max_hp_per_floor":[75,75,75,75,75,75,75,75,75,75,75,75,75,75,75,75,75,75,75,75,75,75],"relics":["Burning Blood","Gremlin Horn","Eternal Feather"],"card_choices":[{"not_picked":["Clothesline","Reckless Charge"],"picked":"Flex","floor":1},{"not_picked":["Pummel","Sentinel"],"picked":"Dropkick","floor":12},{"not_picked":["Pommel Strike","Reckless Charge"],"picked":"Shrug It Off","floor":18},{"not_picked":["Twin Strike","Combust"],"picked":"Flex","floor":21}],"player_experience":443477,"potions_floor_usage":[],"damage_taken":[{"damage":1,"enemies":"2 Louse","floor":1,"turns":4},{"damage":14,"enemies":"Jaw Worm","floor":7,"turns":3},{"damage":6,"enemies":"Cultist","floor":12,"turns":3},{"damage":0,"enemies":"Exordium Wildlife","floor":14,"turns":2},{"damage":0,"enemies":"Slime Boss","floor":16,"turns":8},{"damage":26,"enemies":"Shell Parasite","floor":18,"turns":3},{"damage":33,"enemies":"3 Byrds","floor":19,"turns":6},{"damage":12,"enemies":"Cultist and Chosen","floor":21,"turns":4},{"damage":22,"enemies":"3 Cultists","floor":22,"turns":4}],"event_choices":[{"event_name":"The Cleric","player_choice":"Card Removal","floor":2,"damage_taken":0},{"event_name":"Living Wall","player_choice":"Forget","floor":3,"damage_taken":0},{"event_name":"Wheel of Change","player_choice":"Damage","floor":4,"damage_taken":0},{"event_name":"Golden Wing","player_choice":"Card Removal","floor":5,"damage_taken":0}],"boss_relics":[{"not_picked":["Snecko Eye","Runic Pyramid"],"picked":"Eternal Feather"}],"potions_floor_spawned":[14,16,21],"seed_played":"3526460056312579299","killed_by":"3 Cultists","ascension_level":14,"is_trial":false}