{"gold_per_floor":[118,118,129,141,141,141,166,177,177,193,220,220,230,260,260,260],"floor_reached":16,"playtime":603,"items_purged":[],"score":244,"play_id":"f3c0db07-7b41-4999-bcd4-23e754900ebf","local_time":"20190507135552","is_ascension_mode":true,"campfire_choices":[{"data":"Uppercut","floor":6,"key":"SMITH"},{"floor":12,"key":"REST"},{"floor":15,"key":"REST"}],"neow_cost":"NONE","seed_source_timestamp":17841512522487,"circlet_count":0,"master_deck":["AscendersBane","Strike_R","Strike_R","Strike_R","Strike_R","Defend_R","Defend_R","Defend_R","Defend_R","Bash","Sword Boomerang","Anger","Uppercut+1","Juggernaut","Shrug It Off","Clothesline","Flame Barrier"],"relics":["Burning Blood","Calipers","Dodecahedron","Paper Frog","Kunai","Vajra"],"potions_floor_usage":[11,14,14],"damage_taken":[{"damage":6,"enemies":"Jaw Worm","floor":1,"turns":4},{"damage":2,"enemies":"2 Louse","floor":3,"turns":3},{"damage":0,"enemies":"Cultist","floor":4,"turns":3},{"damage":50,"enemies":"3 Sentries","floor":7,"turns":8},{"damage":12,"enemies":"Blue Slaver","floor":8,"turns":4},{"damage":12,"enemies":"3 Louse","floor":10,"turns":4},{"damage":6,"enemies":"Gremlin Nob","floor":11,"turns":3},{"damage":27,"enemies":"Exordium Thugs","floor":13,"turns":5},{"damage":23,"enemies":"Lagavulin","floor":14,"turns":7},{"damage":31,"enemies":"The Guardian","floor":16,"turns":2}],"seed_played":"-1684131945308561916","potions_obtained":[{"floor":3,"key":"FearPotion"},{"floor":10,"key":"BloodPotion"},{"floor":11,"key":"BloodPotion"},{"floor":13,"key":"Strength Potion"}],"is_trial":false,"path_per_floor":["M","?","M","M","?","R","E","M","T","M","E","R","M","E","R","B"],"character_chosen":"IRONCLAD","items_purchased":[],"campfire_rested":2,"item_purchase_floors":[],"current_hp_per_floor":[68,63,67,73,73,73,29,23,23,17,17,39,18,8,30,0],"gold":260,"neow_bonus":"THREE_CARDS","is_prod":false,"is_daily":false,"chose_seed":false,"campfire_upgraded":1,"win_rate":0,"timestamp":1557262552,"path_taken":["M","?","M","M","?","R","E","?","T","M","E","R","M","E","R","BOSS"],"build_version":"2019-04-23","purchased_purges":0,"victory":false,"max_hp_per_floor":[75,75,75,75,75,75,75,75,75,75,75,75,75,75,75,75],"card_choices":[{"not_picked":["Burning Pact","Fire Breathing"],"picked":"Sword Boomerang","floor":0},{"not_picked":["Rampage","Headbutt"],"picked":"Anger","floor":1},{"not_picked":["Iron Wave","Shockwave"],"picked":"Uppercut","floor":3},{"not_picked":["Clash","Iron Wave","True Grit"],"picked":"SKIP","floor":4},{"not_picked":["Infernal Blade","Cleave","Flex"],"picked":"SKIP","floor":7},{"not_picked":["Dual Wield","Rupture"],"picked":"Shrug It Off","floor":8},{"not_picked":["Flex","Armaments"],"picked":"Clothesline","floor":10},{"not_picked":["Bloodletting","Clothesline","Wild Strike"],"picked":"SKIP","floor":11},{"not_picked":["Flex","Clash","Anger"],"picked":"SKIP","floor":13},{"not_picked":["Flex","Clash","Anger"],"picked":"SKIP","floor":13},{"not_picked":["Sentinel","Pummel"],"picked":"Flame Barrier","floor":14}],"player_experience":6238188,"relics_obtained":[{"floor":7,"key":"Dodecahedron"},{"floor":9,"key":"Paper Frog"},{"floor":11,"key":"Kunai"},{"floor":14,"key":"Vajra"}],"event_choices":[{"damage_healed":0,"gold_gain":0,"player_choice":"Success","damage_taken":5,"relics_obtained":["Calipers"],"max_hp_gain":0,"max_hp_loss":0,"event_name":"Scrap Ooze","floor":2,"gold_loss":0},{"damage_healed":0,"gold_gain":0,"cards_transformed":["Strike_R"],"player_choice":"Transformed","damage_taken":0,"max_hp_gain":0,"max_hp_loss":0,"event_name":"Transmorgrifier","floor":5,"gold_loss":0,"cards_obtained":["Juggernaut"]}],"is_beta":true,"boss_relics":[],"items_purged_floors":[],"is_endless":false,"potions_floor_spawned":[3,10,11,13],"killed_by":"The Guardian","ascension_level":20}