{"gold_per_floor":[118,136,136,147,163,163,195,195,195,2,17,36,36,49,49,145,145,157,157,157,167,182,182,198,198,198,227,239,164,14,14],"floor_reached":31,"playtime":1926,"items_purged":["Strike_G","Decay"],"score":259,"play_id":"07a98f16-6176-4851-8cd3-8589246d1093","local_time":"20190510224832","is_ascension_mode":false,"campfire_choices":[{"data":"Dodge and Roll","floor":6,"key":"SMITH"},{"data":"Die Die Die","floor":8,"key":"SMITH"},{"data":"Well Laid Plans","floor":15,"key":"SMITH"},{"floor":23,"key":"REST"}],"neow_cost":"NONE","seed_source_timestamp":526321044455017,"circlet_count":0,"master_deck":["Defend_G","Defend_G","Defend_G","Defend_G","Defend_G","Strike_G","Strike_G","Strike_G","Survivor","Neutralize+1","Flying Knee","Dodge and Roll+1","Blade Dance","Blade Dance","Die Die Die+1","Well Laid Plans+1","Acrobatics","Tactician","Blur","Crippling Poison","Flying Knee","Adrenaline","Adrenaline","Dagger Spray","Prepared","Footwork","Noxious Fumes"],"relics":["Ring of the Snake","Strawberry","Mercury Hourglass","Philosopher\u0027s Stone","Calipers","Question Card","Ancient Tea Set"],"potions_floor_usage":[7,16,16,16,24,28,28,31],"damage_taken":[{"damage":0,"enemies":"Small Slimes","floor":1,"turns":3},{"damage":0,"enemies":"Cultist","floor":2,"turns":4},{"damage":3,"enemies":"Jaw Worm","floor":4,"turns":5},{"damage":0,"enemies":"Blue Slaver","floor":5,"turns":4},{"damage":10,"enemies":"Gremlin Nob","floor":7,"turns":4},{"damage":3,"enemies":"Red Slaver","floor":11,"turns":3},{"damage":4,"enemies":"2 Fungi Beasts","floor":12,"turns":3},{"damage":0,"enemies":"3 Louse","floor":14,"turns":3},{"damage":28,"enemies":"Slime Boss","floor":16,"turns":11},{"damage":9,"enemies":"Shell Parasite","floor":18,"turns":5},{"damage":23,"enemies":"3 Byrds","floor":21,"turns":4},{"damage":18,"enemies":"Shelled Parasite and Fungi","floor":22,"turns":5},{"damage":30,"enemies":"Snake Plant","floor":24,"turns":5},{"damage":10,"enemies":"Gremlin Leader","floor":27,"turns":8},{"damage":3,"enemies":"Cultist and Chosen","floor":28,"turns":7},{"damage":9,"enemies":"Shelled Parasite and Fungi","floor":31,"turns":1}],"seed_played":"2199353044594227570","potions_obtained":[{"floor":2,"key":"Fire Potion"},{"floor":4,"key":"Ancient Potion"},{"floor":7,"key":"Weak Potion"},{"floor":11,"key":"FearPotion"},{"floor":21,"key":"PowerPotion"},{"floor":22,"key":"FearPotion"},{"floor":24,"key":"GhostInAJar"}],"is_trial":false,"path_per_floor":["M","M","?","M","M","R","E","R","T","$","M","M","?","M","R","B",null,"M","?","?","M","M","R","M","?","T","E","M","?","$","M"],"character_chosen":"THE_SILENT","items_purchased":["Well Laid Plans","Acrobatics","Poison Potion"],"campfire_rested":1,"item_purchase_floors":[10,10,30],"current_hp_per_floor":[70,70,70,67,67,67,64,64,64,64,61,57,57,57,57,29,77,68,68,68,45,27,50,20,20,20,10,7,7,7,0],"gold":14,"neow_bonus":"UPGRADE_CARD","is_prod":false,"is_daily":false,"chose_seed":false,"campfire_upgraded":3,"win_rate":0.0,"timestamp":1557546512,"path_taken":["M","M","?","M","?","R","E","R","T","$","M","?","?","M","R","BOSS","M","?","?","?","M","R","M","?","T","E","M","?","$","M"],"build_version":"2019-01-23","purchased_purges":2,"victory":false,"max_hp_per_floor":[70,70,70,70,70,70,77,77,77,77,77,77,77,77,77,77,77,77,77,77,77,77,77,77,77,77,77,77,77,77,77],"card_choices":[{"not_picked":["Sucker Punch","Leg Sweep"],"picked":"Flying Knee","floor":1},{"not_picked":["PiercingWail","Bane"],"picked":"Dodge and Roll","floor":2},{"not_picked":["Bane","Dodge and Roll"],"picked":"Blade Dance","floor":4},{"not_picked":["Deadly Poison","Bane"],"picked":"Blade Dance","floor":5},{"not_picked":["Corpse Explosion","Flechettes"],"picked":"Die Die Die","floor":7},{"not_picked":["Blur","Catalyst"],"picked":"Tactician","floor":11},{"not_picked":["Dodge and Roll","Poisoned Stab"],"picked":"Blur","floor":12},{"not_picked":["PiercingWail","Blade Dance"],"picked":"Flying Knee","floor":14},{"not_picked":["A Thousand Cuts","Bullet Time"],"picked":"Adrenaline","floor":16},{"not_picked":["Endless Agony","Poisoned Stab","Dodge and Roll"],"picked":"SKIP","floor":18},{"not_picked":["All Out Attack","Blur+1"],"picked":"Dagger Spray","floor":21},{"not_picked":["Underhanded Strike+1","Outmaneuver+1","Infinite Blades"],"picked":"SKIP","floor":22},{"not_picked":["Bullet Time","Bane+1"],"picked":"Prepared","floor":24},{"not_picked":["Underhanded Strike","Poisoned Stab","Dodge and Roll+1"],"picked":"Footwork","floor":27},{"not_picked":["Flying Knee","Deflect","Endless Agony"],"picked":"Noxious Fumes","floor":28}],"player_experience":28686,"relics_obtained":[{"floor":7,"key":"Strawberry"},{"floor":9,"key":"Mercury Hourglass"},{"floor":26,"key":"Question Card"},{"floor":27,"key":"Ancient Tea Set"}],"event_choices":[{"damage_healed":0,"gold_gain":0,"player_choice":"Cursed","damage_taken":0,"max_hp_gain":0,"max_hp_loss":0,"event_name":"Wheel of Change","floor":3,"gold_loss":0,"cards_obtained":["Decay"]},{"damage_healed":0,"gold_gain":0,"cards_transformed":["Strike_G"],"player_choice":"Change","damage_taken":0,"max_hp_gain":0,"max_hp_loss":0,"event_name":"Living Wall","floor":13,"gold_loss":0,"cards_obtained":["Crippling Poison"]},{"damage_healed":0,"gold_gain":0,"player_choice":"Opened","damage_taken":0,"relics_obtained":["Calipers"],"max_hp_gain":0,"max_hp_loss":0,"event_name":"The Mausoleum","floor":19,"gold_loss":0,"cards_obtained":["Writhe"]},{"damage_healed":0,"gold_gain":0,"player_choice":"Copied","damage_taken":0,"max_hp_gain":0,"max_hp_loss":0,"event_name":"Duplicator","floor":20,"gold_loss":0,"cards_obtained":["Adrenaline"]},{"damage_healed":0,"gold_gain":0,"player_choice":"Ignored","damage_taken":0,"max_hp_gain":0,"max_hp_loss":0,"event_name":"Ghosts","floor":25,"gold_loss":0},{"cards_removed":["Writhe"],"damage_healed":0,"gold_gain":0,"player_choice":"Gave Gold","damage_taken":0,"max_hp_gain":0,"max_hp_loss":0,"event_name":"Beggar","floor":29,"gold_loss":75}],"is_beta":false,"boss_relics":[{"not_picked":["Ectoplasm","Eternal Feather"],"picked":"Philosopher\u0027s Stone"}],"items_purged_floors":[10,30],"is_endless":false,"potions_floor_spawned":[2,4,7,11,21,22,24],"killed_by":"Shelled Parasite and Fungi","ascension_level":0}