{"gold_per_floor":[111,111,129,204,220,220,230,230,255,269,269,288,288,342,342,418,418,434,434,151,162,162,162,188,188,188,208,208,222,222,249,249,326,326,346,363,36,48,58,58,108,138,138,171,171,182,182,142,142,142],"floor_reached":51,"playtime":2085,"items_purged":["Bite","Bite"],"score":1508,"play_id":"e0b3203e-e2f4-4207-8b6b-97f52ece56fb","local_time":"20180924004017","is_ascension_mode":true,"campfire_choices":[{"data":"Sunder","floor":6,"key":"SMITH"},{"data":"Coolheaded","floor":11,"key":"SMITH"},{"data":"Creative AI","floor":13,"key":"SMITH"},{"data":"Defend_B","floor":15,"key":"SMITH"},{"data":"Loop","floor":23,"key":"SMITH"},{"data":"Loop","floor":25,"key":"SMITH"},{"data":"Reinforced Body","floor":28,"key":"SMITH"},{"data":"Blizzard","floor":30,"key":"SMITH"},{"floor":32,"key":"REST"},{"floor":40,"key":"REST"},{"floor":45,"key":"REST"},{"floor":47,"key":"REST"},{"floor":49,"key":"REST"}],"neow_cost":"NONE","seed_source_timestamp":136537909251774,"circlet_count":0,"master_deck":["Defend_B+1","Defend_B","Defend_B","Defend_B","Zap+1","Dualcast+1","AscendersBane","Sunder+1","Sweeping Beam","Ball Lightning","Coolheaded+1","Coolheaded","Creative AI+1","Buffer","Cold Snap","Bite","Bite","Bite","Cold Snap","Loop+1","Loop+1","Blizzard+1","Reinforced Body+1","White Noise","BootSequence","Buffer","Glacier+1","Apotheosis","Conserve Battery","Hologram+1","Conserve Battery+1","Cold Snap+1","Glacier","Go for the Eyes+1"],"relics":["Cracked Core","Omamori","Cursed Key","PreservedInsect","Art of War","Orichalcum","FossilizedHelix","Fusion Hammer","Lantern","Mercury Hourglass","Calipers"],"potions_floor_usage":[16,18,24,42,42,42,44,50,50],"damage_taken":[{"damage":0,"enemies":"2 Louse","floor":1,"turns":3},{"damage":12,"enemies":"Jaw Worm","floor":3,"turns":2},{"damage":1,"enemies":"Cultist","floor":5,"turns":3},{"damage":6,"enemies":"Looter","floor":7,"turns":3},{"damage":4,"enemies":"Red Slaver","floor":10,"turns":3},{"damage":0,"enemies":"Exordium Wildlife","floor":12,"turns":2},{"damage":26,"enemies":"The Guardian","floor":16,"turns":8},{"damage":0,"enemies":"Spheric Guardian","floor":18,"turns":3},{"damage":12,"enemies":"2 Thieves","floor":21,"turns":3},{"damage":25,"enemies":"Gremlin Leader","floor":24,"turns":6},{"damage":12,"enemies":"Centurion and Healer","floor":27,"turns":19},{"damage":13,"enemies":"Snecko","floor":29,"turns":7},{"damage":34,"enemies":"Book of Stabbing","floor":31,"turns":6},{"damage":0,"enemies":"Collector","floor":33,"turns":14},{"damage":0,"enemies":"3 Shapes","floor":35,"turns":7},{"damage":0,"enemies":"Orb Walker","floor":36,"turns":4},{"damage":0,"enemies":"3 Darklings","floor":38,"turns":7},{"damage":0,"enemies":"Jaw Worm Horde","floor":39,"turns":9},{"damage":15,"enemies":"2 Orb Walkers","floor":42,"turns":5},{"damage":0,"enemies":"Giant Head","floor":44,"turns":10},{"damage":0,"enemies":"Spire Growth","floor":46,"turns":9},{"damage":0,"enemies":"Awakened One","floor":50,"turns":19}],"seed_played":"4511647354438392823","potions_obtained":[{"floor":7,"key":"Fire Potion"},{"floor":10,"key":"AttackPotion"},{"floor":21,"key":"Fire Potion"},{"floor":24,"key":"SpeedPotion"},{"floor":29,"key":"EntropicBrew"},{"floor":36,"key":"Fire Potion"},{"floor":42,"key":"Regen Potion"},{"floor":46,"key":"Poison Potion"},{"floor":48,"key":"FocusPotion"}],"is_trial":false,"path_per_floor":["M","?","M","?","M","R","M","?","T","M","R","M","R","T","R","B",null,"M","?","$","M","?","R","E","R","T","M","R","M","R","E","R","B",null,"M","M","$","M","M","R","?","E","T","E","R","M","R","?","R","B"],"character_chosen":"DEFECT","items_purchased":["PreservedInsect","Cold Snap","Apotheosis","Conserve Battery"],"campfire_rested":5,"item_purchase_floors":[20,20,37,37],"current_hp_per_floor":[64,64,52,41,40,40,34,34,34,32,32,34,34,34,34,10,56,58,58,58,50,50,50,39,39,39,71,71,64,64,38,59,69,71,71,71,71,71,71,71,71,60,60,71,71,71,71,71,71,71],"gold":142,"neow_bonus":"UPGRADE_CARD","is_prod":false,"is_daily":false,"chose_seed":false,"campfire_upgraded":8,"win_rate":0,"timestamp":1537774817,"path_taken":["M","?","M","?","M","R","M","?","T","M","R","?","R","?","R","BOSS","M","?","$","M","?","R","E","R","T","M","R","M","R","E","R","BOSS","M","M","?","M","M","R","?","E","T","E","R","M","R","?","R","BOSS"],"build_version":"2018-09-20","purchased_purges":2,"victory":true,"max_hp_per_floor":[71,71,71,71,71,71,71,71,71,71,71,71,71,71,71,71,71,71,71,71,71,71,71,71,71,71,71,71,71,71,71,71,71,71,71,71,71,71,71,71,71,71,71,71,71,71,71,71,71,71],"card_choices":[{"not_picked":["Barrage","Gash"],"picked":"Sunder","floor":1},{"not_picked":["Gash","Barrage"],"picked":"Sweeping Beam","floor":3},{"not_picked":["Streamline","Compile Driver"],"picked":"Ball Lightning","floor":5},{"not_picked":["Rebound","Force Field"],"picked":"Coolheaded","floor":7},{"not_picked":["Capacitor","FTL"],"picked":"Coolheaded","floor":10},{"not_picked":["Fusion","Lockon"],"picked":"Creative AI","floor":12},{"not_picked":["Fission","Machine Learning"],"picked":"Buffer","floor":16},{"not_picked":["Go for the Eyes","Melter+1"],"picked":"Cold Snap","floor":18},{"not_picked":["Coolheaded","Storm"],"picked":"Loop","floor":21},{"not_picked":["Force Field","Aggregate"],"picked":"Blizzard","floor":24},{"not_picked":["Doom and Gloom","Stack"],"picked":"Reinforced Body","floor":27},{"not_picked":["Rip and Tear+1","Lockon"],"picked":"White Noise","floor":29},{"not_picked":["Scrape","Go for the Eyes+1"],"picked":"BootSequence","floor":31},{"not_picked":["Thunder Strike","Fission"],"picked":"Buffer","floor":33},{"not_picked":["Lockon","Melter","Sweeping Beam"],"picked":"SKIP","floor":35},{"not_picked":["Gash+1","Cold Snap"],"picked":"Glacier+1","floor":36},{"not_picked":["Doom and Gloom","Turbo"],"picked":"Hologram+1","floor":38},{"not_picked":["Barrage","Aggregate"],"picked":"Conserve Battery+1","floor":39},{"not_picked":["Skim+1","Amplify"],"picked":"Cold Snap+1","floor":42},{"not_picked":["BootSequence","Streamline"],"picked":"Glacier","floor":44},{"not_picked":["Leap","Sweeping Beam"],"picked":"Go for the Eyes+1","floor":46}],"player_experience":927973,"relics_obtained":[{"floor":9,"key":"Blood Vial"},{"floor":14,"key":"Omamori"},{"floor":24,"key":"Art of War"},{"floor":26,"key":"Orichalcum"},{"floor":31,"key":"FossilizedHelix"},{"floor":42,"key":"Lantern"},{"floor":43,"key":"Mercury Hourglass"},{"floor":44,"key":"Calipers"}],"event_choices":[{"event_name":"Living Wall","player_choice":"Forget","floor":2,"damage_taken":0},{"event_name":"World of Goop","player_choice":"Gather Gold","floor":4,"damage_taken":0},{"event_name":"Upgrade Shrine","player_choice":"Upgraded","floor":8,"damage_taken":0},{"event_name":"Vampires","player_choice":"Became a vampire (Vial)","floor":19,"damage_taken":0},{"event_name":"The Library","player_choice":"Read","floor":22,"damage_taken":0},{"event_name":"Golden Shrine","player_choice":"Pray","floor":41,"damage_taken":0},{"event_name":"The Woman in Blue","player_choice":"Bought 3 Potions","floor":48,"damage_taken":0}],"is_beta":true,"boss_relics":[{"not_picked":["Eternal Feather","Lizard Tail"],"picked":"Cursed Key"},{"not_picked":["White Beast Statue","Calling Bell"],"picked":"Fusion Hammer"}],"items_purged_floors":[20,37],"is_endless":false,"potions_floor_spawned":[7,10,12,21,24,29,36,42,46],"ascension_level":16}