{"gold_per_floor":[117,117,267,107,127,142,169,169,195,195,195,210,41,72,72,148,148,159,74,94,114,0,0,31,31,31,31,65,82,155,205,205,279,279,298,298,314,314,330,330],"floor_reached":40,"playtime":1684,"items_purged":["Doubt","Strike_G"],"score":756,"play_id":"53806cb1-5422-4bfe-be68-d818103de034","local_time":"20190317225506","is_ascension_mode":true,"campfire_choices":[{"data":"Neutralize","floor":8,"key":"SMITH"},{"floor":10,"key":"REST"},{"data":"Noxious Fumes","floor":15,"key":"SMITH"},{"floor":23,"key":"REST"},{"floor":25,"key":"REST"},{"data":"Crippling Poison","floor":27,"key":"SMITH"},{"floor":32,"key":"REST"}],"neow_cost":"NONE","seed_source_timestamp":386737741503756,"circlet_count":0,"master_deck":["AscendersBane","Defend_G","Defend_G","Defend_G","Defend_G","Defend_G","Strike_G","Strike_G","Strike_G","Survivor","Neutralize+1","Dash","Dagger Spray","Dagger Throw","Backstab","Bouncing Flask","Deadly Poison","Noxious Fumes+1","PiercingWail","Die Die Die","Crippling Poison+1","Well Laid Plans+1","Backflip+1","PiercingWail","PiercingWail","Leg Sweep","Adrenaline"],"relics":["Ring of the Snake","Juzu Bracelet","Dream Catcher","PreservedInsect","Cursed Key","Oddly Smooth Stone","Potion Belt","Pantograph","Molten Egg 2","Singing Bowl","Empty Cage"],"potions_floor_usage":[7,14,29,33,33,39],"damage_taken":[{"damage":4,"enemies":"Small Slimes","floor":1,"turns":5},{"damage":0,"enemies":"2 Louse","floor":5,"turns":2},{"damage":2,"enemies":"Jaw Worm","floor":6,"turns":4},{"damage":30,"enemies":"Lagavulin","floor":7,"turns":10},{"damage":11,"enemies":"Exordium Thugs","floor":12,"turns":5},{"damage":15,"enemies":"3 Sentries","floor":14,"turns":7},{"damage":11,"enemies":"The Guardian","floor":16,"turns":9},{"damage":13,"enemies":"2 Thieves","floor":18,"turns":4},{"damage":10,"enemies":"Spheric Guardian","floor":20,"turns":5},{"damage":0,"enemies":"Snake Plant","floor":21,"turns":3},{"damage":31,"enemies":"Slavers","floor":24,"turns":5},{"damage":20,"enemies":"Book of Stabbing","floor":28,"turns":5},{"damage":2,"enemies":"Centurion and Healer","floor":29,"turns":8},{"damage":27,"enemies":"Automaton","floor":33,"turns":9},{"damage":1,"enemies":"3 Darklings","floor":35,"turns":8},{"damage":0,"enemies":"3 Shapes","floor":37,"turns":7},{"damage":16,"enemies":"Writhing Mass","floor":39,"turns":9},{"damage":58,"enemies":"Giant Head","floor":40,"turns":7}],"seed_played":"3998980657545887102","potions_obtained":[{"floor":5,"key":"LiquidBronze"},{"floor":6,"key":"SteroidPotion"},{"floor":14,"key":"PowerPotion"},{"floor":28,"key":"Regen Potion"},{"floor":29,"key":"Dexterity Potion"},{"floor":33,"key":"SteroidPotion"}],"is_trial":false,"path_per_floor":["M","$","?","$","M","M","E","R","T","R","?","M","$","E","R","B",null,"M","?","M","M","?","R","E","R","T","R","E","M","T","?","R","B",null,"M","?","M","$","M","E"],"character_chosen":"THE_SILENT","items_purchased":["Dash","Dagger Spray","Noxious Fumes"],"campfire_rested":4,"item_purchase_floors":[4,4,13],"current_hp_per_floor":[55,55,55,55,55,53,23,23,23,42,47,36,36,21,21,10,56,43,43,33,33,33,54,23,44,44,44,24,36,36,36,57,46,66,67,67,69,69,55,0],"gold":330,"neow_bonus":"REMOVE_CARD","is_prod":false,"is_daily":false,"chose_seed":false,"campfire_upgraded":3,"win_rate":0,"timestamp":1552877706,"path_taken":["M","$","?","$","M","M","E","R","T","R","?","M","?","E","R","BOSS","M","?","M","M","?","R","E","R","T","R","E","M","?","?","R","BOSS","M","?","M","$","M","E"],"build_version":"2019-03-15","purchased_purges":2,"victory":false,"max_hp_per_floor":[66,66,66,66,66,66,66,66,66,66,71,71,71,71,71,71,71,71,71,71,71,71,71,71,71,71,71,71,71,71,71,71,73,73,75,75,77,77,79,79],"card_choices":[{"not_picked":["Bane","Slice","Endless Agony"],"picked":"SKIP","floor":1},{"not_picked":["Outmaneuver","Bane"],"picked":"Dagger Throw","floor":5},{"not_picked":["Sucker Punch","Deflect","Bane"],"picked":"SKIP","floor":6},{"not_picked":["Sucker Punch","Deflect","Bane"],"picked":"SKIP","floor":6},{"not_picked":["Dodge and Roll","Expertise"],"picked":"Backstab","floor":7},{"not_picked":["Blade Dance","Slice"],"picked":"Bouncing Flask","floor":10},{"not_picked":["Backflip","Crippling Poison"],"picked":"Deadly Poison","floor":12},{"not_picked":["Escape Plan","Dash"],"picked":"PiercingWail","floor":14},{"not_picked":["Grand Finale","Tools of the Trade"],"picked":"Die Die Die","floor":16},{"not_picked":["Poisoned Stab","Slice+1"],"picked":"Crippling Poison","floor":18},{"not_picked":["Accuracy","Choke","Finisher"],"picked":"SKIP","floor":20},{"not_picked":["Flying Knee","Endless Agony","Outmaneuver+1"],"picked":"SKIP","floor":21},{"not_picked":["Poisoned Stab+1","PiercingWail"],"picked":"Well Laid Plans+1","floor":23},{"not_picked":["Sucker Punch+1","Outmaneuver"],"picked":"Backflip+1","floor":24},{"not_picked":["Dash+1","Flying Knee"],"picked":"PiercingWail","floor":28},{"not_picked":["Prepared+1","Cloak And Dagger"],"picked":"PiercingWail","floor":29},{"not_picked":["Unload+1","Acrobatics"],"picked":"Leg Sweep","floor":32},{"not_picked":["Storm of Steel","Unload+1","Envenom"],"picked":"Singing Bowl","floor":33},{"not_picked":["Well Laid Plans","Setup+1","Terror"],"picked":"Singing Bowl","floor":35},{"not_picked":["Poisoned Stab+1","Blade Dance","Bane+1"],"picked":"Singing Bowl","floor":37},{"not_picked":["Skewer+1","Underhanded Strike+1","Slice+1"],"picked":"Singing Bowl","floor":39}],"player_experience":2218333,"relics_obtained":[{"floor":7,"key":"Juzu Bracelet"},{"floor":9,"key":"Dream Catcher"},{"floor":14,"key":"PreservedInsect"},{"floor":24,"key":"Potion Belt"},{"floor":26,"key":"Pantograph"},{"floor":28,"key":"Molten Egg 2"},{"floor":30,"key":"Singing Bowl"}],"event_choices":[{"damage_healed":0,"gold_gain":150,"player_choice":"AGREE","damage_taken":0,"max_hp_gain":0,"max_hp_loss":0,"event_name":"Liars Game","floor":3,"gold_loss":0,"cards_obtained":["Doubt"]},{"damage_healed":0,"gold_gain":0,"player_choice":"Donut","damage_taken":0,"max_hp_gain":5,"max_hp_loss":0,"event_name":"Big Fish","floor":11,"gold_loss":0},{"damage_healed":0,"gold_gain":0,"player_choice":"Obtained Relic","damage_taken":0,"relics_obtained":["Oddly Smooth Stone"],"max_hp_gain":0,"max_hp_loss":0,"event_name":"Addict","floor":19,"gold_loss":85},{"damage_healed":0,"gold_gain":0,"player_choice":"Paid Fearfully","damage_taken":0,"max_hp_gain":0,"max_hp_loss":0,"event_name":"Masked Bandits","floor":22,"gold_loss":114},{"damage_healed":0,"gold_gain":50,"player_choice":"Pray","damage_taken":0,"max_hp_gain":0,"max_hp_loss":0,"event_name":"Golden Shrine","floor":31,"gold_loss":0},{"damage_healed":0,"gold_gain":0,"player_choice":"1 cards matched","damage_taken":0,"max_hp_gain":0,"max_hp_loss":0,"event_name":"Match and Keep!","floor":36,"gold_loss":0,"cards_obtained":["Adrenaline"]}],"is_beta":true,"boss_relics":[{"not_picked":["Pandora\u0027s Box","Runic Dome"],"picked":"Cursed Key"},{"not_picked":["Black Star","Coffee Dripper"],"picked":"Empty Cage"}],"items_purged_floors":[4,13],"is_endless":false,"potions_floor_spawned":[5,6,14,28,29,33],"killed_by":"Giant Head","ascension_level":15}