{"gold_per_floor":[110,110,126,146,161,161,188,188,188,251,190,190,17,37,37,37],"floor_reached":16,"playtime":2485,"items_purged":[],"score":200,"play_id":"b287afc1-7a67-41cc-b6d8-c8952a967e2b","local_time":"20190428190045","is_ascension_mode":true,"campfire_choices":[{"data":"Bash","floor":6,"key":"SMITH"},{"data":"Whirlwind","floor":8,"key":"SMITH"},{"data":"Clothesline","floor":12,"key":"SMITH"},{"data":"Pummel","floor":15,"key":"SMITH"}],"neow_cost":"NONE","seed_source_timestamp":520132321594324,"circlet_count":0,"master_deck":["AscendersBane","Strike_R","Strike_R","Strike_R","Strike_R","Defend_R","Defend_R","Defend_R","Defend_R","Bash+1","Whirlwind+1","Clothesline+1","True Grit","Pummel+1","Warcry","Pommel Strike"],"relics":["Burning Blood","Question Card","Pantograph","Bronze Scales","Red Skull"],"potions_floor_usage":[7,10,16],"damage_taken":[{"damage":5,"enemies":"2 Louse","floor":1,"turns":4},{"damage":4,"enemies":"Cultist","floor":3,"turns":3},{"damage":1,"enemies":"Small Slimes","floor":4,"turns":4},{"damage":8,"enemies":"Blue Slaver","floor":5,"turns":5},{"damage":37,"enemies":"Lagavulin","floor":7,"turns":6},{"damage":41,"enemies":"Gremlin Nob","floor":10,"turns":5},{"damage":4,"enemies":"Red Slaver","floor":14,"turns":2},{"damage":35,"enemies":"Slime Boss","floor":16,"turns":6}],"seed_played":"4443694725153256100","potions_obtained":[{"floor":1,"key":"AttackPotion"},{"floor":4,"key":"Energy Potion"},{"floor":10,"key":"Strength Potion"}],"is_trial":false,"path_per_floor":["M","?","M","M","M","R","E","R","T","?","?","R","$","M","R","B"],"character_chosen":"IRONCLAD","items_purchased":["Red Skull"],"campfire_rested":0,"item_purchase_floors":[13],"current_hp_per_floor":[69,69,71,75,73,73,42,42,42,7,7,7,7,9,9,0],"gold":37,"neow_bonus":"REMOVE_CARD","is_prod":false,"is_daily":false,"chose_seed":false,"campfire_upgraded":4,"win_rate":0,"timestamp":1556492445,"path_taken":["M","?","M","M","?","R","E","R","T","?","?","R","?","?","R","BOSS"],"build_version":"2019-01-23","purchased_purges":0,"victory":false,"max_hp_per_floor":[75,75,75,75,75,75,75,75,75,75,75,75,75,75,75,75],"card_choices":[{"not_picked":["Infernal Blade","Flex"],"picked":"Whirlwind","floor":1},{"not_picked":["Warcry","Rampage"],"picked":"True Grit","floor":3},{"not_picked":["Clothesline","Blood for Blood","Fire Breathing"],"picked":"SKIP","floor":4},{"not_picked":["Clash","Body Slam"],"picked":"Pummel","floor":5},{"not_picked":["Berserk","Wild Strike","Twin Strike"],"picked":"SKIP","floor":7},{"not_picked":["Blood for Blood","Wild Strike","Sever Soul"],"picked":"Warcry","floor":10},{"not_picked":["Wild Strike","Body Slam","Warcry"],"picked":"Pommel Strike","floor":14}],"player_experience":2049257,"relics_obtained":[{"floor":7,"key":"Question Card"},{"floor":9,"key":"Pantograph"},{"floor":10,"key":"Bronze Scales"}],"event_choices":[{"damage_healed":0,"gold_gain":0,"player_choice":"1 cards matched","damage_taken":0,"max_hp_gain":0,"max_hp_loss":0,"event_name":"Match and Keep!","floor":2,"gold_loss":0,"cards_obtained":["Clothesline"]},{"damage_healed":0,"gold_gain":0,"player_choice":"Searched \u00271\u0027 times","damage_taken":0,"max_hp_gain":0,"max_hp_loss":0,"event_name":"Dead Adventurer","floor":10,"gold_loss":0},{"damage_healed":0,"gold_gain":0,"player_choice":"Left Gold","damage_taken":0,"max_hp_gain":0,"max_hp_loss":0,"event_name":"World of Goop","floor":11,"gold_loss":61}],"is_beta":false,"boss_relics":[],"items_purged_floors":[],"is_endless":false,"potions_floor_spawned":[1,4,5,10],"killed_by":"Slime Boss","ascension_level":20}