{"gold_per_floor":[113,132,146,161,161,191,201,226,285,297,323,351,363,409,421,504,516,540,602,630,653,337,371,371,402,427,439,467,467],"floor_reached":29,"playtime":1959,"items_purged":["Strike_R"],"score":639,"play_id":"3424a101-ab8f-4cf2-8436-3468ee2b240c","local_time":"20190318131826","is_ascension_mode":true,"campfire_choices":[{"data":"Uppercut","floor":10,"key":"SMITH"},{"data":"Flame Barrier","floor":15,"key":"SMITH"},{"data":"Disarm","floor":24,"key":"SMITH"}],"neow_cost":"NONE","seed_source_timestamp":127215778424163,"circlet_count":0,"master_deck":["AscendersBane","Strike_R","Strike_R","Strike_R","Strike_R","Defend_R","Defend_R","Defend_R+1","Defend_R+1","Bash","Flame Barrier+1","Heavy Blade","Uppercut+1","Uppercut+1","Disarm+1","Inflame","Ghostly Armor","Heavy Blade","Inflame","Feed","Demon Form","Reaper"],"relics":["Burning Blood","War Paint","Blood Vial","MawBank","Ancient Tea Set","Meat on the Bone","Coffee Dripper","Bag of Marbles","Vajra","Strawberry","Blue Candle"],"potions_floor_usage":[4,6,6,14,16,21,23,23,25,28],"damage_taken":[{"damage":3,"enemies":"Cultist","floor":1,"turns":5},{"damage":0,"enemies":"2 Louse","floor":2,"turns":3},{"damage":7,"enemies":"Jaw Worm","floor":3,"turns":4},{"damage":17,"enemies":"Large Slime","floor":4,"turns":7},{"damage":20,"enemies":"3 Sentries","floor":6,"turns":10},{"damage":13,"enemies":"Red Slaver","floor":7,"turns":4},{"damage":13,"enemies":"Lagavulin","floor":8,"turns":7},{"damage":8,"enemies":"Exordium Thugs","floor":11,"turns":4},{"damage":11,"enemies":"Large Slime","floor":12,"turns":7},{"damage":24,"enemies":"Gremlin Nob","floor":14,"turns":4},{"damage":24,"enemies":"Hexaghost","floor":16,"turns":10},{"damage":23,"enemies":"Spheric Guardian","floor":18,"turns":4},{"damage":10,"enemies":"Shell Parasite","floor":20,"turns":8},{"damage":16,"enemies":"Snecko","floor":21,"turns":7},{"damage":69,"enemies":"Slavers","floor":23,"turns":9},{"damage":24,"enemies":"Book of Stabbing","floor":25,"turns":5},{"damage":22,"enemies":"Shelled Parasite and Fungi","floor":27,"turns":9},{"damage":57,"enemies":"Gremlin Leader","floor":28,"turns":8},{"damage":52,"enemies":"Cultist and Chosen","floor":29,"turns":5}],"seed_played":"-5029235083770842050","potions_obtained":[{"floor":1,"key":"BloodPotion"},{"floor":3,"key":"Dexterity Potion"},{"floor":4,"key":"SteroidPotion"},{"floor":12,"key":"Fire Potion"},{"floor":14,"key":"EssenceOfSteel"},{"floor":16,"key":"Explosive Potion"},{"floor":20,"key":"PowerPotion"},{"floor":23,"key":"EssenceOfSteel"},{"floor":27,"key":"Poison Potion"}],"is_trial":false,"path_per_floor":["M","M","M","M","?","E","M","E","T","R","M","M","?","E","R","B",null,"M","?","M","M","$","E","R","E","T","M","E","M"],"character_chosen":"IRONCLAD","items_purchased":["Demon Form","Regen Potion"],"campfire_rested":0,"item_purchase_floors":[22,22],"current_hp_per_floor":[71,75,74,70,70,56,51,46,46,46,46,43,48,32,32,28,67,52,52,50,57,57,26,26,22,29,43,19,0],"gold":467,"neow_bonus":"RANDOM_COMMON_RELIC","is_prod":false,"is_daily":false,"chose_seed":false,"campfire_upgraded":3,"win_rate":0,"timestamp":1552929506,"path_taken":["M","?","M","M","?","E","?","E","T","R","M","M","?","E","R","BOSS","M","?","M","?","$","E","R","E","T","M","E","M"],"build_version":"2019-01-23","purchased_purges":1,"victory":false,"max_hp_per_floor":[75,75,75,75,75,75,75,75,75,75,75,75,80,80,80,80,80,80,80,80,83,83,86,86,86,93,96,96,96],"card_choices":[{"not_picked":["Wild Strike","Combust"],"picked":"Flame Barrier","floor":1},{"not_picked":["Fire Breathing","Rage"],"picked":"Heavy Blade","floor":2},{"not_picked":["Evolve","Corruption"],"picked":"Uppercut","floor":3},{"not_picked":["Flex","Body Slam"],"picked":"Uppercut","floor":4},{"not_picked":["Rage","Flex"],"picked":"Disarm","floor":6},{"not_picked":["Hemokinesis","Second Wind"],"picked":"Inflame","floor":7},{"not_picked":["Carnage","Armaments"],"picked":"Ghostly Armor","floor":8},{"not_picked":["Second Wind","Ghostly Armor","Dropkick"],"picked":"SKIP","floor":11},{"not_picked":["Anger","Combust"],"picked":"Heavy Blade","floor":12},{"not_picked":["Iron Wave","Flex"],"picked":"Inflame","floor":14},{"not_picked":["Fiend Fire","Double Tap"],"picked":"Feed","floor":16},{"not_picked":["Headbutt","Sentinel","Clash"],"picked":"SKIP","floor":18},{"not_picked":["Searing Blow","Cleave","Twin Strike"],"picked":"SKIP","floor":20},{"not_picked":["Sentinel","Perfected Strike+1","Twin Strike"],"picked":"SKIP","floor":21},{"not_picked":["Berserk","True Grit","Combust"],"picked":"SKIP","floor":23},{"not_picked":["Clothesline","Pommel Strike"],"picked":"Reaper","floor":25},{"not_picked":["Rage","Pommel Strike","Heavy Blade"],"picked":"SKIP","floor":27},{"not_picked":["Fiend Fire","Perfected Strike+1","True Grit"],"picked":"SKIP","floor":28}],"player_experience":1210997,"relics_obtained":[{"floor":6,"key":"Blood Vial"},{"floor":8,"key":"MawBank"},{"floor":9,"key":"Ancient Tea Set"},{"floor":14,"key":"Meat on the Bone"},{"floor":23,"key":"Bag of Marbles"},{"floor":25,"key":"Vajra"},{"floor":26,"key":"Strawberry"},{"floor":28,"key":"Blue Candle"}],"event_choices":[{"damage_healed":0,"gold_gain":0,"player_choice":"Upgraded","damage_taken":0,"max_hp_gain":0,"max_hp_loss":0,"event_name":"Upgrade Shrine","floor":5,"gold_loss":0,"cards_upgraded":["Uppercut"]},{"damage_healed":0,"gold_gain":0,"player_choice":"Donut","damage_taken":0,"max_hp_gain":5,"max_hp_loss":0,"event_name":"Big Fish","floor":13,"gold_loss":0},{"damage_healed":0,"gold_gain":100,"player_choice":"Bet on Murderer","damage_taken":0,"max_hp_gain":0,"max_hp_loss":0,"event_name":"The Joust","floor":19,"gold_loss":50}],"is_beta":false,"boss_relics":[{"not_picked":["Philosopher\u0027s Stone","Orrery"],"picked":"Coffee Dripper"}],"items_purged_floors":[22],"is_endless":false,"potions_floor_spawned":[1,3,4,12,14,16,20,23,27],"killed_by":"Cultist and Chosen","ascension_level":20}