{"gold_per_floor":[119,133,133,96,96,126,126,176,176,203,215,215,234,250,250,321,321,321,28,28,28,28,28,28,28,28,28,28,28,28,28,28,28],"floor_reached":33,"playtime":1411,"items_purged":[],"score":629,"play_id":"3b1d2d9a-6f3b-41c1-b8d5-e52a91c8b013","local_time":"20190430093528","is_ascension_mode":true,"campfire_choices":[{"data":"Disarm","floor":7.0,"key":"SMITH"},{"data":"Perfected Strike","floor":12.0,"key":"SMITH"},{"data":"Bash","floor":15.0,"key":"SMITH"},{"data":"Inflame","floor":23.0,"key":"SMITH"},{"data":"Demon Form","floor":25.0,"key":"SMITH"},{"floor":32,"key":"REST"}],"neow_cost":"NONE","seed_source_timestamp":660010694725677,"circlet_count":0,"master_deck":["AscendersBane","Defend_R","Defend_R","Defend_R","Defend_R","Bash+1","Perfected Strike+1","Disarm+1","Flex","Feel No Pain","Demon Form+1","Inflame+1","Immolate+1","Shrug It Off","Bite","Bite","Bite","Bite","Bite","Heavy Blade+1","Feel No Pain+1"],"special_seed":0,"relics":["Burning Blood","NeowsBlessing","PreservedInsect","Bottled Lightning","Pantograph","The Courier","Ectoplasm","Toy Ornithopter","Vajra","Frozen Egg 2","Juzu Bracelet"],"potions_floor_usage":[33],"damage_taken":[{"damage":0.0,"enemies":"Cultist","floor":1.0,"turns":1.0},{"damage":0.0,"enemies":"Small Slimes","floor":2.0,"turns":1.0},{"damage":0.0,"enemies":"Lagavulin","floor":6.0,"turns":2.0},{"damage":33.0,"enemies":"3 Sentries","floor":10.0,"turns":12.0},{"damage":6.0,"enemies":"2 Louse","floor":11.0,"turns":2.0},{"damage":40.0,"enemies":"Gremlin Gang","floor":13.0,"turns":6.0},{"damage":12.0,"enemies":"3 Louse","floor":14.0,"turns":4.0},{"damage":28.0,"enemies":"Slime Boss","floor":16.0,"turns":8.0},{"damage":17.0,"enemies":"3 Byrds","floor":18.0,"turns":7.0},{"damage":30.0,"enemies":"Spheric Guardian","floor":20.0,"turns":5.0},{"damage":18.0,"enemies":"Cultist and Chosen","floor":24.0,"turns":6.0},{"damage":21.0,"enemies":"Snake Plant","floor":27.0,"turns":4.0},{"damage":20.0,"enemies":"Centurion and Healer","floor":28.0,"turns":7.0},{"damage":5,"enemies":"Gremlin Leader","floor":29,"turns":5},{"damage":35,"enemies":"Snecko","floor":31,"turns":5},{"damage":71,"enemies":"Collector","floor":33,"turns":8}],"seed_played":"4665792022871582990","potions_obtained":[{"floor":1.0,"key":"BloodPotion"},{"floor":2.0,"key":"Weak Potion"},{"floor":16.0,"key":"Dexterity Potion"},{"floor":20.0,"key":"Strength Potion"},{"floor":24.0,"key":"Dexterity Potion"},{"floor":27.0,"key":"Strength Potion"}],"is_trial":false,"path_per_floor":["M","M","?","$","T","E","R","?","T","E","M","R","M","M","R","B",null,"M","$","M","?","?","R","M","R","T","M","M","E","?","M","R","B"],"character_chosen":"IRONCLAD","items_purchased":["Feel No Pain","Toy Ornithopter","Vajra"],"campfire_rested":1,"item_purchase_floors":[4,19,19],"current_hp_per_floor":[74,75,75,75,75,75,75,68,68,41,41,41,14,8,8,11,59,48,48,24,24,24,24,33,33,33,22,29,42,42,23,38,0],"gold":28,"neow_bonus":"THREE_ENEMY_KILL","is_prod":false,"is_daily":false,"chose_seed":false,"campfire_upgraded":5,"win_rate":0,"timestamp":1556631328,"path_taken":["M","?","?","$","?","E","R","?","T","E","M","R","?","M","R","BOSS","M","$","M","?","?","R","M","R","T","M","M","E","?","M","R","BOSS"],"build_version":"2019-01-23","purchased_purges":0,"victory":false,"max_hp_per_floor":[75,75,75,75,75,75,75,75,75,75,75,75,75,75,75,75,75,75,75,75,52,52,52,52,52,52,52,52,52,52,52,52,52],"card_choices":[{"not_picked":["Burning Pact","Ghostly Armor"],"picked":"Perfected Strike","floor":1.0},{"not_picked":["Clothesline","Armaments"],"picked":"Disarm","floor":2.0},{"not_picked":["Dual Wield","Sword Boomerang"],"picked":"Demon Form","floor":6.0},{"not_picked":["Hemokinesis","Warcry","Rupture"],"picked":"SKIP","floor":10.0},{"not_picked":["Sword Boomerang","Power Through","Sever Soul"],"picked":"SKIP","floor":11.0},{"not_picked":["Feel No Pain","Spot Weakness"],"picked":"Inflame","floor":13.0},{"not_picked":["True Grit","Burning Pact","Clothesline"],"picked":"SKIP","floor":14.0},{"not_picked":["Offering","Impervious"],"picked":"Immolate","floor":16.0},{"not_picked":["Entrench","Sword Boomerang","Intimidate"],"picked":"SKIP","floor":18.0},{"not_picked":["Inflame","Anger"],"picked":"Shrug It Off","floor":20.0},{"not_picked":["Havoc","Inflame","Pommel Strike"],"picked":"SKIP","floor":24.0},{"not_picked":["Twin Strike+1","Armaments"],"picked":"Heavy Blade+1","floor":27.0},{"not_picked":["Iron Wave","Warcry","Headbutt"],"picked":"SKIP","floor":28.0},{"not_picked":["Carnage","Blood for Blood"],"picked":"Feel No Pain+1","floor":29},{"not_picked":["Sword Boomerang","Whirlwind","Body Slam"],"picked":"SKIP","floor":31}],"player_experience":2153815,"relics_obtained":[{"floor":5.0,"key":"PreservedInsect"},{"floor":6.0,"key":"Bottled Lightning"},{"floor":9.0,"key":"Pantograph"},{"floor":10.0,"key":"The Courier"},{"floor":26.0,"key":"Frozen Egg 2"},{"floor":29,"key":"Juzu Bracelet"}],"event_choices":[{"damage_healed":0.0,"max_hp_gain":0.0,"max_hp_loss":0.0,"gold_gain":0.0,"cards_transformed":["Strike_R"],"event_name":"Transmorgrifier","player_choice":"Transformed","floor":3.0,"gold_loss":0.0,"damage_taken":0.0,"cards_obtained":["Flex"]},{"damage_healed":0.0,"max_hp_gain":0.0,"max_hp_loss":0.0,"gold_gain":50.0,"event_name":"FaceTrader","player_choice":"Touch","floor":8.0,"gold_loss":0.0,"damage_taken":7.0},{"damage_healed":0.0,"max_hp_gain":0.0,"max_hp_loss":23.0,"gold_gain":0.0,"event_name":"Vampires","player_choice":"Became a vampire","floor":21.0,"gold_loss":0.0,"damage_taken":0.0,"cards_obtained":["Bite","Bite","Bite","Bite","Bite"]},{"damage_healed":0.0,"max_hp_gain":0.0,"max_hp_loss":0.0,"gold_gain":0.0,"event_name":"Upgrade Shrine","player_choice":"Upgraded","floor":22.0,"gold_loss":0.0,"damage_taken":0.0,"cards_upgraded":["Immolate"]},{"damage_healed":0,"gold_gain":0,"player_choice":"Ignored","damage_taken":0,"max_hp_gain":0,"max_hp_loss":0,"event_name":"Beggar","floor":30,"gold_loss":0}],"is_beta":false,"boss_relics":[{"not_picked":["Tiny House","Runic Cube"],"picked":"Ectoplasm"}],"items_purged_floors":[],"is_endless":false,"potions_floor_spawned":[1,2,16,20,24,27],"killed_by":"Collector","ascension_level":20}