{"gold_per_floor":[113,123,136,136,155,155,187,187,210,1,1,1,1],"floor_reached":13,"playtime":376,"items_purged":[],"score":166,"play_id":"1488d1a9-41b5-4306-9f4f-e1c110f8d944","local_time":"20190429084046","is_ascension_mode":true,"campfire_choices":[{"data":"Hemokinesis","floor":6,"key":"SMITH"},{"data":"Carnage","floor":8,"key":"SMITH"},{"data":"Wild Strike","floor":12,"key":"SMITH"}],"neow_cost":"NONE","seed_source_timestamp":571455022922553,"circlet_count":0,"master_deck":["AscendersBane","Strike_R","Strike_R","Strike_R","Strike_R","Defend_R","Defend_R","Defend_R","Defend_R","Bash+1","Wild Strike+1","Carnage+1","Combust","Hemokinesis+1"],"relics":["Burning Blood","Lantern","Membership Card"],"potions_floor_usage":[],"damage_taken":[{"damage":2,"enemies":"Small Slimes","floor":1,"turns":6},{"damage":12,"enemies":"Cultist","floor":2,"turns":4},{"damage":4,"enemies":"2 Louse","floor":3,"turns":3},{"damage":18,"enemies":"Lots of Slimes","floor":5,"turns":3},{"damage":35,"enemies":"Gremlin Nob","floor":7,"turns":4},{"damage":27,"enemies":"Gremlin Gang","floor":13,"turns":3}],"seed_played":"-8997611156915210097","potions_obtained":[{"floor":2,"key":"LiquidBronze"}],"is_trial":false,"path_per_floor":["M","M","M","?","M","R","E","R","T","$","$","R","M"],"character_chosen":"IRONCLAD","items_purchased":["Membership Card"],"campfire_rested":0,"item_purchase_floors":[10],"current_hp_per_floor":[72,66,68,68,56,56,27,27,27,27,27,27,0],"gold":1,"neow_bonus":"UPGRADE_CARD","is_prod":false,"is_daily":false,"chose_seed":false,"campfire_upgraded":3,"win_rate":0,"timestamp":1556541646,"path_taken":["M","M","M","?","M","R","E","R","T","?","$","R","M"],"build_version":"2019-01-23","purchased_purges":0,"victory":false,"max_hp_per_floor":[75,75,75,75,75,75,75,75,75,75,75,75,75],"card_choices":[{"not_picked":["Warcry","Fire Breathing"],"picked":"Wild Strike","floor":1},{"not_picked":["Sword Boomerang","Body Slam","Havoc"],"picked":"SKIP","floor":2},{"not_picked":["Flex","Anger"],"picked":"Carnage","floor":3},{"not_picked":["Second Wind","Havoc"],"picked":"Hemokinesis","floor":5},{"not_picked":["Anger","Fire Breathing","Ghostly Armor"],"picked":"SKIP","floor":7}],"player_experience":2092178,"relics_obtained":[{"floor":7,"key":"Lantern"}],"event_choices":[{"damage_healed":0,"gold_gain":0,"cards_transformed":["Strike_R"],"player_choice":"Transformed","damage_taken":0,"max_hp_gain":0,"max_hp_loss":0,"event_name":"Transmorgrifier","floor":4,"gold_loss":0,"cards_obtained":["Combust"]}],"is_beta":false,"boss_relics":[],"items_purged_floors":[],"is_endless":false,"potions_floor_spawned":[2],"killed_by":"Gremlin Gang","ascension_level":20}