{"gold_per_floor":[362,512,512,525,70,96,116,151,151,426,454,454,19,39,39,111,111,122,137,82,82,99,99],"floor_reached":23,"playtime":1303,"items_purged":["Doubt","Regret"],"score":543,"play_id":"fb149c19-8714-4cb0-b48e-60e5776c9e61","local_time":"20190405032759","is_ascension_mode":true,"campfire_choices":[{"data":"Armaments","floor":12,"key":"SMITH"},{"data":"Disarm","floor":15,"key":"SMITH"}],"neow_cost":"TEN_PERCENT_HP_LOSS","seed_source_timestamp":320462307461381,"circlet_count":0,"master_deck":["AscendersBane","Strike_R","Strike_R","Strike_R","Strike_R","Strike_R","Defend_R","Defend_R","Defend_R","Defend_R","Bash","True Grit","Disarm+1","Perfected Strike","Clothesline","Armaments+1","Reaper","True Grit+1","Offering+1","True Grit+1"],"relics":["Burning Blood","Mercury Hourglass","Singing Bowl","Unceasing Top","Du-Vu Doll","Toxic Egg 2","Blood Vial","Black Star","Happy Flower"],"potions_floor_usage":[6,6,11,16,18,22,23],"damage_taken":[{"damage":19,"enemies":"Jaw Worm","floor":1,"turns":5},{"damage":3,"enemies":"2 Louse","floor":4,"turns":3},{"damage":28,"enemies":"Lagavulin","floor":6,"turns":6},{"damage":0,"enemies":"Cultist","floor":7,"turns":3},{"damage":19,"enemies":"Gremlin Nob","floor":8,"turns":4},{"damage":28,"enemies":"Lagavulin","floor":11,"turns":5},{"damage":2,"enemies":"Blue Slaver","floor":14,"turns":6},{"damage":0,"enemies":"The Guardian","floor":16,"turns":14},{"damage":27,"enemies":"2 Thieves","floor":18,"turns":4},{"damage":28,"enemies":"Spheric Guardian","floor":19,"turns":5},{"damage":37,"enemies":"Cultist and Chosen","floor":22,"turns":8},{"damage":32,"enemies":"Slavers","floor":23,"turns":2}],"seed_played":"2455512203412914491","potions_obtained":[{"floor":1,"key":"SteroidPotion"},{"floor":8,"key":"Block Potion"},{"floor":14,"key":"Block Potion"},{"floor":19,"key":"GamblersBrew"}],"is_trial":false,"path_per_floor":["M","?","?","M","$","E","M","E","T","?","E","R","$","M","R","B",null,"M","M","$","T","M","E"],"character_chosen":"IRONCLAD","items_purchased":["Mercury Hourglass","Perfected Strike","SteroidPotion","Reaper","Blood Vial","EssenceOfSteel","PowerPotion"],"campfire_rested":0,"item_purchase_floors":[5,5,5,13,13,13,20],"current_hp_per_floor":[55,55,60,63,63,41,47,36,36,36,16,16,16,28,28,43,69,52,32,32,32,15,0],"gold":99,"neow_bonus":"TWO_FIFTY_GOLD","is_prod":false,"is_daily":false,"chose_seed":false,"campfire_upgraded":2,"win_rate":0,"timestamp":1554449279,"path_taken":["M","?","?","M","$","E","M","E","T","?","E","R","$","M","R","BOSS","M","M","$","?","M","E"],"build_version":"2019-01-23","purchased_purges":2,"victory":false,"max_hp_per_floor":[68,68,73,73,73,73,73,75,75,75,77,77,77,77,77,77,77,79,79,79,79,81,81],"card_choices":[{"not_picked":["Sentinel","Wild Strike"],"picked":"True Grit","floor":1},{"not_picked":["Blood for Blood","Shockwave"],"picked":"Disarm","floor":4},{"not_picked":["Anger","Havoc"],"picked":"Clothesline","floor":6},{"not_picked":["Iron Wave","Heavy Blade"],"picked":"Armaments","floor":7},{"not_picked":["Heavy Blade","Brutality","Body Slam"],"picked":"Singing Bowl","floor":8},{"not_picked":["Heavy Blade","Havoc","Flex"],"picked":"Singing Bowl","floor":11},{"not_picked":["Entrench+1","Sword Boomerang"],"picked":"True Grit+1","floor":14},{"not_picked":["Berserk","Juggernaut"],"picked":"Offering+1","floor":16},{"not_picked":["Heavy Blade","Warcry+1","Sword Boomerang"],"picked":"Singing Bowl","floor":18},{"not_picked":["Thunderclap","Iron Wave"],"picked":"True Grit+1","floor":19},{"not_picked":["Headbutt","Ghostly Armor+1","Reckless Charge+1"],"picked":"Singing Bowl","floor":22}],"player_experience":1610792,"relics_obtained":[{"floor":6,"key":"Singing Bowl"},{"floor":8,"key":"Unceasing Top"},{"floor":9,"key":"Du-Vu Doll"},{"floor":11,"key":"Toxic Egg 2"},{"floor":21,"key":"Happy Flower"}],"event_choices":[{"damage_healed":0,"gold_gain":150,"player_choice":"AGREE","damage_taken":0,"max_hp_gain":0,"max_hp_loss":0,"event_name":"Liars Game","floor":2,"gold_loss":0,"cards_obtained":["Doubt"]},{"damage_healed":0,"gold_gain":0,"player_choice":"Donut","damage_taken":0,"max_hp_gain":5,"max_hp_loss":0,"event_name":"Big Fish","floor":3,"gold_loss":0},{"damage_healed":0,"gold_gain":275,"player_choice":"Desecrate","damage_taken":0,"max_hp_gain":0,"max_hp_loss":0,"event_name":"Golden Shrine","floor":10,"gold_loss":0,"cards_obtained":["Regret"]}],"is_beta":false,"boss_relics":[{"not_picked":["Eternal Feather","Runic Cube"],"picked":"Black Star"}],"items_purged_floors":[5,13],"is_endless":false,"potions_floor_spawned":[1,8,14,19],"killed_by":"Slavers","ascension_level":20}