{"path_per_floor":["M","M","$","?","M","E","?","R","T","?","M","M","R","?","R","B",null,"M","?","$","M","M","R","$","R","T","R","M","$","?","?","R","B",null,"M","M","?","M","?","R"],"character_chosen":"IRONCLAD","items_purchased":["Bag of Marbles","Regen Potion","Metallicize"],"gold_per_floor":[110,130,55,55,65,100,100,100,100,100,117,128,128,128,128,232,232,172,172,25,36,51,51,0,0,25,25,44,8,8,8,8,112,142,156,174,174,186,186,186],"floor_reached":41,"campfire_rested":5,"playtime":1666,"current_hp_per_floor":[86,86,83,83,83,56,39,78,78,78,73,67,67,60,83,44,73,51,78,78,60,18,57,57,57,57,83,44,44,44,44,83,38,77,76,68,88,31,77,77],"items_purged":["Parasite"],"gold":186,"score":600,"play_id":"340138de-4841-49e5-8253-7c1709cb77a8","local_time":"20180317215758","is_prod":false,"is_daily":false,"is_ascension_mode":true,"campfire_upgraded":3,"timestamp":1521338278,"path_taken":["M","M","$","?","?","E","?","R","T","?","M","?","R","?","R","BOSS","M","?","?","?","M","R","$","R","T","R","M","$","?","?","R","BOSS","M","M","?","M","?","R","E"],"build_version":"2018-03-15v3","purchased_purges":2,"victory":false,"master_deck":["Strike_R","Strike_R","Strike_R","Strike_R+1","Defend_R+1","Defend_R+1","Defend_R","Defend_R","Bash+1","Rampage+1","Flex+1","Demon Form+1","Shrug It Off+1","Metallicize+1","Shrug It Off+1","Battle Trance+1"],"max_hp_per_floor":[86,86,83,83,83,83,83,83,83,83,83,83,83,83,83,83,83,83,83,83,83,83,83,83,83,83,83,83,83,83,83,83,83,88,88,88,88,88,77,77],"relics":["Burning Blood","Mango","Regal Pillow","Omamori","Shuriken","Mark of Pain","Bag of Marbles","Art of War","Tiny House"],"card_choices":[{"not_picked":["Perfected Strike","Shrug It Off"],"picked":"Rampage"},{"not_picked":["Armaments","Clothesline"],"picked":"Flex"},{"not_picked":["Reaper","Juggernaut"],"picked":"Demon Form"},{"not_picked":["Clash","Warcry"],"picked":"Shrug It Off"},{"not_picked":["Warcry","Uppercut"],"picked":"Shrug It Off"},{"not_picked":["Iron Wave","Pummel"],"picked":"Battle Trance"}],"player_experience":549309,"potions_floor_usage":[12,18,33,33,35,35,36],"damage_taken":[{"damage":4,"enemies":"Small Slimes","floor":1,"turns":4},{"damage":6,"enemies":"Cultist","floor":2,"turns":3},{"damage":3,"enemies":"2 Louse","floor":5,"turns":3},{"damage":33,"enemies":"3 Sentries","floor":6,"turns":8},{"damage":11,"enemies":"2 Fungi Beasts","floor":11,"turns":4},{"damage":12,"enemies":"Large Slime","floor":12,"turns":5},{"damage":45,"enemies":"Slime Boss","floor":16,"turns":9},{"damage":28,"enemies":"2 Thieves","floor":18,"turns":4},{"damage":24,"enemies":"3 Byrds","floor":21,"turns":8},{"damage":48,"enemies":"3 Cultists","floor":22,"turns":7},{"damage":45,"enemies":"Chosen and Byrds","floor":28,"turns":7},{"damage":63,"enemies":"Champ","floor":33,"turns":10},{"damage":19,"enemies":"3 Shapes","floor":35,"turns":8},{"damage":14,"enemies":"Orb Walker","floor":36,"turns":4},{"damage":63,"enemies":"4 Shapes","floor":38,"turns":7},{"damage":92,"enemies":"2 Orb Walkers","floor":41,"turns":4}],"event_choices":[{"event_name":"Accursed Blacksmith","player_choice":"Forge","floor":4,"damage_taken":0},{"event_name":"Shining Light","player_choice":"Entered Light","floor":7,"damage_taken":0},{"event_name":"Upgrade Shrine","player_choice":"Upgraded","floor":10,"damage_taken":0},{"event_name":"Scrap Ooze","player_choice":"success","floor":14,"damage_taken":7},{"event_name":"The Library","player_choice":"Heal","floor":19,"damage_taken":0},{"event_name":"Back to Basics","player_choice":"Elegance","floor":30,"damage_taken":0},{"event_name":"Vampires","player_choice":"Ignored","floor":31,"damage_taken":0},{"event_name":"Winding Halls","player_choice":"Writhe","floor":37,"damage_taken":0},{"event_name":"The Moai Head","player_choice":"Heal","floor":39,"damage_taken":0}],"boss_relics":[{"not_picked":["White Beast Statue","Astrolabe"],"picked":"Mark of Pain"},{"not_picked":["Runic Dome","Pandora\u0027s Box"],"picked":"Tiny House"}],"potions_floor_spawned":[5,6,22,28,35],"seed_played":"-3412074520965901023","killed_by":"2 Orb Walkers","ascension_level":11,"is_trial":false}