{"path_per_floor":["M","?","?","M","M","E","R","E","T","R","?","M","M","M","R","B",null,"M","M","?","$","M","E","$","R","T","R","M","?","M","E","R","B",null,"M","?","$","M","M","R","M","M","T","E","?","M","R","?","R","B"],"character_chosen":"IRONCLAD","items_purchased":["Champion Belt","Orichalcum","Jack Of All Trades","Metallicize","Tiny Chest","Strength Potion"],"gold_per_floor":[111,111,111,131,147,191,191,222,248,248,317,338,358,383,383,514,552,570,583,583,55,68,109,13,13,63,63,88,3,21,54,54,175,175,194,194,40,60,76,76,97,112,112,150,150,174,174,0,0,0],"floor_reached":51,"campfire_rested":4,"playtime":3777,"current_hp_per_floor":[66,46,51,49,49,49,49,34,34,59,47,47,47,47,47,41,79,73,73,73,73,58,44,44,44,44,44,44,44,51,45,73,65,87,81,69,69,71,66,66,51,53,53,38,38,23,53,53,83,51],"items_purged":["Injury"],"gold":0,"score":749,"play_id":"970eb45a-a8fc-4955-ad16-1f2848eea3ce","is_prod":false,"is_daily":false,"is_ascension_mode":true,"campfire_upgraded":5,"path_taken":["M","?","?","M","M","E","R","E","T","R","?","M","M","M","R","BOSS","M","M","?","?","M","E","$","R","T","R","M","?","?","E","R","BOSS","M","?","$","M","?","R","M","M","T","E","?","?","R","?","R","BOSS"],"build_version":"2018-02-15-PROD1","purchased_purges":3,"victory":true,"master_deck":["Strike_R","Strike_R","Strike_R","Strike_R+1","Strike_R","Defend_R","Defend_R","Defend_R","Defend_R","Bash","Inflame+1","Clothesline","Flame Barrier","Shockwave+1","Flex","Impervious","Limit Break+1","Disarm","Pommel Strike+1","Inflame","Thunderclap","Body Slam+1","Jack Of All Trades+1","Thunderclap+1","Demon Form+1","Madness","Madness","Metallicize","Body Slam+1","Disarm+1"],"max_hp_per_floor":[80,80,85,85,85,85,85,85,85,85,85,85,85,85,85,85,90,90,90,90,90,90,90,90,90,90,90,90,90,92,94,94,94,94,96,96,96,98,98,98,98,100,100,100,100,102,102,102,102,102],"relics":["Velvet Choker","Golden Idol","Mercury Hourglass","Ice Cream","Ancient Tea Set","Anchor","Tiny House","Champion Belt","Orichalcum","Unceasing Top","Singing Bowl","Art of War","The Courier","Lizard Tail","Tiny Chest","Ginger","Gambling Chip","Red Mask"],"card_choices":[{"not_picked":["Heavy Blade","Havoc"],"picked":"Inflame"},{"not_picked":["Thunderclap","Wild Strike"],"picked":"Clothesline"},{"not_picked":["Thunderclap","Twin Strike"],"picked":"Flame Barrier"},{"not_picked":["True Grit","Wild Strike"],"picked":"Shockwave"},{"not_picked":["Sever Soul","Thunderclap"],"picked":"Flex"},{"not_picked":["Corruption","Flex"],"picked":"Impervious"},{"not_picked":["Exhume","Immolate"],"picked":"Limit Break"},{"not_picked":["Thunderclap","Anger"],"picked":"Disarm"},{"not_picked":["Seeing Red","Burning Pact"],"picked":"Pommel Strike"},{"not_picked":["Body Slam","Reckless Charge"],"picked":"Inflame"},{"not_picked":["Headbutt","Wild Strike"],"picked":"Thunderclap"},{"not_picked":["Perfected Strike","Rupture"],"picked":"Body Slam"},{"not_picked":["Havoc","Disarm"],"picked":"Thunderclap"},{"not_picked":["Limit Break","Berserk"],"picked":"Demon Form"},{"not_picked":["Infernal Blade","Evolve"],"picked":"Body Slam"},{"not_picked":["Havoc","Shrug It Off"],"picked":"Disarm"},{"not_picked":["Warcry","Limit Break"],"picked":"Corruption"}],"player_experience":288397,"potions_floor_usage":[6,13,16,18,23,30,38,39,42,46,50],"damage_taken":[{"damage":14,"enemies":"2 Louse","floor":1,"turns":3},{"damage":2,"enemies":"Small Slimes","floor":4,"turns":3},{"damage":0,"enemies":"Cultist","floor":5,"turns":2},{"damage":0,"enemies":"Gremlin Nob","floor":6,"turns":2},{"damage":15,"enemies":"Lagavulin","floor":8,"turns":5},{"damage":12,"enemies":"3 Sentries","floor":11,"turns":5},{"damage":0,"enemies":"Large Slime","floor":12,"turns":4},{"damage":0,"enemies":"3 Louse","floor":13,"turns":2},{"damage":0,"enemies":"Blue Slaver","floor":14,"turns":3},{"damage":6,"enemies":"The Guardian","floor":16,"turns":10},{"damage":6,"enemies":"Spheric Guardian","floor":18,"turns":4},{"damage":0,"enemies":"3 Byrds","floor":19,"turns":3},{"damage":15,"enemies":"Snake Plant","floor":22,"turns":3},{"damage":29,"enemies":"Slavers","floor":23,"turns":6},{"damage":0,"enemies":"Centurion and Healer","floor":28,"turns":4},{"damage":10,"enemies":"Cultist and Chosen","floor":30,"turns":6},{"damage":8,"enemies":"Book of Stabbing","floor":31,"turns":5},{"damage":8,"enemies":"Champ","floor":33,"turns":8},{"damage":8,"enemies":"3 Shapes","floor":35,"turns":5},{"damage":0,"enemies":"Orb Walker","floor":38,"turns":3},{"damage":5,"enemies":"3 Darklings","floor":39,"turns":5},{"damage":15,"enemies":"4 Shapes","floor":41,"turns":4},{"damage":0,"enemies":"Maw","floor":42,"turns":6},{"damage":15,"enemies":"Nemesis","floor":44,"turns":5},{"damage":17,"enemies":"Sphere and 2 Shapes","floor":46,"turns":4},{"damage":118,"enemies":"Awakened One","floor":50,"turns":9}],"event_choices":[{"event_name":"Golden Idol","player_choice":"Take Damage","floor":2,"damage_taken":0},{"event_name":"Big Fish","player_choice":"Donut","floor":3,"damage_taken":0},{"event_name":"Dead Adventurer","player_choice":"Searched \u00271\u0027 times","floor":11,"damage_taken":0},{"event_name":"Accursed Blacksmith","player_choice":"Forge","floor":20,"damage_taken":0},{"event_name":"Addict","player_choice":"Obtained Relic","floor":29,"damage_taken":0},{"event_name":"Winding Halls","player_choice":"Embrace Madness","floor":36,"damage_taken":0},{"event_name":"Tomb of Lord Red Mask","player_choice":"Paid","floor":48,"damage_taken":0}],"boss_relics":[{"not_picked":["Runic Dome","Orrery"],"picked":"Tiny House"},{"not_picked":["Eternal Feather","Mark of Pain"],"picked":"Lizard Tail"}],"potions_floor_spawned":[1,5,11,14,22,23,33,39,46],"seed_played":"7794345890271145362","ascension_level":5,"is_trial":false}