{"gold_per_floor":[117,129,143,19,30,30,62,62,87,119,133,189,219,235,235,340,340,352,10,10,29,49,374,374,390,390,419,444,456,418,430],"floor_reached":31,"playtime":2199,"items_purged":[],"score":635,"play_id":"b8dbe04b-ec56-4653-a819-1e70d84157b4","local_time":"20190319213126","is_ascension_mode":true,"campfire_choices":[{"data":"Buffer","floor":6,"key":"SMITH"},{"data":"Sunder","floor":8,"key":"SMITH"},{"data":"Consume","floor":15,"key":"SMITH"},{"data":"Creative AI","floor":24,"key":"SMITH"},{"data":"Thunder Strike","floor":29,"key":"SMITH"}],"neow_cost":"NONE","seed_source_timestamp":242955725179267,"circlet_count":0,"master_deck":["AscendersBane","Strike_B","Strike_B","Strike_B+1","Strike_B","Defend_B","Defend_B","Defend_B","Defend_B","Zap","Dualcast","BootSequence","Go for the Eyes","Sunder+1","Loop","Compile Driver","Buffer+1","Ball Lightning+1","Cold Snap","Reinforced Body","Glacier","Consume+1","Creative AI+1","Compile Driver","Stack","Thunder Strike+1","Darkness+1","Ball Lightning"],"relics":["Cracked Core","Boot","Blood Vial","Vajra","Whetstone","Velvet Choker","OrangePellets","Anchor","Old Coin","The Courier","MawBank"],"potions_floor_usage":[11,13,16,21,23,25,31],"damage_taken":[{"damage":15,"enemies":"2 Louse","floor":1,"turns":3},{"damage":0,"enemies":"Small Slimes","floor":2,"turns":3},{"damage":5,"enemies":"Cultist","floor":3,"turns":4},{"damage":8,"enemies":"Blue Slaver","floor":5,"turns":3},{"damage":0,"enemies":"Lagavulin","floor":7,"turns":7},{"damage":10,"enemies":"Gremlin Nob","floor":10,"turns":5},{"damage":18,"enemies":"Exordium Thugs","floor":11,"turns":4},{"damage":0,"enemies":"3 Sentries","floor":13,"turns":3},{"damage":0,"enemies":"2 Fungi Beasts","floor":14,"turns":3},{"damage":0,"enemies":"The Guardian","floor":16,"turns":11},{"damage":0,"enemies":"Shell Parasite","floor":18,"turns":5},{"damage":0,"enemies":"Spheric Guardian","floor":21,"turns":3},{"damage":22,"enemies":"Snake Plant","floor":22,"turns":4},{"damage":8,"enemies":"Slavers","floor":23,"turns":5},{"damage":13,"enemies":"3 Cultists","floor":25,"turns":7},{"damage":20,"enemies":"Gremlin Leader","floor":27,"turns":9},{"damage":4,"enemies":"Snecko","floor":28,"turns":18},{"damage":24,"enemies":"Slavers","floor":31,"turns":4}],"seed_played":"-6701530366374051270","potions_obtained":[{"floor":5,"key":"Ancient Potion"},{"floor":10,"key":"Explosive Potion"},{"floor":13,"key":"PowerPotion"},{"floor":14,"key":"AttackPotion"},{"floor":20,"key":"Fire Potion"},{"floor":23,"key":"Poison Potion"},{"floor":27,"key":"Explosive Potion"}],"is_trial":false,"path_per_floor":["M","M","M","$","M","R","E","R","T","E","M","?","E","M","R","B",null,"M","$","?","M","M","E","R","M","T","E","M","R","?","E"],"character_chosen":"DEFECT","items_purchased":["Loop","Compile Driver","OrangePellets","Anchor"],"campfire_rested":0,"item_purchase_floors":[4,4,19,19],"current_hp_per_floor":[60,60,55,55,47,47,47,47,47,39,23,23,25,27,27,29,69,71,71,71,73,53,47,47,36,36,18,16,16,16,0],"gold":430,"neow_bonus":"TEN_PERCENT_HP_BONUS","is_prod":false,"is_daily":false,"chose_seed":false,"campfire_upgraded":5,"win_rate":0,"timestamp":1553045486,"path_taken":["M","M","M","$","M","R","E","R","T","E","M","?","E","M","R","BOSS","M","$","?","?","M","E","R","M","T","E","M","R","?","E"],"build_version":"2019-01-23","purchased_purges":0,"victory":false,"max_hp_per_floor":[82,82,82,82,82,82,82,82,82,82,82,82,82,82,82,82,82,82,82,82,82,82,82,82,82,82,82,82,82,82,82],"card_choices":[{"not_picked":["Streamline","Leap"],"picked":"BootSequence","floor":1},{"not_picked":["Force Field","Streamline"],"picked":"Go for the Eyes","floor":2},{"not_picked":["Beam Cell","Stack"],"picked":"Sunder","floor":3},{"not_picked":["Reprogram","Storm"],"picked":"Buffer","floor":5},{"not_picked":["Darkness","Leap"],"picked":"Ball Lightning","floor":7},{"not_picked":["Conserve Battery","Compile Driver"],"picked":"Cold Snap","floor":10},{"not_picked":["Compile Driver","Sweeping Beam"],"picked":"Reinforced Body","floor":11},{"not_picked":["Chaos","Coolheaded"],"picked":"Glacier","floor":13},{"not_picked":["Go for the Eyes","Stack"],"picked":"Consume","floor":14},{"not_picked":["Fission","Meteor Strike"],"picked":"Creative AI","floor":16},{"not_picked":["Steam","Darkness"],"picked":"Compile Driver","floor":18},{"not_picked":["Sweeping Beam","Go for the Eyes"],"picked":"Stack","floor":21},{"not_picked":["Barrage","Rebound"],"picked":"Thunder Strike","floor":22},{"not_picked":["Barrage","Redo","Steam"],"picked":"SKIP","floor":23},{"not_picked":["Rebound","Streamline","Go for the Eyes"],"picked":"SKIP","floor":25},{"not_picked":["Rip and Tear+1","Turbo+1"],"picked":"Darkness+1","floor":27},{"not_picked":["Stack","Compile Driver"],"picked":"Ball Lightning","floor":28}],"player_experience":1266592,"relics_obtained":[{"floor":7,"key":"Boot"},{"floor":9,"key":"Blood Vial"},{"floor":10,"key":"Vajra"},{"floor":13,"key":"Whetstone"},{"floor":23,"key":"Old Coin"},{"floor":26,"key":"The Courier"},{"floor":27,"key":"MawBank"}],"event_choices":[{"damage_healed":0,"gold_gain":56,"player_choice":"Gained Gold","damage_taken":0,"max_hp_gain":0,"max_hp_loss":0,"event_name":"Golden Wing","floor":12,"gold_loss":0},{"damage_healed":0,"gold_gain":0,"player_choice":"Got Potions","damage_taken":0,"max_hp_gain":0,"max_hp_loss":0,"event_name":"Lab","floor":20,"gold_loss":0},{"damage_healed":0,"gold_gain":0,"player_choice":"Bet on Owner","damage_taken":0,"max_hp_gain":0,"max_hp_loss":0,"event_name":"The Joust","floor":30,"gold_loss":50}],"is_beta":false,"boss_relics":[{"not_picked":["Orrery","Cursed Key"],"picked":"Velvet Choker"}],"items_purged_floors":[],"is_endless":false,"potions_floor_spawned":[5,10,13,14,23,27],"killed_by":"Slavers","ascension_level":12}