{"gold_per_floor":[115,115,127,144,43,43,56,88,88,100,21,21,21,49,49,126,126,46,46,46,46,46,46,46,46,46,18,18,18,18,18,18,18,18,18,18,18,18,0,0,0,0,0,0,0,0,0],"floor_reached":47,"playtime":2673,"items_purged":[],"score":998,"play_id":"ac1740ec-77f5-415f-8cb8-84ecb4f4a8e5","local_time":"20190302112816","is_ascension_mode":true,"campfire_choices":[{"data":"Leg Sweep","floor":6.0,"key":"SMITH"},{"data":"Malaise","floor":15.0,"key":"SMITH"},{"data":"Footwork","floor":23.0,"key":"SMITH"},{"data":"Doppelganger","floor":29.0,"key":"SMITH"},{"data":"Burst","floor":32.0,"key":"SMITH"},{"floor":40.0,"key":"RECALL"},{"floor":45.0,"key":"REST"}],"neow_cost":"NONE","seed_source_timestamp":0,"circlet_count":0,"master_deck":["AscendersBane","Defend_G","Defend_G","Defend_G","Defend_G","Defend_G","Strike_G","Strike_G","Survivor","Neutralize","Dodge and Roll","PiercingWail","Quick Slash","Leg Sweep+1","Poisoned Stab","Malaise+1","Footwork+1","Doppelganger+1","Leg Sweep","After Image","Infinite Blades","Predator+1","Backflip","Burst+1","Backflip","Infinite Blades","Escape Plan+1","After Image","Cloak And Dagger","PiercingWail","Parasite"],"special_seed":0,"relics":["Ring of the Snake","NeowsBlessing","Shuriken","Pantograph","Snake Skull","Ectoplasm","Busted Crown","Gambling Chip","Red Mask","Orichalcum","Lantern","Blue Candle","Question Card"],"potions_floor_usage":[47],"damage_taken":[{"damage":0.0,"enemies":"2 Louse","floor":1.0,"turns":1.0},{"damage":0.0,"enemies":"Cultist","floor":3.0,"turns":1.0},{"damage":0.0,"enemies":"Jaw Worm","floor":4.0,"turns":1.0},{"damage":0.0,"enemies":"Exordium Thugs","floor":7.0,"turns":9.0},{"damage":25.0,"enemies":"Lagavulin","floor":8.0,"turns":8.0},{"damage":5.0,"enemies":"2 Fungi Beasts","floor":10.0,"turns":6.0},{"damage":19.0,"enemies":"Gremlin Nob","floor":14.0,"turns":5.0},{"damage":30.0,"enemies":"The Guardian","floor":16.0,"turns":22.0},{"damage":9.0,"enemies":"2 Thieves","floor":18.0,"turns":4.0},{"damage":0.0,"enemies":"Spheric Guardian","floor":19.0,"turns":7.0},{"damage":2.0,"enemies":"Snake Plant","floor":20.0,"turns":8.0},{"damage":7.0,"enemies":"Snecko","floor":21.0,"turns":10.0},{"damage":6.0,"enemies":"Shelled Parasite and Fungi","floor":24.0,"turns":10.0},{"damage":10.0,"enemies":"Cultist and Chosen","floor":25.0,"turns":12.0},{"damage":0.0,"enemies":"Snecko","floor":28.0,"turns":8.0},{"damage":0.0,"enemies":"Snake Plant","floor":31.0,"turns":8.0},{"damage":25.0,"enemies":"Champ","floor":33.0,"turns":15.0},{"damage":20.0,"enemies":"3 Darklings","floor":35.0,"turns":7.0},{"damage":0.0,"enemies":"3 Shapes","floor":36.0,"turns":10.0},{"damage":0.0,"enemies":"Writhing Mass","floor":37.0,"turns":10.0},{"damage":0.0,"enemies":"Mind Bloom Boss Battle","floor":38.0,"turns":12.0},{"damage":10.0,"enemies":"Giant Head","floor":42.0,"turns":12.0},{"damage":44.0,"enemies":"Reptomancer","floor":44.0,"turns":13.0},{"damage":19.0,"enemies":"4 Shapes","floor":46.0,"turns":10.0},{"damage":6,"enemies":"Sphere and 2 Shapes","floor":47,"turns":3}],"seed_played":"-8089177007176974633","potions_obtained":[{"floor":1.0,"key":"Poison Potion"},{"floor":4.0,"key":"GhostInAJar"},{"floor":8.0,"key":"SkillPotion"},{"floor":14.0,"key":"Explosive Potion"},{"floor":16.0,"key":"SkillPotion"},{"floor":19.0,"key":"Strength Potion"},{"floor":21.0,"key":"LiquidBronze"},{"floor":44.0,"key":"Poison Potion"}],"is_trial":false,"path_per_floor":["M","?","M","M","$","R","M","E","T","M","$","?","$","E","R","B",null,"M","M","M","M","?","R","M","M","T","$","M","R","?","M","R","B",null,"M","M","M","?","?","R","T","E","T","E","R","M","M"],"character_chosen":"THE_SILENT","items_purchased":["Leg Sweep","Poisoned Stab","Footwork","Backflip"],"campfire_rested":1,"item_purchase_floors":[5,5,11,27],"current_hp_per_floor":[59,59,59,59,59,59,59,34,34,29,29,29,29,10,10,5,51,42,42,40,33,33,33,27,17,17,17,17,17,17,17,17,17,54,34,34,34,59,59,59,59,49,49,5,24,5,0],"gold":0,"neow_bonus":"THREE_ENEMY_KILL","is_prod":false,"is_daily":false,"chose_seed":false,"campfire_upgraded":5,"win_rate":0,"timestamp":1551551296,"path_taken":["M","?","?","M","$","R","M","E","T","M","$","?","$","E","R","BOSS","M","M","?","M","?","R","M","M","T","$","?","R","?","M","R","BOSS","M","M","M","?","?","R","?","E","T","E","R","M","?"],"build_version":"2019-02-06","purchased_purges":0,"victory":false,"max_hp_per_floor":[66,66,66,66,66,66,66,66,66,66,66,66,66,66,66,66,66,66,66,66,66,66,66,66,66,66,66,66,66,66,66,66,66,66,66,66,66,66,66,66,66,66,66,66,66,66,66],"card_choices":[{"not_picked":["Catalyst","Finisher"],"picked":"Dodge and Roll","floor":1.0},{"not_picked":["Outmaneuver","Bane"],"picked":"PiercingWail","floor":3.0},{"not_picked":["Tactician","Sucker Punch"],"picked":"Quick Slash","floor":4.0},{"not_picked":["Grand Finale","Masterful Stab","Bane"],"picked":"SKIP","floor":7.0},{"not_picked":["Bane","Flying Knee"],"picked":"Malaise","floor":8.0},{"not_picked":["Bane","Flying Knee","Outmaneuver"],"picked":"SKIP","floor":10.0},{"not_picked":["PiercingWail","Die Die Die"],"picked":"Leg Sweep","floor":14.0},{"not_picked":["Grand Finale","Adrenaline"],"picked":"After Image","floor":16.0},{"not_picked":["Quick Slash","Dagger Throw"],"picked":"Infinite Blades","floor":18.0},{"not_picked":["Slice","Underhanded Strike","Prepared+1"],"picked":"SKIP","floor":19.0},{"not_picked":["Masterful Stab","Blade Dance","Concentrate"],"picked":"SKIP","floor":20.0},{"not_picked":["Underhanded Strike","Prepared+1"],"picked":"Predator+1","floor":21.0},{"not_picked":["Finisher","PiercingWail+1"],"picked":"Backflip","floor":24.0},{"not_picked":["Acrobatics","Poisoned Stab"],"picked":"Burst","floor":25.0},{"not_picked":["Acrobatics","Expertise","Dagger Spray"],"picked":"SKIP","floor":28.0},{"not_picked":["Dagger Throw","Dagger Spray"],"picked":"Escape Plan+1","floor":31.0},{"not_picked":["Grand Finale","Tools of the Trade"],"picked":"After Image","floor":33.0},{"not_picked":[],"picked":"Cloak And Dagger","floor":35.0},{"not_picked":[],"picked":"PiercingWail","floor":36.0},{"not_picked":["Setup"],"picked":"SKIP","floor":37.0},{"not_picked":["Flechettes"],"picked":"SKIP","floor":42.0},{"not_picked":["Calculated Gamble"],"picked":"SKIP","floor":44.0},{"not_picked":["Bane","Quick Slash+1"],"picked":"SKIP","floor":46.0}],"player_experience":1137834,"relics_obtained":[{"floor":8.0,"key":"Shuriken"},{"floor":9.0,"key":"Pantograph"},{"floor":14.0,"key":"Snake Skull"},{"floor":38.0,"key":"Gambling Chip"},{"floor":41.0,"key":"Orichalcum"},{"floor":42.0,"key":"Lantern"},{"floor":43.0,"key":"Blue Candle"},{"floor":44.0,"key":"Question Card"}],"event_choices":[{"cards_removed":["Strike_G"],"damage_healed":0.0,"max_hp_gain":0.0,"max_hp_loss":0.0,"gold_gain":0.0,"event_name":"Bonfire Elementals","player_choice":"Offered Basic","floor":2.0,"gold_loss":0.0,"damage_taken":0.0},{"damage_healed":0.0,"max_hp_gain":0.0,"max_hp_loss":0.0,"gold_gain":0.0,"cards_transformed":["Strike_G"],"event_name":"Transmorgrifier","player_choice":"Transformed","floor":12.0,"gold_loss":0.0,"damage_taken":0.0,"cards_obtained":["Doppelganger"]},{"cards_removed":["Strike_G"],"damage_healed":0.0,"max_hp_gain":0.0,"max_hp_loss":0.0,"gold_gain":0.0,"event_name":"Purifier","player_choice":"Purged","floor":22.0,"gold_loss":0.0,"damage_taken":0.0},{"damage_healed":0.0,"max_hp_gain":0.0,"max_hp_loss":0.0,"gold_gain":0.0,"event_name":"The Library","player_choice":"Read","floor":30.0,"gold_loss":0.0,"damage_taken":0.0,"cards_obtained":["Infinite Blades"]},{"damage_healed":0.0,"max_hp_gain":0.0,"max_hp_loss":0.0,"gold_gain":0.0,"event_name":"MindBloom","player_choice":"Fight","floor":38.0,"gold_loss":0.0,"damage_taken":0.0},{"damage_healed":0.0,"max_hp_gain":0.0,"max_hp_loss":0.0,"gold_gain":0.0,"event_name":"Tomb of Lord Red Mask","player_choice":"Paid","floor":39.0,"gold_loss":18.0,"damage_taken":0.0,"relics_obtained":["Red Mask"]}],"is_beta":true,"boss_relics":[{"not_picked":["Fusion Hammer","Orrery"],"picked":"Ectoplasm"},{"not_picked":["Snecko Eye","Black Star"],"picked":"Busted Crown"}],"items_purged_floors":[],"is_endless":false,"potions_floor_spawned":[1,4,8,14,16,19,21,25,28,35,44],"killed_by":"Sphere and 2 Shapes","ascension_level":20}