{"path_per_floor":["M","$","M","M","M","R","M","R","T","M","E","$","T","M","R","B",null,"M","$","?","M"],"character_chosen":"IRONCLAD","items_purchased":["Feed"],"gold_per_floor":[112,37,56,75,89,89,100,100,152,167,193,40,40,54,54,127,127,139,139,139,155,155],"floor_reached":22,"campfire_rested":0,"playtime":625,"current_hp_per_floor":[72,72,78,70,46,46,48,48,48,46,40,40,54,63,63,15,77,64,64,64,41,0],"items_purged":["Defend_R"],"gold":155,"score":335,"play_id":"7adf1f8b-caf6-4638-84c1-54e6e50ad08f","local_time":"20180412161027","is_prod":false,"is_daily":false,"is_ascension_mode":true,"campfire_upgraded":3,"timestamp":1523574627,"path_taken":["M","?","M","?","M","R","M","R","T","M","E","$","?","M","R","BOSS","M","$","?","M","M"],"build_version":"2018-04-05v2","purchased_purges":1,"victory":false,"master_deck":["Strike_R","Strike_R","Strike_R","Strike_R","Defend_R","Defend_R","Defend_R","Bash+1","AscendersBane","Iron Wave","Iron Wave","Iron Wave","Thunderclap","Flex+1","Thunderclap","Flex+1","Feed","Dropkick","Impervious","Pommel Strike","Purity","Bash","Injury","Uppercut+1"],"max_hp_per_floor":[80,80,80,80,80,80,80,80,80,80,80,80,94,97,97,97,97,100,100,100,100,103],"relics":["Burning Blood","Prayer Wheel","Dream Catcher","Mango","Mark of Pain"],"card_choices":[{"not_picked":["Havoc","Headbutt"],"picked":"Iron Wave","floor":1},{"not_picked":["Anger","True Grit"],"picked":"Iron Wave","floor":3},{"not_picked":["Wild Strike","Clothesline"],"picked":"Iron Wave","floor":4},{"not_picked":["Perfected Strike","Body Slam"],"picked":"Thunderclap","floor":5},{"not_picked":["Power Through","Dark Embrace"],"picked":"Flex","floor":7},{"not_picked":["Body Slam","Sentinel"],"picked":"Thunderclap","floor":10},{"not_picked":["Twin Strike","Warcry"],"picked":"Flex","floor":11},{"not_picked":["Combust","Whirlwind"],"picked":"Dropkick","floor":13},{"not_picked":["Dark Embrace","Berserk"],"picked":"Impervious","floor":16},{"not_picked":["Bloodletting","Cleave"],"picked":"Pommel Strike","floor":18},{"not_picked":["Armaments","Thunderclap"],"picked":"Uppercut","floor":21}],"player_experience":437928,"potions_floor_usage":[11,11,16,16],"damage_taken":[{"damage":6,"enemies":"Cultist","floor":1,"turns":3},{"damage":0,"enemies":"2 Louse","floor":3,"turns":3},{"damage":14,"enemies":"Jaw Worm","floor":4,"turns":3},{"damage":30,"enemies":"Lots of Slimes","floor":5,"turns":6},{"damage":4,"enemies":"Exordium Wildlife","floor":7,"turns":3},{"damage":8,"enemies":"3 Louse","floor":10,"turns":3},{"damage":21,"enemies":"Gremlin Nob","floor":11,"turns":4},{"damage":0,"enemies":"Large Slime","floor":14,"turns":5},{"damage":54,"enemies":"The Guardian","floor":16,"turns":12},{"damage":22,"enemies":"3 Byrds","floor":18,"turns":7},{"damage":29,"enemies":"Shell Parasite","floor":21,"turns":6},{"damage":54,"enemies":"Cultist and Chosen","floor":22,"turns":7}],"event_choices":[{"event_name":"Match and Keep!","player_choice":"3 cards matched","floor":20,"damage_taken":0}],"boss_relics":[{"not_picked":["Pandora\u0027s Box","Calling Bell"],"picked":"Mark of Pain"}],"potions_floor_spawned":[4,10,11,14,21],"seed_played":"810291256386853888","killed_by":"Cultist and Chosen","ascension_level":13,"is_trial":false}