{"gold_per_floor":[110,185,196,206,206,239,239,273,325,325,325],"floor_reached":11,"playtime":499,"items_purged":[],"score":162,"play_id":"098836ad-b4a9-482d-9037-45aae67b89bd","local_time":"20190424222404","is_ascension_mode":true,"campfire_choices":[{"data":"Beam Cell","floor":7,"key":"SMITH"},{"data":"Zap","floor":10,"key":"SMITH"}],"neow_cost":"TEN_PERCENT_HP_LOSS","seed_source_timestamp":188710706768555,"circlet_count":0,"master_deck":["AscendersBane","Strike_B","Strike_B","Strike_B","Defend_B","Defend_B","Defend_B","Defend_B","Zap+1","Dualcast","Coolheaded","Beam Cell+1","Ball Lightning","Leap","Echo Form"],"relics":["Cracked Core","Incense Burner","Meat on the Bone","Boot","Lantern"],"potions_floor_usage":[6,8,11],"damage_taken":[{"damage":2,"enemies":"Jaw Worm","floor":1,"turns":3},{"damage":0,"enemies":"Cultist","floor":3,"turns":4},{"damage":5,"enemies":"2 Louse","floor":4,"turns":2},{"damage":3,"enemies":"Lagavulin","floor":6,"turns":5},{"damage":33,"enemies":"3 Sentries","floor":8,"turns":14},{"damage":39,"enemies":"Gremlin Nob","floor":11,"turns":3}],"seed_played":"-585597730191770460","potions_obtained":[{"floor":3,"key":"Dexterity Potion"},{"floor":4,"key":"Weak Potion"},{"floor":8,"key":"SkillPotion"}],"is_trial":false,"path_per_floor":["M","?","M","M","?","E","R","E","T","R","E"],"character_chosen":"DEFECT","items_purchased":[],"campfire_rested":0,"item_purchase_floors":[],"current_hp_per_floor":[62,51,51,46,46,43,43,22,22,22,0],"gold":325,"neow_bonus":"ONE_RARE_RELIC","is_prod":false,"is_daily":false,"chose_seed":false,"campfire_upgraded":2,"win_rate":0,"timestamp":1556159044,"path_taken":["M","?","M","M","?","E","R","E","T","R","E"],"build_version":"2019-01-23","purchased_purges":0,"victory":false,"max_hp_per_floor":[64,64,64,64,64,64,64,64,64,64,64],"card_choices":[{"not_picked":["Skim","Auto Shields"],"picked":"Coolheaded","floor":1},{"not_picked":["Turbo","Coolheaded"],"picked":"Beam Cell","floor":3},{"not_picked":["Heatsinks","Steam"],"picked":"Ball Lightning","floor":4},{"not_picked":["Beam Cell","Turbo"],"picked":"Leap","floor":6},{"not_picked":["Stack","Darkness"],"picked":"Echo Form","floor":8}],"player_experience":1921334,"relics_obtained":[{"floor":6,"key":"Meat on the Bone"},{"floor":8,"key":"Boot"},{"floor":9,"key":"Lantern"}],"event_choices":[{"damage_healed":0,"gold_gain":75,"player_choice":"Gather Gold","damage_taken":11,"max_hp_gain":0,"max_hp_loss":0,"event_name":"World of Goop","floor":2,"gold_loss":0},{"cards_removed":["Strike_B"],"damage_healed":0,"gold_gain":0,"player_choice":"Offered Basic","damage_taken":0,"max_hp_gain":0,"max_hp_loss":0,"event_name":"Bonfire Elementals","floor":5,"gold_loss":0}],"is_beta":false,"boss_relics":[],"items_purged_floors":[],"is_endless":false,"potions_floor_spawned":[3,4,8],"killed_by":"Gremlin Nob","ascension_level":20}