{"path_per_floor":["M","?","M","?","M","R","E","R","T","?","?","M","M","M","R","B",null,"M","$","?","M","?","R","?","R","T","R","$","E"],"character_chosen":"DEFECT","items_purchased":["Apotheosis","FTL"],"gold_per_floor":[118,118,133,133,149,149,178,178,178,128,128,144,164,178,178,279,279,290,17,17,35,35,35,35,35,35,35,35,60,60],"floor_reached":30,"campfire_rested":1,"playtime":612,"current_hp_per_floor":[56,56,56,56,54,58,51,55,55,55,55,55,55,32,38,30,89,67,67,67,41,41,49,32,68,68,76,76,23,0],"items_purged":[],"gold":60,"score":308,"play_id":"aefdea3d-4183-4643-9d45-ff6662e958e5","local_time":"20180428134351","is_prod":false,"is_daily":false,"chose_seed":false,"is_ascension_mode":true,"campfire_upgraded":5,"timestamp":1524948231,"path_taken":["M","?","?","?","M","R","E","R","T","?","?","M","M","?","R","BOSS","M","$","?","M","?","R","?","R","T","R","$","E","M"],"build_version":"2018-04-27v3","seed_source_timestamp":246340887452867,"purchased_purges":0,"victory":false,"master_deck":["Strike_B+1","Strike_B+1","Strike_B+1","Strike_B+1","Defend_B+1","Defend_B+1","Defend_B+1","Defend_B+1","Zap+1","Ball Lightning+1","Leap+1","Defragment+1","Barrage","Capacitor+1","Force Field+1","Nova+1","Self Repair+1","Apotheosis+1","FTL","FTL","Defragment+1","Prime+1"],"max_hp_per_floor":[75,75,75,75,75,75,89,89,89,89,89,89,89,89,89,89,89,89,89,89,89,89,89,94,94,94,94,94,94,94],"relics":["Eternal Feather","Mango","Frozen Egg 2","Sozu","Girya","Oddly Smooth Stone"],"card_choices":[{"not_picked":["Sweeping Beam","Rebound"],"picked":"Ball Lightning","floor":1},{"not_picked":["Beam Cell","Impulse"],"picked":"Leap","floor":3},{"not_picked":["Heatsinks","Go for the Eyes"],"picked":"Defragment","floor":7},{"not_picked":["Axe Kick","Multi-Cast"],"picked":"Barrage","floor":12},{"not_picked":["Rebound","Tempest"],"picked":"Capacitor","floor":13},{"not_picked":["Glacier","Barrage"],"picked":"Force Field","floor":14},{"not_picked":["Fission","All For One"],"picked":"Nova","floor":16},{"not_picked":["Recycle","Stack"],"picked":"Self Repair","floor":18},{"not_picked":["Impulse","Chill"],"picked":"FTL","floor":21},{"not_picked":["Meteor Strike","Flux Capacitor"],"picked":"Prime","floor":29}],"player_experience":540981,"potions_floor_usage":[7,12,16,21,21],"damage_taken":[{"damage":19,"enemies":"Small Slimes","floor":1,"turns":5},{"damage":0,"enemies":"Cultist","floor":3,"turns":3},{"damage":2,"enemies":"Jaw Worm","floor":5,"turns":3},{"damage":21,"enemies":"Lagavulin","floor":7,"turns":6},{"damage":0,"enemies":"Gremlin Gang","floor":12,"turns":3},{"damage":0,"enemies":"Large Slime","floor":13,"turns":4},{"damage":23,"enemies":"Exordium Thugs","floor":14,"turns":4},{"damage":8,"enemies":"Hexaghost","floor":16,"turns":9},{"damage":22,"enemies":"2 Thieves","floor":18,"turns":4},{"damage":36,"enemies":"Chosen","floor":21,"turns":5},{"damage":63,"enemies":"Slavers","floor":29,"turns":6},{"damage":26,"enemies":"Snake Plant","floor":30,"turns":2}],"event_choices":[{"event_name":"Accursed Blacksmith","player_choice":"Forge","floor":2,"damage_taken":0},{"event_name":"The Lab","player_choice":"Got Potions","floor":4,"damage_taken":0},{"event_name":"The Cleric","player_choice":"Card Removal","floor":10,"damage_taken":0},{"event_name":"Upgrade Shrine","player_choice":"Upgraded","floor":11,"damage_taken":0},{"event_name":"Back to Basics","player_choice":"Simplicity","floor":20,"damage_taken":0},{"event_name":"Duplicator","player_choice":"One dupe","floor":22,"damage_taken":0},{"event_name":"Forgotten Altar","player_choice":"Shed Blood","floor":24,"damage_taken":0}],"boss_relics":[{"not_picked":["Astrolabe","Cursed Key"],"picked":"Sozu"}],"potions_floor_spawned":[7,14,18,29],"seed_played":"5781594881329926034","killed_by":"Snake Plant","ascension_level":3,"is_trial":false}