{"gold_per_floor":[216,228,278,1,1,1,26,26,26,26,26,176,176,194,194,194],"floor_reached":16,"playtime":409,"items_purged":[],"score":192,"play_id":"508cd127-702d-46b9-9bfd-312909e78fe7","local_time":"20190405143423","is_ascension_mode":true,"campfire_choices":[{"data":"Bash","floor":6,"key":"SMITH"},{"data":"Clothesline","floor":8,"key":"SMITH"},{"data":"Reckless Charge","floor":10,"key":"SMITH"},{"floor":15,"key":"REST"}],"neow_cost":"NONE","seed_source_timestamp":361357052312720,"circlet_count":0,"master_deck":["AscendersBane","Strike_R","Strike_R","Strike_R","Strike_R","Strike_R","Defend_R","Defend_R","Defend_R","Defend_R","Bash+1","Reckless Charge+1","Clothesline+1","Spot Weakness","Doubt","Headbutt+1"],"relics":["Burning Blood","Singing Bowl","Orichalcum","Mummified Hand","Molten Egg 2","Golden Idol"],"potions_floor_usage":[7,14],"damage_taken":[{"damage":4,"enemies":"Small Slimes","floor":1,"turns":4},{"damage":1,"enemies":"Cultist","floor":2,"turns":3},{"damage":43,"enemies":"3 Sentries","floor":7,"turns":11},{"damage":0,"enemies":"2 Louse","floor":14,"turns":3},{"damage":41,"enemies":"The Guardian","floor":16,"turns":5}],"seed_played":"-6026369145143401250","potions_obtained":[{"floor":1,"key":"LiquidBronze"},{"floor":7,"key":"Swift Potion"}],"is_trial":false,"path_per_floor":["M","M","?","$","T","R","E","R","T","R","?","?","?","M","R","B"],"character_chosen":"IRONCLAD","items_purchased":["Singing Bowl"],"campfire_rested":1,"item_purchase_floors":[4],"current_hp_per_floor":[70,75,68,68,68,68,31,31,31,31,36,36,8,14,38,0],"gold":194,"neow_bonus":"HUNDRED_GOLD","is_prod":false,"is_daily":false,"chose_seed":false,"campfire_upgraded":3,"win_rate":0,"timestamp":1554489263,"path_taken":["M","M","?","$","?","R","E","R","T","R","?","?","?","?","R","BOSS"],"build_version":"2019-01-23","purchased_purges":0,"victory":false,"max_hp_per_floor":[75,75,75,75,75,75,75,75,75,75,80,80,80,80,80,80],"card_choices":[{"not_picked":["Entrench","Corruption"],"picked":"Reckless Charge","floor":1},{"not_picked":["Perfected Strike","Seeing Red"],"picked":"Clothesline","floor":2},{"not_picked":["Headbutt","Second Wind"],"picked":"Spot Weakness","floor":7},{"not_picked":["Anger+1","Power Through"],"picked":"Headbutt+1","floor":14}],"player_experience":1620516,"relics_obtained":[{"floor":5,"key":"Orichalcum"},{"floor":7,"key":"Mummified Hand"},{"floor":9,"key":"Molten Egg 2"}],"event_choices":[{"damage_healed":0,"gold_gain":50,"player_choice":"Touch","damage_taken":7,"max_hp_gain":0,"max_hp_loss":0,"event_name":"FaceTrader","floor":3,"gold_loss":0},{"damage_healed":0,"gold_gain":0,"player_choice":"Donut","damage_taken":0,"max_hp_gain":5,"max_hp_loss":0,"event_name":"Big Fish","floor":11,"gold_loss":0},{"damage_healed":0,"gold_gain":150,"player_choice":"AGREE","damage_taken":0,"max_hp_gain":0,"max_hp_loss":0,"event_name":"Liars Game","floor":12,"gold_loss":0,"cards_obtained":["Doubt"]},{"damage_healed":0,"gold_gain":0,"player_choice":"Take Damage","damage_taken":28,"relics_obtained":["Golden Idol"],"max_hp_gain":0,"max_hp_loss":0,"event_name":"Golden Idol","floor":13,"gold_loss":0}],"is_beta":false,"boss_relics":[],"items_purged_floors":[],"is_endless":false,"potions_floor_spawned":[1,7],"killed_by":"The Guardian","ascension_level":20}