{"gold_per_floor":[110,127,127,13,13,48,48,77,101,120,138,138,138,155,155,228,228,248,260,260],"floor_reached":20,"playtime":880,"items_purged":[],"score":418,"play_id":"f4bb6059-eb3b-4d35-82d2-f10f9389afe1","local_time":"20190509183347","is_ascension_mode":true,"campfire_choices":[{"data":"Zap","floor":7,"key":"SMITH"},{"data":"Sunder","floor":12,"key":"SMITH"},{"data":"Sweeping Beam","floor":15,"key":"SMITH"}],"neow_cost":"NONE","seed_source_timestamp":1470641985527637,"circlet_count":0,"master_deck":["AscendersBane","Strike_B","Strike_B","Strike_B","Defend_B","Defend_B","Defend_B","Defend_B","Zap+1","Dualcast","Sunder+1","Sweeping Beam+1","Self Repair","Glacier","Genetic Algorithm","Auto Shields","Sweeping Beam+1","Creative AI","Cold Snap"],"relics":["Cracked Core","NeowsBlessing","Orichalcum","Bottled Flame","Bag of Marbles","Runic Dome"],"potions_floor_usage":[8,16,20],"damage_taken":[{"damage":0,"enemies":"Cultist","floor":1,"turns":1},{"damage":0,"enemies":"2 Louse","floor":2,"turns":1},{"damage":0,"enemies":"3 Sentries","floor":6,"turns":1},{"damage":21,"enemies":"Lagavulin","floor":8,"turns":9},{"damage":6,"enemies":"Jaw Worm","floor":10,"turns":3},{"damage":3,"enemies":"Exordium Wildlife","floor":11,"turns":3},{"damage":0,"enemies":"Looter","floor":14,"turns":4},{"damage":27,"enemies":"Slime Boss","floor":16,"turns":13},{"damage":26,"enemies":"Shell Parasite","floor":18,"turns":6},{"damage":10,"enemies":"2 Thieves","floor":19,"turns":3},{"damage":37,"enemies":"Centurion and Healer","floor":20,"turns":6}],"seed_played":"4587972769578654939","potions_obtained":[{"floor":2,"key":"Dexterity Potion"},{"floor":10,"key":"EssenceOfSteel"},{"floor":14,"key":"Weak Potion"},{"floor":18,"key":"PowerPotion"}],"is_trial":false,"path_per_floor":["M","M","?","$","$","E","R","E","T","M","M","R","?","M","R","B",null,"M","M","M"],"character_chosen":"DEFECT","items_purchased":["Self Repair","Glacier"],"campfire_rested":0,"item_purchase_floors":[4,4],"current_hp_per_floor":[64,64,64,64,64,64,64,50,50,51,48,48,48,48,48,28,60,41,31,0],"gold":260,"neow_bonus":"THREE_ENEMY_KILL","is_prod":false,"is_daily":false,"chose_seed":false,"campfire_upgraded":3,"win_rate":0,"timestamp":1557441227,"path_taken":["M","?","?","?","$","E","R","E","T","M","M","R","?","M","R","BOSS","M","?","M"],"build_version":"2019-01-23","purchased_purges":0,"victory":false,"max_hp_per_floor":[71,71,71,71,71,71,71,71,71,71,71,71,71,71,71,71,71,71,71,71],"card_choices":[{"not_picked":["Hologram","White Noise"],"picked":"Sunder","floor":1},{"not_picked":["Redo","Leap"],"picked":"Sweeping Beam","floor":2},{"not_picked":["Tempest","Redo","Recycle"],"picked":"SKIP","floor":6},{"not_picked":["Beam Cell","Reinforced Body"],"picked":"Genetic Algorithm","floor":8},{"not_picked":["Self Repair","Gash"],"picked":"Auto Shields","floor":10},{"not_picked":["Steam Power","Tempest","Redo"],"picked":"SKIP","floor":11},{"not_picked":["Stack","Gash"],"picked":"Sweeping Beam","floor":14},{"not_picked":["All For One","Meteor Strike"],"picked":"Creative AI","floor":16},{"not_picked":["Doom and Gloom","Leap"],"picked":"Cold Snap","floor":18},{"not_picked":["Self Repair","Coolheaded","Rebound"],"picked":"SKIP","floor":19}],"player_experience":2517376,"relics_obtained":[{"floor":6,"key":"Orichalcum"},{"floor":8,"key":"Bottled Flame"},{"floor":9,"key":"Bag of Marbles"}],"event_choices":[{"damage_healed":0,"gold_gain":0,"player_choice":"Upgraded","damage_taken":0,"max_hp_gain":0,"max_hp_loss":0,"event_name":"Upgrade Shrine","floor":3,"gold_loss":0,"cards_upgraded":["Sweeping Beam"]},{"cards_removed":["Strike_B"],"damage_healed":0,"gold_gain":0,"player_choice":"Purged","damage_taken":0,"max_hp_gain":0,"max_hp_loss":0,"event_name":"Purifier","floor":13,"gold_loss":0}],"is_beta":false,"boss_relics":[{"not_picked":["Astrolabe","White Beast Statue"],"picked":"Runic Dome"}],"items_purged_floors":[],"is_endless":false,"potions_floor_spawned":[2,10,14,18],"killed_by":"Centurion and Healer","ascension_level":20}