{"path_per_floor":["M","?","M","?","M","R","E","M","T","$","?","?","M","M","R"],"character_chosen":"THE_SILENT","items_purchased":["Footwork"],"gold_per_floor":[117,117,127,127,139,139,172,192,192,45,220,220,238,250,250],"floor_reached":16,"campfire_rested":1,"playtime":525,"current_hp_per_floor":[68,61,61,61,61,61,22,7,7,7,7,7,3,3,24],"items_purged":["Regret"],"gold":250,"score":102,"play_id":"295248db-4b33-42af-858c-cfff98954f6b","local_time":"20180311040211","is_prod":false,"is_daily":false,"is_ascension_mode":false,"campfire_upgraded":1,"timestamp":1520755331,"path_taken":["M","?","?","?","?","R","E","M","T","$","?","?","M","M","R","BOSS"],"build_version":"2018-03-09","purchased_purges":1,"victory":false,"master_deck":["Defend_G","Defend_G","Defend_G","Defend_G","Defend_G","Strike_G","Strike_G","Strike_G","Strike_G","Survivor","Neutralize","Dagger Throw","Bane","Envenom+1","Adrenaline","Underhanded Strike","Footwork","Skewer","Dagger Throw"],"max_hp_per_floor":[70,70,70,70,70,70,70,70,70,70,70,70,70,70,70],"relics":["Ring of the Snake","Dream Catcher","Ginger","Unceasing Top"],"card_choices":[{"not_picked":["Prepared","Deflect"],"picked":"Dagger Throw"},{"not_picked":["Deflect","Acrobatics"],"picked":"Bane"},{"not_picked":["Flying Knee","Skewer"],"picked":"Envenom"},{"not_picked":["Dodge and Roll","Leg Sweep"],"picked":"Adrenaline"},{"not_picked":["Deflect","Prepared"],"picked":"Underhanded Strike"},{"not_picked":["Calculated Gamble","Quick Slash"],"picked":"Skewer"},{"not_picked":["Poisoned Stab","Backstab"],"picked":"Dagger Throw"}],"player_experience":452926,"potions_floor_usage":[],"damage_taken":[{"damage":2,"enemies":"2 Louse","floor":1,"turns":3},{"damage":0,"enemies":"Small Slimes","floor":3,"turns":3},{"damage":0,"enemies":"Jaw Worm","floor":5,"turns":4},{"damage":39,"enemies":"Lagavulin","floor":7,"turns":7},{"damage":15,"enemies":"Gremlin Gang","floor":8,"turns":4},{"damage":4,"enemies":"Exordium Wildlife","floor":13,"turns":5},{"damage":0,"enemies":"Large Slime","floor":14,"turns":6},{"damage":24,"enemies":"The Guardian","floor":16,"turns":2}],"event_choices":[{"event_name":"Golden Wing","player_choice":"Card Removal","floor":2,"damage_taken":0},{"event_name":"Big Fish","player_choice":"Box","floor":4,"damage_taken":0},{"event_name":"Liars Game","player_choice":"agreed","floor":11,"damage_taken":0},{"event_name":"Living Wall","player_choice":"Forget","floor":12,"damage_taken":0}],"boss_relics":[],"potions_floor_spawned":[8],"seed_played":"5977963097081776585","killed_by":"The Guardian","ascension_level":0,"is_trial":false}