{"gold_per_floor":[113,113,129,31,48,73,73,73,73,73,73,73,73],"floor_reached":13,"playtime":230,"items_purged":[],"score":162,"play_id":"8e7ab79e-a520-48ff-81b6-aa1e876fc982","local_time":"20181212003207","is_ascension_mode":true,"campfire_choices":[{"floor":7,"key":"REST"},{"floor":10,"key":"REST"},{"data":"Neutralize","floor":12,"key":"SMITH"}],"neow_cost":"NONE","seed_source_timestamp":20769936951575,"circlet_count":0,"master_deck":["AscendersBane","Defend_G+1","Defend_G","Defend_G","Defend_G","Defend_G","Strike_G","Strike_G","Strike_G","Strike_G","Strike_G+1","Survivor","Neutralize+1","Quick Slash","Infinite Blades","Flying Knee","Blur","Deadly Poison"],"relics":["Ring of the Snake","NeowsBlessing","Gremlin Horn","Darkstone Periapt","Vajra"],"potions_floor_usage":[13],"damage_taken":[{"damage":0,"enemies":"2 Louse","floor":1,"turns":1},{"damage":0,"enemies":"Cultist","floor":3,"turns":1},{"damage":0,"enemies":"Jaw Worm","floor":5,"turns":1},{"damage":47,"enemies":"3 Sentries","floor":6,"turns":10},{"damage":47,"enemies":"Gremlin Gang","floor":13,"turns":5}],"seed_played":"3782353769243285639","potions_obtained":[{"floor":3,"key":"GhostInAJar"}],"is_trial":false,"path_per_floor":["M","?","M","$","M","E","R","?","T","R","$","R","M"],"character_chosen":"THE_SILENT","items_purchased":["Infinite Blades","Flying Knee"],"campfire_rested":2,"item_purchase_floors":[4,4],"current_hp_per_floor":[59,59,59,59,59,12,31,11,11,30,30,30,0],"gold":73,"neow_bonus":"THREE_ENEMY_KILL","is_prod":false,"is_daily":false,"chose_seed":false,"campfire_upgraded":1,"win_rate":0,"timestamp":1544599927,"path_taken":["M","?","M","$","?","E","R","?","T","R","$","R","M"],"build_version":"2018-12-11","purchased_purges":0,"victory":false,"max_hp_per_floor":[66,66,66,66,66,66,66,66,66,66,66,66,66],"card_choices":[{"not_picked":["Deflect","Blade Dance","Slice"],"picked":"SKIP","floor":1},{"not_picked":["Reflex","Outmaneuver"],"picked":"Quick Slash","floor":3},{"not_picked":["Bouncing Flask","Blade Dance"],"picked":"Blur","floor":5},{"not_picked":["Underhanded Strike","Eviscerate"],"picked":"Deadly Poison","floor":6}],"player_experience":988511,"relics_obtained":[{"floor":2,"key":"Gremlin Horn"},{"floor":6,"key":"Darkstone Periapt"},{"floor":9,"key":"Vajra"}],"event_choices":[{"damage_healed":0,"gold_gain":0,"player_choice":"Relic","damage_taken":0,"max_hp_gain":0,"max_hp_loss":0,"event_name":"Wheel of Change","floor":2,"gold_loss":0},{"damage_healed":0,"gold_gain":0,"player_choice":"Entered Light","damage_taken":20,"max_hp_gain":0,"max_hp_loss":0,"event_name":"Shining Light","floor":8,"gold_loss":0,"cards_upgraded":["Strike_G","Defend_G"]}],"is_beta":true,"boss_relics":[],"items_purged_floors":[],"is_endless":false,"potions_floor_spawned":[3],"killed_by":"Gremlin Gang","ascension_level":20}