{"gold_per_floor":[111,36,53,73,33,33,9,9,9,9,22,54,229,245,245,341,341,352,277,277,277,306,306,316,316,341,352,42,42,58,58,58,156,156,169,169,169,186,266,266],"floor_reached":40,"playtime":2615,"items_purged":["Strike_B"],"score":382,"play_id":"b5a6c915-dd33-4c97-931b-0d6e907ca0bd","local_time":"20190424105626","is_ascension_mode":false,"campfire_choices":[{"data":"Scrape","floor":6,"key":"SMITH"},{"data":"Gash","floor":8,"key":"SMITH"},{"floor":15,"key":"REST"},{"data":"White Noise","floor":23,"key":"SMITH"},{"floor":25,"key":"REST"},{"floor":32,"key":"REST"}],"neow_cost":"NONE","seed_source_timestamp":146216220761244,"circlet_count":0,"master_deck":["Strike_B+1","Strike_B+1","Strike_B+1","Defend_B+1","Defend_B+1","Defend_B+1","Zap+1","Dualcast","Scrape+1","Gash+1","Chill","Loop","Go for the Eyes","Sweeping Beam","Reprogram","Electrodynamics","Go for the Eyes+1","White Noise+1","Steam+1","Defragment","Steam+1","Gash","Turbo+1","Writhe","Gash"],"relics":["FrozenCore","War Paint","Question Card","Vajra","Red Mask","Regal Pillow","Cables","NlothsMask","Black Star"],"potions_floor_usage":[12,18,33,33],"damage_taken":[{"damage":7,"enemies":"2 Louse","floor":1,"turns":2},{"damage":0,"enemies":"Cultist","floor":3,"turns":3},{"damage":0,"enemies":"Small Slimes","floor":4,"turns":3},{"damage":0,"enemies":"3 Louse","floor":11,"turns":3},{"damage":21,"enemies":"3 Sentries","floor":12,"turns":5},{"damage":0,"enemies":"Blue Slaver","floor":14,"turns":2},{"damage":5,"enemies":"Slime Boss","floor":16,"turns":8},{"damage":15,"enemies":"Chosen","floor":18,"turns":6},{"damage":11,"enemies":"Masked Bandits","floor":22,"turns":5},{"damage":10,"enemies":"2 Thieves","floor":24,"turns":3},{"damage":12,"enemies":"Snake Plant","floor":27,"turns":5},{"damage":2,"enemies":"Cultist and Chosen","floor":30,"turns":4},{"damage":39,"enemies":"Collector","floor":33,"turns":9},{"damage":14,"enemies":"Orb Walker","floor":35,"turns":3},{"damage":12,"enemies":"3 Shapes","floor":38,"turns":5},{"damage":89,"enemies":"Giant Head","floor":40,"turns":10}],"seed_played":"6454568010664064124","potions_obtained":[{"floor":1,"key":"Weak Potion"},{"floor":4,"key":"LiquidBronze"},{"floor":16,"key":"Regen Potion"},{"floor":24,"key":"Explosive Potion"},{"floor":30,"key":"SpeedPotion"},{"floor":33,"key":"Ancient Potion"},{"floor":38,"key":"PowerPotion"}],"is_trial":false,"path_per_floor":["M","$","M","M","$","R","$","R","T","?","M","E","?","M","R","B",null,"M","?","?","$","?","R","M","R","T","M","$","?","M","?","R","B",null,"M","?","?","M","T","E"],"character_chosen":"DEFECT","items_purchased":["Loop","Go for the Eyes","Defragment","Cables"],"campfire_rested":3,"item_purchase_floors":[5,7,28,28],"current_hp_per_floor":[68,68,68,68,68,68,68,68,68,68,68,47,47,47,69,64,75,60,60,60,60,49,49,39,61,61,49,49,49,47,47,75,45,75,61,61,75,63,63,0],"gold":266,"neow_bonus":"RANDOM_COMMON_RELIC","is_prod":false,"is_daily":false,"chose_seed":false,"campfire_upgraded":3,"win_rate":0,"timestamp":1556117786,"path_taken":["M","$","M","M","$","R","$","R","T","?","?","E","?","M","R","BOSS","M","?","?","$","?","R","M","R","T","M","?","?","?","?","R","BOSS","M","?","?","M","?","E"],"build_version":"2019-01-23","purchased_purges":1,"victory":false,"max_hp_per_floor":[75,75,75,75,75,75,75,75,75,75,75,75,75,75,75,75,75,75,75,75,75,75,75,75,75,75,75,75,75,75,75,75,75,75,75,75,75,75,75,75],"card_choices":[{"not_picked":["Undo","Coolheaded"],"picked":"Scrape","floor":1},{"not_picked":["BootSequence","Leap"],"picked":"Gash","floor":3},{"not_picked":["Barrage","Recycle"],"picked":"Chill","floor":4},{"not_picked":["Stack","Thunder Strike","Barrage"],"picked":"Sweeping Beam","floor":11},{"not_picked":["Sweeping Beam","Steam Power","Lockon"],"picked":"Reprogram","floor":12},{"not_picked":["Steam Power","Chaos","Streamline","Stack"],"picked":"SKIP","floor":14},{"not_picked":["Buffer","Biased Cognition","Fission"],"picked":"Electrodynamics","floor":16},{"not_picked":["Coolheaded","Barrage","Streamline"],"picked":"Go for the Eyes+1","floor":18},{"not_picked":["Doom and Gloom+1","Undo","Ball Lightning"],"picked":"White Noise","floor":22},{"not_picked":["Glacier","Tempest","Sunder"],"picked":"Steam+1","floor":24},{"not_picked":["Core Surge","Barrage","Fusion","Static Discharge"],"picked":"SKIP","floor":27},{"not_picked":["Beam Cell","White Noise","Ball Lightning"],"picked":"Steam+1","floor":30},{"not_picked":["Rebound","Conserve Battery+1","Beam Cell"],"picked":"Turbo+1","floor":35},{"not_picked":["Leap","Hologram","Redo+1"],"picked":"Gash","floor":38}],"player_experience":893702,"relics_obtained":[{"floor":9,"key":"Question Card"},{"floor":12,"key":"Vajra"},{"floor":22,"key":"Red Mask"},{"floor":26,"key":"Regal Pillow"}],"event_choices":[{"cards_removed":["Defend_B"],"damage_healed":0,"gold_gain":0,"player_choice":"Offered Basic","damage_taken":0,"max_hp_gain":0,"max_hp_loss":0,"event_name":"Bonfire Elementals","floor":10,"gold_loss":0},{"damage_healed":0,"gold_gain":175,"player_choice":"AGREE","damage_taken":0,"max_hp_gain":0,"max_hp_loss":0,"event_name":"Liars Game","floor":13,"gold_loss":0,"cards_obtained":["Doubt"]},{"cards_removed":["Doubt"],"damage_healed":0,"gold_gain":0,"player_choice":"Gave Gold","damage_taken":0,"max_hp_gain":0,"max_hp_loss":0,"event_name":"Beggar","floor":19,"gold_loss":75},{"damage_healed":0,"gold_gain":0,"player_choice":"Simplicity","damage_taken":0,"max_hp_gain":0,"max_hp_loss":0,"event_name":"Back to Basics","floor":20,"gold_loss":0,"cards_upgraded":["Strike_B","Strike_B","Strike_B","Defend_B","Defend_B"]},{"damage_healed":0,"gold_gain":0,"player_choice":"Fought Bandits","damage_taken":0,"max_hp_gain":0,"max_hp_loss":0,"event_name":"Masked Bandits","floor":22,"gold_loss":0},{"damage_healed":0,"gold_gain":0,"player_choice":"Trade","damage_taken":0,"relics_obtained":["NlothsMask"],"max_hp_gain":0,"max_hp_loss":0,"event_name":"FaceTrader","floor":29,"gold_loss":0},{"damage_healed":0,"gold_gain":0,"player_choice":"1 cards matched","damage_taken":0,"max_hp_gain":0,"max_hp_loss":0,"event_name":"Match and Keep!","floor":31,"gold_loss":0,"cards_obtained":["Gash"]},{"damage_healed":0,"gold_gain":0,"player_choice":"Ignored","damage_taken":0,"max_hp_gain":0,"max_hp_loss":0,"event_name":"Mysterious Sphere","floor":36,"gold_loss":0},{"damage_healed":19,"gold_gain":0,"player_choice":"Writhe","damage_taken":0,"max_hp_gain":0,"max_hp_loss":0,"event_name":"Winding Halls","floor":37,"gold_loss":0,"cards_obtained":["Writhe"]}],"is_beta":false,"boss_relics":[{"not_picked":["Busted Crown","Tiny House"],"picked":"FrozenCore"},{"not_picked":["Runic Pyramid","Coffee Dripper"],"picked":"Black Star"}],"items_purged_floors":[2],"is_endless":false,"potions_floor_spawned":[1,4,16,24,30,33,38],"killed_by":"Giant Head","ascension_level":0}