{"gold_per_floor":[112,130,130,140,72,72,103,103,103,103,114,128,142,177,177,254,254,274,285,285,295,308,308,1,1,1,11,31,47,57,90,90,164,164,177,189,189,139,149,178,178,210,210,210,262,278,278,278,278,278,278,278,30,59,59],"floor_reached":55,"playtime":5517,"items_purged":["Reflex+1"],"score":1619,"play_id":"9a107412-5ab7-4aa8-8550-ed5a31e383ab","local_time":"20190429201025","is_ascension_mode":true,"campfire_choices":[{"data":"Bouncing Flask","floor":6.0,"key":"SMITH"},{"data":"Neutralize","floor":8.0,"key":"SMITH"},{"data":"Crippling Poison","floor":10.0,"key":"SMITH"},{"floor":15.0,"key":"REST"},{"floor":23.0,"key":"REST"},{"data":"Noxious Fumes","floor":25.0,"key":"SMITH"},{"floor":32.0,"key":"REST"},{"data":"Well Laid Plans","floor":44.0,"key":"SMITH"},{"floor":47,"key":"RECALL"},{"data":"Corpse Explosion","floor":49,"key":"SMITH"},{"data":"Malaise","floor":52,"key":"SMITH"}],"neow_cost":"NONE","seed_source_timestamp":24046201252415,"circlet_count":0,"master_deck":["AscendersBane","Defend_G","Defend_G","Defend_G","Defend_G","Defend_G","Strike_G+1","Survivor","Neutralize+1","Bouncing Flask+1","Dash","Crippling Poison+1","Malaise+1","PiercingWail","Bane","Noxious Fumes+1","Poisoned Stab","Wraith Form v2+1","Flying Knee+1","Flying Knee+1","Backflip","Deflect","After Image","Die Die Die","Corpse Explosion+1","Dodge and Roll+1","Well Laid Plans+1","Doubt"],"special_seed":0,"relics":["Ring of the Snake","FaceOfCleric","Shuriken","Whetstone","The Specimen","Astrolabe","Pen Nib","Meat on the Bone","Torii","Coffee Dripper","Snake Skull","Sundial","StoneCalendar","OrangePellets","Happy Flower"],"potions_floor_usage":[46,54,55,55],"damage_taken":[{"damage":5.0,"enemies":"Small Slimes","floor":1.0,"turns":4.0},{"damage":0.0,"enemies":"Cultist","floor":2.0,"turns":3.0},{"damage":0.0,"enemies":"Jaw Worm","floor":4.0,"turns":4.0},{"damage":23.0,"enemies":"Lagavulin","floor":7.0,"turns":8.0},{"damage":0.0,"enemies":"Lots of Slimes","floor":11.0,"turns":2.0},{"damage":7.0,"enemies":"Exordium Wildlife","floor":12.0,"turns":5.0},{"damage":28.0,"enemies":"Gremlin Gang","floor":13.0,"turns":4.0},{"damage":7.0,"enemies":"3 Sentries","floor":14.0,"turns":5.0},{"damage":4.0,"enemies":"Hexaghost","floor":16.0,"turns":9.0},{"damage":3.0,"enemies":"Chosen","floor":18.0,"turns":4.0},{"damage":3.0,"enemies":"3 Byrds","floor":19.0,"turns":5.0},{"damage":7.0,"enemies":"Centurion and Healer","floor":21.0,"turns":6.0},{"damage":19.0,"enemies":"Snake Plant","floor":22.0,"turns":6.0},{"damage":7.0,"enemies":"Chosen and Byrds","floor":27.0,"turns":7.0},{"damage":20.0,"enemies":"Centurion and Healer","floor":28.0,"turns":7.0},{"damage":5.0,"enemies":"Snake Plant","floor":29.0,"turns":6.0},{"damage":10.0,"enemies":"Snecko","floor":30.0,"turns":6.0},{"damage":45.0,"enemies":"Slavers","floor":31.0,"turns":8.0},{"damage":31.0,"enemies":"Champ","floor":33.0,"turns":17.0},{"damage":1.0,"enemies":"Orb Walker","floor":35.0,"turns":4.0},{"damage":2.0,"enemies":"3 Shapes","floor":36.0,"turns":3.0},{"damage":34.0,"enemies":"Spire Growth","floor":39.0,"turns":6.0},{"damage":13.0,"enemies":"Reptomancer","floor":40.0,"turns":6.0},{"damage":12.0,"enemies":"Nemesis","floor":42.0,"turns":9.0},{"damage":2.0,"enemies":"2 Orb Walkers","floor":45.0,"turns":5.0},{"damage":35,"enemies":"Transient","floor":46,"turns":5},{"damage":35,"enemies":"Time Eater","floor":50,"turns":13},{"damage":38,"enemies":"Shield and Spear","floor":54,"turns":7},{"damage":69,"enemies":"The Heart","floor":55,"turns":2}],"seed_played":"-8974670459895694957","potions_obtained":[{"floor":7.0,"key":"Explosive Potion"},{"floor":11.0,"key":"Regen Potion"},{"floor":13.0,"key":"GhostInAJar"},{"floor":14.0,"key":"FearPotion"},{"floor":18.0,"key":"Strength Potion"},{"floor":22.0,"key":"GamblersBrew"},{"floor":30.0,"key":"Fruit Juice"},{"floor":35.0,"key":"SpeedPotion"},{"floor":36.0,"key":"Block Potion"},{"floor":46,"key":"SkillPotion"},{"floor":54,"key":"Explosive Potion"}],"is_trial":false,"path_per_floor":["M","M","?","M","$","R","E","R","T","R","M","M","M","E","R","B",null,"M","M","?","M","M","R","$","R","T","M","M","M","M","E","R","B",null,"M","M","$","?","M","E","?","E","T","R","?","M","R","?","R","B",null,"R","$","E","B"],"character_chosen":"THE_SILENT","items_purchased":["Malaise","After Image","Die Die Die","OrangePellets","Dexterity Potion"],"campfire_rested":3,"item_purchase_floors":[5,24,24,53,53],"current_hp_per_floor":[54,54,54,55,55,55,33,33,33,33,34,28,10,4,25,22,60,58,56,56,50,32,55,55,55,55,49,42,50,53,21,45,32,74,74,73,73,73,52,52,52,53,53,53,52,30,30,95,95,61,87,87,87,50,0],"gold":59,"neow_bonus":"TRANSFORM_CARD","is_prod":false,"is_daily":false,"chose_seed":false,"campfire_upgraded":7,"win_rate":0,"timestamp":1556583025,"path_taken":["M","M","?","M","$","R","E","R","T","R","?","M","M","E","R","BOSS","M","M","?","?","M","R","$","R","T","M","M","M","M","E","R","BOSS","M","M","$","?","?","E","?","E","T","R","?","M","R","?","R","BOSS","R","$","E","BOSS"],"build_version":"2019-04-23","purchased_purges":1,"victory":false,"max_hp_per_floor":[66,66,66,67,67,67,68,68,68,68,69,70,71,72,72,73,73,74,75,75,76,77,77,77,77,77,78,79,80,81,82,82,88,88,89,90,90,90,91,92,92,93,93,93,94,95,95,95,95,96,96,96,96,97,97],"card_choices":[{"not_picked":["Deflect","PiercingWail"],"picked":"Bouncing Flask","floor":1.0},{"not_picked":["Eviscerate","Poisoned Stab"],"picked":"Dash","floor":2.0},{"not_picked":["Bane","Dash"],"picked":"Crippling Poison","floor":4.0},{"not_picked":["Terror","Prepared"],"picked":"PiercingWail","floor":7.0},{"not_picked":["Dodge and Roll","Riddle With Holes"],"picked":"Bane","floor":11.0},{"not_picked":["Cloak And Dagger","Dagger Throw"],"picked":"Noxious Fumes","floor":12.0},{"not_picked":["Bane","PiercingWail"],"picked":"Poisoned Stab","floor":13.0},{"not_picked":["Deflect","Poisoned Stab"],"picked":"A Thousand Cuts","floor":14.0},{"not_picked":["Storm of Steel","Unload"],"picked":"Wraith Form v2","floor":16.0},{"not_picked":["Dagger Spray","Terror","Underhanded Strike"],"picked":"SKIP","floor":18.0},{"not_picked":["Dagger Throw","Outmaneuver","All Out Attack"],"picked":"SKIP","floor":19.0},{"not_picked":["Sucker Punch","Dagger Spray"],"picked":"Backflip","floor":21.0},{"not_picked":["Reflex","Expertise"],"picked":"Deflect","floor":22.0},{"not_picked":["Acrobatics","Endless Agony","Sucker Punch"],"picked":"SKIP","floor":27.0},{"not_picked":["Bane","Dagger Throw","Poisoned Stab"],"picked":"SKIP","floor":28.0},{"not_picked":["Poisoned Stab","Flying Knee","Calculated Gamble"],"picked":"SKIP","floor":29.0},{"not_picked":["Sucker Punch","Underhanded Strike","Dagger Spray"],"picked":"SKIP","floor":30.0},{"not_picked":["Skewer+1","Noxious Fumes","Dagger Throw"],"picked":"SKIP","floor":31.0},{"not_picked":["Burst","Doppelganger"],"picked":"Corpse Explosion","floor":33.0},{"not_picked":["Outmaneuver","Slice","Bane+1"],"picked":"SKIP","floor":35.0},{"not_picked":["Setup+1","Deflect","Noxious Fumes"],"picked":"SKIP","floor":36.0},{"not_picked":["Caltrops","Crippling Poison+1"],"picked":"Dodge and Roll+1","floor":39.0},{"not_picked":["Eviscerate","Sucker Punch","Poisoned Stab+1"],"picked":"SKIP","floor":40.0},{"not_picked":["Underhanded Strike","Calculated Gamble"],"picked":"Well Laid Plans","floor":42.0},{"not_picked":["Underhanded Strike","Outmaneuver","Escape Plan"],"picked":"SKIP","floor":46},{"not_picked":["Slice","Dagger Throw","Endless Agony"],"picked":"SKIP","floor":54}],"player_experience":2472806,"relics_obtained":[{"floor":7.0,"key":"Shuriken"},{"floor":9.0,"key":"Whetstone"},{"floor":14.0,"key":"The Specimen"},{"floor":26.0,"key":"Meat on the Bone"},{"floor":31.0,"key":"Torii"},{"floor":40.0,"key":"Snake Skull"},{"floor":42.0,"key":"Sundial"},{"floor":45.0,"key":"StoneCalendar"},{"floor":54,"key":"Happy Flower"}],"event_choices":[{"damage_healed":0.0,"max_hp_gain":0.0,"max_hp_loss":0.0,"gold_gain":0.0,"event_name":"FaceTrader","player_choice":"Trade","floor":3.0,"gold_loss":0.0,"damage_taken":0.0,"relics_obtained":["FaceOfCleric"]},{"cards_removed":["Heel Hook"],"damage_healed":0.0,"max_hp_gain":0.0,"max_hp_loss":0.0,"gold_gain":0.0,"event_name":"WeMeetAgain","player_choice":"Gave Card","floor":20.0,"gold_loss":0.0,"damage_taken":0.0,"relics_obtained":["Pen Nib"]},{"damage_healed":0.0,"max_hp_gain":0.0,"max_hp_loss":0.0,"gold_gain":0.0,"event_name":"Designer","player_choice":"Upgrade","floor":38.0,"gold_loss":50.0,"damage_taken":0.0,"cards_upgraded":["Wraith Form v2"]},{"cards_removed":["A Thousand Cuts"],"damage_healed":0.0,"max_hp_gain":0.0,"max_hp_loss":0.0,"gold_gain":0.0,"event_name":"Falling","player_choice":"Removed Power","floor":41.0,"gold_loss":0.0,"damage_taken":0.0},{"damage_healed":0.0,"max_hp_gain":0.0,"max_hp_loss":0.0,"gold_gain":0.0,"event_name":"Mysterious Sphere","player_choice":"Fight","floor":45.0,"gold_loss":0.0,"damage_taken":0.0},{"damage_healed":65,"gold_gain":0,"player_choice":"Heal","damage_taken":0,"max_hp_gain":0,"max_hp_loss":0,"event_name":"MindBloom","floor":48,"gold_loss":0,"cards_obtained":["Doubt"]}],"is_beta":true,"boss_relics":[{"not_picked":["Empty Cage","Tiny House"],"picked":"Astrolabe"},{"not_picked":["Black Star","WristBlade"],"picked":"Coffee Dripper"}],"items_purged_floors":[24],"is_endless":false,"potions_floor_spawned":[7,11,13,14,18,22,28,30,31,35,36,46,54],"killed_by":"The Heart","ascension_level":15}