{"path_per_floor":["M","?","M","?","M","R","E","R","T","M","M","R","?","M","R","B",null,"M","M","?","M"],"character_chosen":"DEFECT","items_purchased":[],"gold_per_floor":[109,109,119,119,135,135,161,161,161,173,185,185,185,198,198,294,294,312,324,324,342,342],"floor_reached":22,"campfire_rested":3,"playtime":950,"current_hp_per_floor":[75,75,56,53,40,40,6,28,28,20,5,27,27,25,47,20,75,72,46,46,19,0],"items_purged":[],"gold":342,"score":197,"play_id":"974e8591-2477-48fb-928f-3e31108271f7","local_time":"20180426164353","is_prod":false,"is_daily":false,"chose_seed":false,"is_ascension_mode":true,"campfire_upgraded":1,"timestamp":1524786233,"path_taken":["M","?","M","?","M","R","E","R","T","M","M","R","?","M","R","BOSS","M","M","?","?","?"],"build_version":"2018-04-26","seed_source_timestamp":83985466771398,"purchased_purges":0,"victory":false,"master_deck":["Strike_B","Strike_B","Strike_B","Strike_B","Defend_B","Defend_B","Defend_B","Defend_B","Zap","Dualcast+1","Genetic Algorithm","Doom and Gloom","Coolheaded+1","Static Discharge","Ball Lightning","Impulse","Sweeping Beam","Fusion","Hello World+1","Creative AI"],"max_hp_per_floor":[75,75,75,75,75,75,75,75,75,75,75,75,75,75,75,75,75,75,75,75,75,75],"relics":["Cracked Core","Darkstone Periapt","Orichalcum","Ornamental Fan","Cursed Key","Smiling Mask"],"card_choices":[{"not_picked":["Hello World","Capacitor"],"picked":"Genetic Algorithm","floor":1},{"not_picked":["Chaos","Streamline"],"picked":"Doom and Gloom","floor":3},{"not_picked":["Blizzard","White Noise"],"picked":"Coolheaded","floor":5},{"not_picked":["Hologram","Beam Cell"],"picked":"Static Discharge","floor":7},{"not_picked":["Flux Capacitor","Capacitor"],"picked":"Ball Lightning","floor":10},{"not_picked":["Skim","Cold Snap"],"picked":"Impulse","floor":11},{"not_picked":["Force Field","Genetic Algorithm"],"picked":"Sweeping Beam","floor":14},{"not_picked":["All For One","Thunder Strike"],"picked":"Fusion","floor":16},{"not_picked":["Sweeping Beam","Impulse"],"picked":"Hello World","floor":18},{"not_picked":["Go for the Eyes","Coolheaded"],"picked":"Creative AI","floor":19}],"player_experience":519146,"potions_floor_usage":[18],"damage_taken":[{"damage":0,"enemies":"Small Slimes","floor":1,"turns":3},{"damage":19,"enemies":"Jaw Worm","floor":3,"turns":5},{"damage":13,"enemies":"2 Louse","floor":5,"turns":2},{"damage":34,"enemies":"Gremlin Nob","floor":7,"turns":5},{"damage":8,"enemies":"Looter","floor":10,"turns":3},{"damage":15,"enemies":"3 Louse","floor":11,"turns":2},{"damage":2,"enemies":"Blue Slaver","floor":14,"turns":3},{"damage":27,"enemies":"Hexaghost","floor":16,"turns":9},{"damage":3,"enemies":"Chosen","floor":18,"turns":4},{"damage":26,"enemies":"3 Byrds","floor":19,"turns":4},{"damage":27,"enemies":"Centurion and Healer","floor":21,"turns":7},{"damage":20,"enemies":"Masked Bandits","floor":22,"turns":2}],"event_choices":[{"event_name":"Living Wall","player_choice":"Grow","floor":2,"damage_taken":0},{"event_name":"Scrap Ooze","player_choice":"success","floor":4,"damage_taken":3},{"event_name":"Dead Adventurer","player_choice":"Searched \u00270\u0027 times","floor":13,"damage_taken":0},{"event_name":"The Mausoleum","player_choice":"Yes","floor":20,"damage_taken":0},{"event_name":"Masked Bandits","player_choice":"Fought over 342 gold","floor":22,"damage_taken":0}],"boss_relics":[{"not_picked":["White Beast Statue","Inserter"],"picked":"Cursed Key"}],"potions_floor_spawned":[1,11,16,19],"seed_played":"1748077330429389497","killed_by":"Masked Bandits","ascension_level":1,"is_trial":false}