{"gold_per_floor":[119,119,119,119,130,130,43,43,67,85,101,129,129,129,129,206,206,184,194,208,221,239,239,264,279,279,279,279,279,279],"floor_reached":30,"playtime":1016,"items_purged":[],"score":500,"play_id":"712e32d7-a52e-4d2d-a59f-6cabf36c9827","local_time":"20181015185620","daily_mods":["SealedDeck"],"is_ascension_mode":true,"campfire_choices":[{"data":"Leg Sweep","floor":6.0,"key":"SMITH"},{"data":"Caltrops","floor":8.0,"key":"SMITH"},{"data":"Noxious Fumes","floor":13.0,"key":"SMITH"},{"data":"Cloak And Dagger","floor":15.0,"key":"SMITH"},{"data":"Adrenaline","floor":23,"key":"SMITH"},{"data":"Footwork","floor":29,"key":"SMITH"}],"neow_cost":"","seed_source_timestamp":0,"circlet_count":0,"master_deck":["AscendersBane","Dagger Spray","Quick Slash","Deadly Poison","Well Laid Plans","Caltrops+1","Crippling Poison","Cloak And Dagger","Sucker Punch","Leg Sweep+1","Dash","Dash+1","Dash+1","Noxious Fumes+1","Cloak And Dagger+1","Cloak And Dagger+1","Infinite Blades","Adrenaline+1","Backstab","Escape Plan+1","Dodge and Roll","Footwork+1"],"special_seed":0,"relics":["Ring of the Snake","Blue Candle","GremlinMask","Whetstone","Centennial Puzzle","Coffee Dripper","Omamori","Letter Opener"],"potions_floor_usage":[24,30],"damage_taken":[{"damage":0.0,"enemies":"2 Louse","floor":1.0,"turns":2.0},{"damage":0.0,"enemies":"Small Slimes","floor":5.0,"turns":3.0},{"damage":0.0,"enemies":"Cultist","floor":10.0,"turns":4.0},{"damage":0.0,"enemies":"2 Fungi Beasts","floor":11.0,"turns":4.0},{"damage":3.0,"enemies":"Lagavulin","floor":12.0,"turns":6.0},{"damage":7.0,"enemies":"Hexaghost","floor":16.0,"turns":9.0},{"damage":8,"enemies":"2 Thieves","floor":18,"turns":4},{"damage":0,"enemies":"3 Byrds","floor":19,"turns":4},{"damage":5,"enemies":"Snake Plant","floor":20,"turns":3},{"damage":0,"enemies":"3 Cultists","floor":21,"turns":5},{"damage":7,"enemies":"Centurion and Healer","floor":22,"turns":5},{"damage":39,"enemies":"Gremlin Leader","floor":24,"turns":8},{"damage":0,"enemies":"Snake Plant","floor":25,"turns":4},{"damage":19,"enemies":"Slavers","floor":30,"turns":3}],"seed_played":"-697834367016420821","potions_obtained":[{"floor":1.0,"key":"PowerPotion"},{"floor":18,"key":"Weak Potion"},{"floor":20,"key":"Dexterity Potion"}],"is_trial":true,"path_per_floor":["M","$","?","?","M","R","$","R","T","M","M","E","R","?","R","B",null,"M","M","M","M","M","R","E","M","T","?","?","R"],"character_chosen":"THE_SILENT","items_purchased":["Noxious Fumes"],"campfire_rested":0,"item_purchase_floors":[7],"current_hp_per_floor":[59,59,54,54,54,54,54,54,54,54,54,51,51,51,51,44,61,53,53,48,48,41,41,2,2,2,2,15,15,0],"gold":279,"neow_bonus":"","is_prod":false,"is_daily":false,"chose_seed":false,"campfire_upgraded":6,"win_rate":0,"timestamp":1539654980,"path_taken":["M","$","?","?","M","R","?","R","T","M","?","E","R","?","R","BOSS","M","?","M","?","M","R","E","M","T","?","?","R","E"],"build_version":"2018-10-11","purchased_purges":0,"victory":false,"max_hp_per_floor":[66,66,66,66,66,66,66,66,66,66,66,66,66,66,66,66,66,66,66,66,66,66,66,66,66,66,66,66,66,66],"card_choices":[{"not_picked":["Finisher","Bouncing Flask"],"picked":"Dash","floor":1.0},{"not_picked":["Blade Dance","Deflect"],"picked":"Dash","floor":5.0},{"not_picked":["Poisoned Stab","Flying Knee"],"picked":"Cloak And Dagger","floor":10.0},{"not_picked":["Reflex","Dagger Throw"],"picked":"Cloak And Dagger","floor":11.0},{"not_picked":["Escape Plan","Dodge and Roll"],"picked":"Infinite Blades","floor":12.0},{"not_picked":["Envenom","Die Die Die"],"picked":"Adrenaline","floor":16.0},{"not_picked":["Bane","Quick Slash","Choke+1"],"picked":"SKIP","floor":18},{"not_picked":["PiercingWail","Riddle With Holes","Prepared"],"picked":"SKIP","floor":19},{"not_picked":["Flechettes","Accuracy"],"picked":"Backstab","floor":20},{"not_picked":["Caltrops","Terror"],"picked":"Escape Plan+1","floor":21},{"not_picked":["Catalyst","Sucker Punch","Setup"],"picked":"SKIP","floor":22},{"not_picked":["Prepared","Setup"],"picked":"Dodge and Roll","floor":24},{"not_picked":["Underhanded Strike","Deadly Poison"],"picked":"Footwork","floor":25}],"player_experience":935644,"relics_obtained":[{"floor":9.0,"key":"Whetstone"},{"floor":12.0,"key":"Centennial Puzzle"},{"floor":24,"key":"Omamori"},{"floor":26,"key":"Letter Opener"}],"event_choices":[{"event_name":"Scrap Ooze","player_choice":"success","floor":3.0,"damage_taken":5.0},{"event_name":"FaceTrader","player_choice":"Trade","floor":4.0,"damage_taken":0.0},{"event_name":"Upgrade Shrine","player_choice":"Upgraded","floor":14.0,"damage_taken":0.0},{"event_name":"Forgotten Altar","player_choice":"Smashed Altar","floor":27,"damage_taken":0},{"event_name":"The Library","player_choice":"Heal","floor":28,"damage_taken":0}],"is_beta":true,"boss_relics":[{"not_picked":["Tiny House","Runic Pyramid"],"picked":"Coffee Dripper"}],"items_purged_floors":[],"is_endless":false,"potions_floor_spawned":[1,18,20],"killed_by":"Slavers","ascension_level":20}