{"gold_per_floor":[12,29,47,60,72,72,104,104,104,123,123,158,175,6,6,85,85,56,80,99,99,113,113,147,147,147,147,162,162,189,209,209,285,285,303,303,313,332,345,375,49,49,119,119,148,162,190,207,207,207,207,207,207,29,63,63],"floor_reached":57,"playtime":4276,"items_purged":["Strike_G"],"score":2992,"play_id":"677e42df-2067-4b41-a20d-0d9bad0d18de","local_time":"20190510003309","is_ascension_mode":true,"campfire_choices":[{"data":"Neutralize","floor":6,"key":"SMITH"},{"data":"Noxious Fumes","floor":8,"key":"SMITH"},{"data":"Die Die Die","floor":11,"key":"SMITH"},{"data":"Footwork","floor":15,"key":"SMITH"},{"data":"Wraith Form v2","floor":23,"key":"SMITH"},{"data":"Footwork","floor":25,"key":"SMITH"},{"data":"Infinite Blades","floor":27,"key":"SMITH"},{"data":"Caltrops","floor":29,"key":"SMITH"},{"data":"Survivor","floor":32,"key":"SMITH"},{"data":"Well Laid Plans","floor":42,"key":"SMITH"},{"floor":49,"key":"RECALL"},{"floor":53,"key":"REST"}],"neow_cost":"NO_GOLD","seed_source_timestamp":225184013868661,"circlet_count":0,"master_deck":["AscendersBane","Defend_G","Defend_G","Defend_G","Defend_G","Defend_G","Strike_G","Strike_G","Survivor+1","Neutralize+1","Die Die Die+1","Noxious Fumes+1","Escape Plan","Infinite Blades+1","Endless Agony","Venomology+1","Cloak And Dagger+1","Dodge and Roll+1","Backflip+1","Footwork+1","Wraith Form v2+1","Backflip+1","Backflip+1","Footwork+1","Caltrops+1","Acrobatics+1","Dagger Spray+1","Night Terror+1","Well Laid Plans+1","PiercingWail+1","PiercingWail+1","Dodge and Roll+1","Deadly Poison+1","Wraith Form v2+1","Backflip+1","Backflip+1"],"relics":["Ring of the Snake","Toxic Egg 2","The Courier","Mercury Hourglass","Bag of Preparation","HoveringKite","Pen Nib","Nunchaku","Bottled Tornado","Molten Egg 2","Sozu","Dodecahedron","Ice Cream","Lantern","Snake Skull","OrangePellets","Bronze Scales"],"potions_floor_usage":[10,12,13,16,16,18,22,24,28,30,31,33,33,33,56,56],"damage_taken":[{"damage":0,"enemies":"Cultist","floor":1,"turns":3},{"damage":0,"enemies":"2 Louse","floor":2,"turns":3},{"damage":4,"enemies":"Small Slimes","floor":3,"turns":4},{"damage":9,"enemies":"3 Louse","floor":4,"turns":3},{"damage":0,"enemies":"Gremlin Gang","floor":5,"turns":4},{"damage":24,"enemies":"Lagavulin","floor":7,"turns":9},{"damage":3,"enemies":"Large Slime","floor":10,"turns":5},{"damage":2,"enemies":"3 Sentries","floor":12,"turns":6},{"damage":0,"enemies":"Exordium Wildlife","floor":13,"turns":1},{"damage":0,"enemies":"Hexaghost","floor":16,"turns":9},{"damage":1,"enemies":"2 Thieves","floor":18,"turns":4},{"damage":0,"enemies":"3 Byrds","floor":20,"turns":4},{"damage":0,"enemies":"Centurion and Healer","floor":22,"turns":7},{"damage":3,"enemies":"Slavers","floor":24,"turns":3},{"damage":0,"enemies":"Shelled Parasite and Fungi","floor":28,"turns":10},{"damage":0,"enemies":"Book of Stabbing","floor":30,"turns":6},{"damage":0,"enemies":"3 Cultists","floor":31,"turns":2},{"damage":10,"enemies":"Collector","floor":33,"turns":10},{"damage":1,"enemies":"3 Shapes","floor":35,"turns":6},{"damage":3,"enemies":"3 Darklings","floor":37,"turns":3},{"damage":0,"enemies":"Spire Growth","floor":38,"turns":7},{"damage":0,"enemies":"Jaw Worm Horde","floor":39,"turns":4},{"damage":4,"enemies":"Giant Head","floor":40,"turns":16},{"damage":0,"enemies":"Nemesis","floor":45,"turns":9},{"damage":0,"enemies":"Writhing Mass","floor":46,"turns":8},{"damage":2,"enemies":"Reptomancer","floor":47,"turns":8},{"damage":0,"enemies":"Maw","floor":48,"turns":9},{"damage":28,"enemies":"Time Eater","floor":50,"turns":17},{"damage":7,"enemies":"Donu and Deca","floor":51,"turns":12},{"damage":0,"enemies":"Shield and Spear","floor":55,"turns":8},{"damage":10,"enemies":"The Heart","floor":56,"turns":11}],"seed_played":"-8022658858209741001","potions_obtained":[{"floor":1,"key":"Weak Potion"},{"floor":3,"key":"GhostInAJar"},{"floor":7,"key":"Poison Potion"},{"floor":20,"key":"PowerPotion"},{"floor":28,"key":"AttackPotion"},{"floor":31,"key":"EssenceOfSteel"},{"floor":33,"key":"GhostInAJar"}],"is_trial":false,"path_per_floor":["M","M","M","M","M","R","E","R","T","M","R","E","M","$","R","B",null,"M","T","M","?","M","R","E","R","T","R","M","R","E","M","R","B",null,"M","?","M","M","M","E","$","R","T","?","E","M","E","M","R","B","B",null,"R","$","E","B",null],"character_chosen":"THE_SILENT","items_purchased":["Footwork","Bag of Preparation","Ice Cream","OrangePellets"],"campfire_rested":1,"item_purchase_floors":[14,14,41,54],"current_hp_per_floor":[59,59,55,46,46,46,22,22,22,19,19,17,17,17,17,17,54,53,53,53,53,53,53,50,50,50,50,50,50,50,50,50,40,60,59,59,56,56,56,52,52,52,52,52,52,52,50,50,50,22,15,53,66,66,66,56],"gold":63,"neow_bonus":"THREE_RARE_CARDS","is_prod":false,"is_daily":false,"chose_seed":false,"campfire_upgraded":10,"win_rate":0,"timestamp":1557473589,"path_taken":["M","M","M","M","M","R","E","R","T","M","R","E","M","?","R","BOSS","M","?","M","?","?","R","E","R","T","R","M","R","E","M","R","BOSS","M","?","M","M","M","E","$","R","T","?","E","?","E","M","R","BOSS","BOSS","R","$","E","BOSS"],"build_version":"2019-05-07","purchased_purges":1,"victory":true,"max_hp_per_floor":[66,66,66,66,66,66,66,66,66,66,66,66,66,66,66,66,66,66,66,66,66,66,66,66,66,66,66,66,66,66,66,66,66,66,66,66,66,66,66,66,66,66,66,66,66,66,66,66,66,66,66,66,66,66,66,66],"card_choices":[{"not_picked":["Envenom","Burst"],"picked":"Die Die Die","floor":0},{"not_picked":["Finisher","Footwork"],"picked":"Noxious Fumes","floor":1},{"not_picked":["Prepared","Blade Dance","Infinite Blades"],"picked":"SKIP","floor":2},{"not_picked":["Flechettes","Underhanded Strike"],"picked":"Escape Plan","floor":3},{"not_picked":["Catalyst","Dagger Throw"],"picked":"Infinite Blades","floor":4},{"not_picked":["Cloak And Dagger","Underhanded Strike"],"picked":"Endless Agony","floor":5},{"not_picked":["Flying Knee","Slice"],"picked":"Venomology","floor":7},{"not_picked":["Flying Knee","Slice"],"picked":"Cloak And Dagger+1","floor":10},{"not_picked":["Distraction+1","Bullet Time+1"],"picked":"Dodge and Roll+1","floor":12},{"not_picked":["Flechettes","Blade Dance+1"],"picked":"Backflip+1","floor":13},{"not_picked":["Storm of Steel+1","A Thousand Cuts"],"picked":"Wraith Form v2","floor":16},{"not_picked":["Backstab","Endless Agony"],"picked":"Backflip+1","floor":18},{"not_picked":["Dagger Throw","Distraction+1","Flying Knee"],"picked":"SKIP","floor":20},{"not_picked":["Prepared+1","All Out Attack"],"picked":"Backflip+1","floor":22},{"not_picked":["Outmaneuver+1","Flying Knee"],"picked":"Footwork","floor":24},{"not_picked":["Flying Knee","Sucker Punch"],"picked":"Caltrops","floor":28},{"not_picked":["Infinite Blades","Deadly Poison+1"],"picked":"Acrobatics+1","floor":30},{"not_picked":["Sucker Punch+1","Cloak And Dagger+1"],"picked":"Dagger Spray+1","floor":31},{"not_picked":["Doppelganger+1","Burst+1"],"picked":"Night Terror+1","floor":33},{"not_picked":["Slice+1","Bane+1"],"picked":"Well Laid Plans","floor":35},{"not_picked":["All Out Attack+1","Poisoned Stab+1"],"picked":"PiercingWail+1","floor":37},{"not_picked":["Prepared+1","Infinite Blades+1"],"picked":"PiercingWail+1","floor":38},{"not_picked":["Flying Knee+1","A Thousand Cuts"],"picked":"Dodge and Roll+1","floor":39},{"not_picked":["Poisoned Stab+1","Outmaneuver+1"],"picked":"Deadly Poison+1","floor":40},{"not_picked":["Blade Dance+1","Deflect+1","Cloak And Dagger+1"],"picked":"SKIP","floor":45},{"not_picked":["Dagger Spray+1","Eviscerate+1","Flechettes+1"],"picked":"SKIP","floor":46},{"not_picked":["Backstab+1","Dagger Throw+1","Bane+1"],"picked":"SKIP","floor":47},{"not_picked":["Dodge and Roll+1","Deflect+1"],"picked":"Backflip+1","floor":48},{"not_picked":["Outmaneuver+1","Masterful Stab+1"],"picked":"Backflip+1","floor":55}],"player_experience":6330961,"relics_obtained":[{"floor":7,"key":"Toxic Egg 2"},{"floor":9,"key":"The Courier"},{"floor":12,"key":"Mercury Hourglass"},{"floor":19,"key":"Pen Nib"},{"floor":24,"key":"Nunchaku"},{"floor":26,"key":"Bottled Tornado"},{"floor":30,"key":"Molten Egg 2"},{"floor":40,"key":"Dodecahedron"},{"floor":45,"key":"Lantern"},{"floor":47,"key":"Snake Skull"},{"floor":55,"key":"Bronze Scales"}],"event_choices":[{"cards_removed":["Strike_G"],"damage_healed":0,"gold_gain":0,"player_choice":"Offered Basic","damage_taken":0,"max_hp_gain":0,"max_hp_loss":0,"event_name":"Bonfire Elementals","floor":21,"gold_loss":0},{"cards_removed":["Strike_G"],"damage_healed":0,"gold_gain":0,"player_choice":"Removed Attack","damage_taken":0,"max_hp_gain":0,"max_hp_loss":0,"event_name":"Falling","floor":36,"gold_loss":0},{"damage_healed":0,"gold_gain":0,"player_choice":"Copied","damage_taken":0,"max_hp_gain":0,"max_hp_loss":0,"event_name":"Duplicator","floor":44,"gold_loss":0,"cards_obtained":["Wraith Form v2"]}],"is_beta":true,"boss_relics":[{"not_picked":["Astrolabe","Orrery"],"picked":"HoveringKite"},{"not_picked":["Calling Bell","Lizard Tail"],"picked":"Sozu"}],"items_purged_floors":[41],"is_endless":false,"potions_floor_spawned":[1,3,5,7,20,22,28,31,33,35,38,40,46,47],"ascension_level":20}