{"gold_per_floor":[115,129,146,39,39,39,58,84,154,154,154,154,167,195,195,195],"floor_reached":16,"playtime":1113,"items_purged":[],"score":198,"play_id":"832f6bd9-caa2-4d2b-9bed-2a8a6b01cf0b","local_time":"20190319195918","is_ascension_mode":true,"campfire_choices":[{"data":"Backstab","floor":6,"key":"SMITH"},{"floor":12,"key":"REST"},{"data":"Noxious Fumes","floor":15,"key":"SMITH"}],"neow_cost":"NONE","seed_source_timestamp":238515970242381,"circlet_count":0,"master_deck":["AscendersBane","Defend_G","Defend_G","Defend_G","Defend_G","Defend_G","Strike_G","Strike_G","Strike_G","Strike_G","Strike_G","Survivor","Neutralize","Cloak And Dagger","Expertise","Backstab+1","PiercingWail","Caltrops","Dagger Throw","Noxious Fumes+1","Calculated Gamble","Cloak And Dagger"],"relics":["Ring of the Snake","Ice Cream","Bottled Flame","Ornamental Fan","Regal Pillow","Bird Faced Urn"],"potions_floor_usage":[8,16],"damage_taken":[{"damage":0,"enemies":"Cultist","floor":1,"turns":4},{"damage":7,"enemies":"Jaw Worm","floor":2,"turns":9},{"damage":8,"enemies":"2 Louse","floor":3,"turns":4},{"damage":4,"enemies":"Blue Slaver","floor":7,"turns":4},{"damage":28,"enemies":"Gremlin Nob","floor":8,"turns":5},{"damage":1,"enemies":"3 Louse","floor":13,"turns":2},{"damage":32,"enemies":"Lagavulin","floor":14,"turns":8},{"damage":23,"enemies":"Slime Boss","floor":16,"turns":8}],"seed_played":"3859906043363137847","potions_obtained":[{"floor":7,"key":"Explosive Potion"},{"floor":14,"key":"Strength Potion"}],"is_trial":false,"path_per_floor":["M","M","M","$","?","R","M","E","T","T","?","R","M","E","R","B"],"character_chosen":"THE_SILENT","items_purchased":["PiercingWail","Caltrops"],"campfire_rested":1,"item_purchase_floors":[4,4],"current_hp_per_floor":[65,58,50,50,55,55,51,23,23,23,12,50,49,17,17,0],"gold":195,"neow_bonus":"TEN_PERCENT_HP_BONUS","is_prod":false,"is_daily":false,"chose_seed":false,"campfire_upgraded":2,"win_rate":0,"timestamp":1553039958,"path_taken":["M","M","M","?","?","R","M","E","T","?","?","R","M","E","R","BOSS"],"build_version":"2019-01-23","purchased_purges":0,"victory":false,"max_hp_per_floor":[72,72,72,72,77,77,77,77,77,77,77,77,77,77,77,77],"card_choices":[{"not_picked":["Poisoned Stab","Dodge and Roll"],"picked":"Cloak And Dagger","floor":1},{"not_picked":["Blade Dance","All Out Attack"],"picked":"Expertise","floor":2},{"not_picked":["Cloak And Dagger","Acrobatics"],"picked":"Backstab","floor":3},{"not_picked":["Concentrate","Bullet Time"],"picked":"Dagger Throw","floor":7},{"not_picked":["Dodge and Roll","Burst"],"picked":"Noxious Fumes","floor":8},{"not_picked":["Riddle With Holes","Heel Hook"],"picked":"Calculated Gamble","floor":13},{"not_picked":["Dagger Throw","Backstab"],"picked":"Cloak And Dagger","floor":14}],"player_experience":1262743,"relics_obtained":[{"floor":8,"key":"Ice Cream"},{"floor":9,"key":"Bottled Flame"},{"floor":10,"key":"Ornamental Fan"},{"floor":14,"key":"Bird Faced Urn"}],"event_choices":[{"damage_healed":0,"gold_gain":0,"player_choice":"Donut","damage_taken":0,"max_hp_gain":5,"max_hp_loss":0,"event_name":"Big Fish","floor":5,"gold_loss":0},{"damage_healed":0,"gold_gain":0,"player_choice":"Success","damage_taken":11,"relics_obtained":["Regal Pillow"],"max_hp_gain":0,"max_hp_loss":0,"event_name":"Scrap Ooze","floor":11,"gold_loss":0}],"is_beta":false,"boss_relics":[],"items_purged_floors":[],"is_endless":false,"potions_floor_spawned":[7,14],"killed_by":"Slime Boss","ascension_level":16}