{"gold_per_floor":[209,222,297,86,86,111,111,145,145,145,155,170,196,196,196,270,270,210,210,35,35,35,35,35,35,35,35,35,35,35,35,35,35,35,35,35,35,35,35,35,35,35,35,35,35,35,35,35,35,35,35,35,35,6,6,6],"floor_reached":57,"playtime":3400,"items_purged":["Strike_R","Strike_R"],"score":2671,"play_id":"9ba703f4-1294-41cc-832b-0adf5eac8e19","local_time":"20190508151200","is_ascension_mode":true,"campfire_choices":[{"data":"Defend_R","floor":7,"key":"SMITH"},{"floor":10,"key":"REST"},{"data":"Disarm","floor":15,"key":"SMITH"},{"data":"Inflame","floor":23,"key":"SMITH"},{"data":"Limit Break","floor":30,"key":"SMITH"},{"data":"Heavy Blade","floor":32,"key":"SMITH"},{"data":"Offering","floor":40,"key":"SMITH"},{"floor":42,"key":"RECALL"},{"data":"Inflame","floor":49,"key":"SMITH"},{"data":"Pommel Strike","floor":53,"key":"SMITH"}],"neow_cost":"NONE","seed_source_timestamp":105993307134627,"circlet_count":0,"master_deck":["AscendersBane","Bash","Thunderclap","Headbutt","Inflame+1","Reaper","Inflame+1","Spot Weakness","Iron Wave","Disarm+1","Limit Break+1","Shrug It Off","Reaper","Pommel Strike+1","Heavy Blade+1","Spot Weakness","Reaper","Juggernaut","Reckless Charge","Offering+1","Pommel Strike","Infernal Blade","Clothesline+1","True Grit+1","Shockwave","Shrug It Off+1","Inflame+1","Flash of Steel","Shrug It Off","Feel No Pain"],"relics":["Burning Blood","Ornamental Fan","Self Forming Clay","Anchor","Dream Catcher","Ectoplasm","Lantern","Bottled Tornado","Question Card","Pandora\u0027s Box","Bird Faced Urn","Juzu Bracelet","Red Skull","Du-Vu Doll","Bag of Marbles","Dead Branch"],"potions_floor_usage":[6,8,56,56],"damage_taken":[{"damage":7,"enemies":"2 Louse","floor":1,"turns":3},{"damage":11,"enemies":"Small Slimes","floor":2,"turns":4},{"damage":8,"enemies":"Gremlin Nob","floor":6,"turns":3},{"damage":42,"enemies":"Lagavulin","floor":8,"turns":8},{"damage":0,"enemies":"Jaw Worm","floor":11,"turns":3},{"damage":9,"enemies":"Looter","floor":12,"turns":3},{"damage":16,"enemies":"3 Sentries","floor":13,"turns":6},{"damage":48,"enemies":"The Guardian","floor":16,"turns":14},{"damage":12,"enemies":"2 Thieves","floor":18,"turns":3},{"damage":18,"enemies":"3 Byrds","floor":22,"turns":5},{"damage":19,"enemies":"Centurion and Healer","floor":24,"turns":5},{"damage":26,"enemies":"Gremlin Leader","floor":25,"turns":7},{"damage":15,"enemies":"Snake Plant","floor":28,"turns":4},{"damage":35,"enemies":"Sentry and Sphere","floor":31,"turns":6},{"damage":74,"enemies":"Collector","floor":33,"turns":8},{"damage":9,"enemies":"3 Shapes","floor":35,"turns":5},{"damage":43,"enemies":"Mind Bloom Boss Battle","floor":36,"turns":7},{"damage":24,"enemies":"3 Darklings","floor":38,"turns":4},{"damage":6,"enemies":"Sphere and 2 Shapes","floor":41,"turns":2},{"damage":45,"enemies":"Reptomancer","floor":44,"turns":4},{"damage":18,"enemies":"4 Shapes","floor":45,"turns":4},{"damage":41,"enemies":"Nemesis","floor":46,"turns":7},{"damage":28,"enemies":"3 Darklings","floor":47,"turns":4},{"damage":94,"enemies":"Donu and Deca","floor":50,"turns":6},{"damage":62,"enemies":"Awakened One","floor":51,"turns":7},{"damage":48,"enemies":"Shield and Spear","floor":55,"turns":4},{"damage":89,"enemies":"The Heart","floor":56,"turns":8}],"seed_played":"586308124293213113","potions_obtained":[{"floor":1,"key":"Energy Potion"},{"floor":11,"key":"Swift Potion"},{"floor":13,"key":"BloodPotion"},{"floor":18,"key":"SteroidPotion"},{"floor":36,"key":"PowerPotion"}],"is_trial":false,"path_per_floor":["M","M","?","$","?","E","R","E","T","R","M","M","E","?","R","B",null,"M","?","$","?","M","R","M","E","T","T","M","T","R","M","R","B",null,"M","?","T","M","?","R","M","R","T","E","M","E","M","?","R","B","B",null,"R","$","E","B",null],"character_chosen":"IRONCLAD","items_purchased":["Fire Potion","Inflame","Reaper","Shrug It Off"],"campfire_rested":1,"item_purchase_floors":[4,4,20,54],"current_hp_per_floor":[67,62,51,51,51,49,49,18,18,40,58,61,74,67,67,34,65,75,54,54,54,77,77,80,80,80,80,80,80,80,68,68,23,66,80,80,80,80,80,80,80,80,80,80,80,80,80,70,70,80,80,80,80,80,80,80],"gold":6,"neow_bonus":"HUNDRED_GOLD","is_prod":false,"is_daily":false,"chose_seed":false,"campfire_upgraded":8,"win_rate":0,"timestamp":1557353520,"path_taken":["M","M","?","$","?","E","R","E","T","R","M","M","E","?","R","BOSS","M","?","$","?","?","R","M","E","T","?","?","?","R","?","R","BOSS","M","?","?","M","?","R","M","R","T","E","M","E","M","?","R","BOSS","BOSS","R","$","E","BOSS"],"build_version":"2019-05-07","purchased_purges":2,"victory":true,"max_hp_per_floor":[75,75,75,75,75,75,75,75,75,75,75,75,75,75,75,75,75,75,80,80,80,80,80,80,80,80,80,80,80,80,80,80,80,80,80,80,80,80,80,80,80,80,80,80,80,80,80,80,80,80,80,80,80,80,80,80],"card_choices":[{"not_picked":["Heavy Blade","Wild Strike"],"picked":"Thunderclap","floor":1},{"not_picked":["Perfected Strike","Thunderclap"],"picked":"Headbutt","floor":2},{"not_picked":["Demon Form","Sever Soul"],"picked":"Reaper","floor":6},{"not_picked":["Sentinel","Evolve"],"picked":"Inflame","floor":8},{"not_picked":["Anger","Thunderclap"],"picked":"Spot Weakness","floor":11},{"not_picked":["Evolve","Perfected Strike"],"picked":"Iron Wave","floor":12},{"not_picked":["Impervious","Intimidate"],"picked":"Disarm","floor":13},{"not_picked":["Demon Form","Barricade"],"picked":"Limit Break","floor":16},{"not_picked":["Rage","Power Through"],"picked":"Shrug It Off","floor":18},{"not_picked":["Body Slam","Clash"],"picked":"Pommel Strike","floor":22},{"not_picked":["Searing Blow+1","Headbutt+1"],"picked":"Heavy Blade","floor":24},{"not_picked":["Anger","Cleave"],"picked":"Spot Weakness","floor":25},{"not_picked":["Cleave","Headbutt","Reckless Charge"],"picked":"SKIP","floor":28},{"not_picked":["Infernal Blade","Reckless Charge","Pummel","Wild Strike"],"picked":"SKIP","floor":31},{"not_picked":["Fiend Fire","Juggernaut","Immolate"],"picked":"Reaper","floor":33},{"not_picked":["Twin Strike","Pummel+1","Cleave+1","Sword Boomerang"],"picked":"SKIP","floor":35},{"not_picked":["Cleave+1","Warcry","Immolate"],"picked":"Combust+1","floor":36},{"not_picked":["Body Slam","Flex","True Grit"],"picked":"Clothesline+1","floor":38},{"not_picked":["Iron Wave","Heavy Blade","Shrug It Off"],"picked":"True Grit+1","floor":41},{"not_picked":["Wild Strike","Bloodletting","Immolate"],"picked":"Shockwave","floor":44},{"not_picked":["Wild Strike","Clash","Whirlwind"],"picked":"Shrug It Off+1","floor":45},{"not_picked":["Bloodletting+1","Headbutt","Armaments","Spot Weakness"],"picked":"SKIP","floor":46},{"not_picked":["Armaments","Clash+1","Thunderclap"],"picked":"Inflame","floor":47},{"not_picked":["Discovery","Blind","Good Instincts"],"picked":"Flash of Steel","floor":48},{"not_picked":["Heavy Blade","Sword Boomerang","Double Tap"],"picked":"Feel No Pain","floor":55}],"player_experience":6270233,"relics_obtained":[{"floor":6,"key":"Ornamental Fan"},{"floor":8,"key":"Self Forming Clay"},{"floor":9,"key":"Anchor"},{"floor":13,"key":"Dream Catcher"},{"floor":25,"key":"Lantern"},{"floor":26,"key":"Bottled Tornado"},{"floor":29,"key":"Question Card"},{"floor":36,"key":"Bird Faced Urn"},{"floor":37,"key":"Juzu Bracelet"},{"floor":43,"key":"Red Skull"},{"floor":44,"key":"Du-Vu Doll"},{"floor":46,"key":"Bag of Marbles"},{"floor":55,"key":"Dead Branch"}],"event_choices":[{"damage_healed":0,"gold_gain":75,"player_choice":"Gather Gold","damage_taken":11,"max_hp_gain":0,"max_hp_loss":0,"event_name":"World of Goop","floor":3,"gold_loss":0},{"damage_healed":0,"gold_gain":0,"player_choice":"Grow","damage_taken":0,"max_hp_gain":0,"max_hp_loss":0,"event_name":"Living Wall","floor":5,"gold_loss":0,"cards_upgraded":["Inflame"]},{"cards_removed":["Strike_R"],"damage_healed":0,"gold_gain":0,"player_choice":"Card Removal","damage_taken":7,"max_hp_gain":0,"max_hp_loss":0,"event_name":"Golden Wing","floor":14,"gold_loss":0},{"damage_healed":0,"gold_gain":0,"player_choice":"Shed Blood","damage_taken":26,"max_hp_gain":5,"max_hp_loss":0,"event_name":"Forgotten Altar","floor":19,"gold_loss":0},{"cards_removed":["Strike_R"],"damage_healed":0,"gold_gain":0,"player_choice":"Offered Basic","damage_taken":0,"max_hp_gain":0,"max_hp_loss":0,"event_name":"Bonfire Elementals","floor":21,"gold_loss":0},{"damage_healed":0,"gold_gain":0,"player_choice":"Fight","damage_taken":0,"max_hp_gain":0,"max_hp_loss":0,"event_name":"MindBloom","floor":36,"gold_loss":0},{"cards_removed":["Combust"],"damage_healed":0,"gold_gain":0,"player_choice":"Removed Power","damage_taken":0,"max_hp_gain":0,"max_hp_loss":0,"event_name":"Falling","floor":39,"gold_loss":0},{"damage_healed":0,"gold_gain":0,"player_choice":"Memory 3","damage_taken":10,"max_hp_gain":0,"max_hp_loss":0,"event_name":"SensoryStone","floor":48,"gold_loss":0}],"is_beta":true,"boss_relics":[{"not_picked":["Astrolabe","Calling Bell"],"picked":"Ectoplasm"},{"not_picked":["Tiny House","Velvet Choker"],"picked":"Pandora\u0027s Box"}],"items_purged_floors":[4,20],"is_endless":false,"potions_floor_spawned":[1,11,13,18,22,25,33,36,41,44,47],"ascension_level":20}