{"gold_per_floor":[364,10,25,25,25,25,52,68,118,118],"floor_reached":10,"playtime":279,"items_purged":[],"score":132,"play_id":"03852594-fb1a-46a0-aa21-875d76328d00","local_time":"20190412225601","is_ascension_mode":true,"campfire_choices":[{"floor":6,"key":"REST"}],"neow_cost":"PERCENT_DAMAGE","seed_source_timestamp":102840901147029,"circlet_count":0,"master_deck":["AscendersBane","Strike_B","Strike_B","Strike_B","Strike_B","Defend_B","Defend_B","Defend_B","Defend_B","Zap","Dualcast","Leap","Genetic Algorithm","Consume","Steam"],"relics":["Cracked Core","Membership Card","Cables","Anchor","Boot"],"potions_floor_usage":[7,10],"damage_taken":[{"damage":14,"enemies":"Small Slimes","floor":1,"turns":3},{"damage":7,"enemies":"Jaw Worm","floor":3,"turns":2},{"damage":44,"enemies":"Gremlin Nob","floor":7,"turns":5},{"damage":1,"enemies":"Cultist","floor":8,"turns":4},{"damage":1,"enemies":"Lagavulin","floor":10,"turns":3}],"seed_played":"7814813865363610842","potions_obtained":[{"floor":3,"key":"SpeedPotion"},{"floor":7,"key":"Strength Potion"},{"floor":8,"key":"Poison Potion"}],"is_trial":false,"path_per_floor":["M","$","M","?","?","R","E","M","T","E"],"character_chosen":"DEFECT","items_purchased":["Membership Card","Cables"],"campfire_rested":1,"item_purchase_floors":[2,2],"current_hp_per_floor":[32,32,25,25,25,46,2,1,1,0],"gold":118,"neow_bonus":"TWO_FIFTY_GOLD","is_prod":false,"is_daily":false,"chose_seed":false,"campfire_upgraded":0,"win_rate":0,"timestamp":1555124161,"path_taken":["M","$","M","?","?","R","E","M","T","E"],"build_version":"2019-01-23","purchased_purges":0,"victory":false,"max_hp_per_floor":[71,71,71,71,71,71,71,71,71,71],"card_choices":[{"not_picked":["Rebound","Streamline"],"picked":"Leap","floor":1},{"not_picked":["Hologram","Leap"],"picked":"Genetic Algorithm","floor":3},{"not_picked":["Rebound","Melter"],"picked":"Consume","floor":7},{"not_picked":["Leap","Hologram"],"picked":"Steam","floor":8}],"player_experience":1830791,"relics_obtained":[{"floor":7,"key":"Anchor"},{"floor":9,"key":"Boot"}],"event_choices":[{"damage_healed":0,"gold_gain":0,"player_choice":"Ignored","damage_taken":0,"max_hp_gain":0,"max_hp_loss":0,"event_name":"Liars Game","floor":4,"gold_loss":0},{"damage_healed":0,"gold_gain":0,"player_choice":"Ignored","damage_taken":0,"max_hp_gain":0,"max_hp_loss":0,"event_name":"Shining Light","floor":5,"gold_loss":0}],"is_beta":false,"boss_relics":[],"items_purged_floors":[],"is_endless":false,"potions_floor_spawned":[3,7,8],"killed_by":"Lagavulin","ascension_level":20}