{"path_per_floor":["M","?","?","M","?","R","E","R","T","?","M","R","E","$","R","B",null,"M","?","?","M","M","R","M","M","T","?","R","M","?"],"character_chosen":"THE_SILENT","items_purchased":["Toolbox"],"gold_per_floor":[113,188,188,203,203,203,236,236,236,236,260,260,294,27,27,148,148,161,86,86,109,123,123,141,166,166,81,81,95,95],"floor_reached":31,"campfire_rested":3,"playtime":2009,"current_hp_per_floor":[70,59,59,59,45,45,45,45,45,38,36,57,45,45,45,28,60,60,60,60,55,14,35,34,20,20,20,41,25,18],"items_purged":["Injury"],"gold":95,"score":335,"play_id":"0861d659-085a-4a68-ac84-5fc5a54cb8a2","is_prod":false,"is_daily":false,"is_ascension_mode":true,"campfire_upgraded":3,"path_taken":["M","?","?","M","?","R","E","R","T","?","M","R","E","$","R","BOSS","M","?","?","M","M","R","M","M","T","?","R","M","?","E"],"build_version":"2018-02-15-PROD1","purchased_purges":1,"victory":false,"master_deck":["Defend_G","Defend_G","Defend_G","Defend_G","Defend_G","Strike_G+1","Strike_G","Strike_G+1","Strike_G+1","Survivor","Neutralize+1","Flying Knee+1","Finisher+1","Backflip","Quick Slash+1","Dagger Spray","Burst","Prepared+1","PiercingWail+1","Reflex+1","Tools of the Trade","Cloak And Dagger+1"],"max_hp_per_floor":[70,70,70,70,70,70,70,70,70,70,70,70,70,70,70,70,70,70,70,70,70,70,70,72,72,72,72,72,72,72],"relics":["Ring of the Snake","NeowsBlessing","Golden Idol","Matryoshka","Whetstone","The Courier","Orichalcum","Ancient Tea Set","Toolbox","Question Card","Singing Bowl","Juzu Bracelet","Du-Vu Doll","Lantern"],"card_choices":[{"not_picked":["Backflip","Slice"],"picked":"Flying Knee"},{"not_picked":["Prepared","Deadly Poison"],"picked":"Finisher"},{"not_picked":["Grand Finale","Setup"],"picked":"Backflip"},{"not_picked":["Eviscerate","All Out Attack"],"picked":"Quick Slash"},{"not_picked":["Cloak And Dagger","Quick Slash"],"picked":"Dagger Spray"},{"not_picked":["Tactician","Unload"],"picked":"Burst"},{"not_picked":["Underhanded Strike","Deadly Poison","Noxious Fumes"],"picked":"Prepared"},{"not_picked":["Outmaneuver","Sucker Punch","Finisher"],"picked":"PiercingWail"},{"not_picked":["Catalyst","Skewer","Flechettes"],"picked":"Reflex"},{"not_picked":["Acrobatics","Slice","Flying Knee"],"picked":"Tools of the Trade"},{"not_picked":["Deflect","Backflip","Escape Plan"],"picked":"Cloak And Dagger"}],"player_experience":307529,"potions_floor_usage":[16,21,21,24,25],"damage_taken":[{"damage":0,"enemies":"Small Slimes","floor":1,"turns":1},{"damage":0,"enemies":"2 Louse","floor":4,"turns":1},{"damage":0,"enemies":"Gremlin Nob","floor":7,"turns":1},{"damage":2,"enemies":"Jaw Worm","floor":11,"turns":2},{"damage":12,"enemies":"Lagavulin","floor":13,"turns":5},{"damage":17,"enemies":"The Guardian","floor":16,"turns":11},{"damage":0,"enemies":"Chosen","floor":18,"turns":4},{"damage":5,"enemies":"2 Thieves","floor":21,"turns":2},{"damage":41,"enemies":"Sentry and Sphere","floor":22,"turns":6},{"damage":15,"enemies":"Chosen and Byrds","floor":24,"turns":5},{"damage":29,"enemies":"Centurion and Healer","floor":25,"turns":8},{"damage":16,"enemies":"Snecko","floor":29,"turns":5},{"damage":22,"enemies":"Book of Stabbing","floor":31,"turns":4}],"event_choices":[{"event_name":"World of Goop","player_choice":"Gather Gold","floor":2,"damage_taken":0},{"event_name":"Golden Idol","player_choice":"Take Wound","floor":3,"damage_taken":0},{"event_name":"Shining Light","player_choice":"Entered Light","floor":5,"damage_taken":0},{"event_name":"Scrap Ooze","player_choice":"success","floor":10,"damage_taken":7},{"event_name":"Beggar","player_choice":"Gave Gold","floor":19,"damage_taken":0},{"event_name":"Accursed Blacksmith","player_choice":"Rummage","floor":20,"damage_taken":0},{"event_name":"Addict","player_choice":"Obtained Relic","floor":27,"damage_taken":0},{"event_name":"Wheel of Change","player_choice":"Damage","floor":30,"damage_taken":0}],"boss_relics":[{"not_picked":["Runic Pyramid","Philosopher\u0027s Stone"],"picked":"Question Card"}],"potions_floor_spawned":[7,13,16,22,24],"seed_played":"-3718339694122122609","killed_by":"Book of Stabbing","ascension_level":5,"is_trial":false}