{"gold_per_floor":[215,225,300,53,53,53,78,78,132,164,164,214,214,224,224,302,302,302,262,262,59,59,59,59,59,59,59,59,59,59,59,59,59],"floor_reached":33,"playtime":1697,"items_purged":["Strike_G"],"score":575,"play_id":"8b3c2e47-8f77-489f-a868-d1800582b8cb","local_time":"20190428081200","is_ascension_mode":true,"campfire_choices":[{"data":"Neutralize","floor":6,"key":"SMITH"},{"data":"Cloak And Dagger","floor":8,"key":"SMITH"},{"data":"Cloak And Dagger","floor":11,"key":"SMITH"},{"data":"Blade Dance","floor":13,"key":"SMITH"},{"data":"Accuracy","floor":15,"key":"SMITH"},{"data":"Infinite Blades","floor":23,"key":"SMITH"},{"floor":25,"key":"REST"},{"data":"Well Laid Plans","floor":32,"key":"SMITH"}],"neow_cost":"NONE","seed_source_timestamp":481999405692215,"circlet_count":0,"master_deck":["AscendersBane","Defend_G","Defend_G","Defend_G","Defend_G","Defend_G","Survivor","Neutralize+1","Blade Dance+1","Cloak And Dagger+1","Accuracy+1","Choke","Cloak And Dagger+1","Burst","Dodge and Roll","Infinite Blades+1","Leg Sweep","Caltrops","Well Laid Plans+1","Bite","Bite","Bite","Bite","Bite","Poisoned Stab","Neutralize","Envenom","Endless Agony"],"relics":["Ring of the Snake","Bag of Marbles","Pocketwatch","Potion Belt","Shovel","Ectoplasm","The Specimen","Gremlin Horn"],"potions_floor_usage":[16,16,18,18,22,22,22,24,28,33],"damage_taken":[{"damage":0,"enemies":"2 Louse","floor":1,"turns":5},{"damage":0,"enemies":"Jaw Worm","floor":2,"turns":6},{"damage":18,"enemies":"3 Sentries","floor":7,"turns":14},{"damage":4,"enemies":"Gremlin Nob","floor":10,"turns":3},{"damage":0,"enemies":"Cultist","floor":14,"turns":2},{"damage":16,"enemies":"Slime Boss","floor":16,"turns":7},{"damage":2,"enemies":"3 Byrds","floor":18,"turns":5},{"damage":1,"enemies":"2 Thieves","floor":19,"turns":3},{"damage":6,"enemies":"Snecko","floor":20,"turns":4},{"damage":1,"enemies":"Shelled Parasite and Fungi","floor":22,"turns":6},{"damage":21,"enemies":"Slavers","floor":24,"turns":6},{"damage":9,"enemies":"Sentry and Sphere","floor":28,"turns":5},{"damage":6,"enemies":"Centurion and Healer","floor":30,"turns":6},{"damage":10,"enemies":"Chosen and Byrds","floor":31,"turns":5},{"damage":68,"enemies":"Champ","floor":33,"turns":9}],"seed_played":"-3748703081357577937","potions_obtained":[{"floor":2,"key":"GamblersBrew"},{"floor":14,"key":"GhostInAJar"},{"floor":16,"key":"EntropicBrew"},{"floor":20,"key":"Ancient Potion"},{"floor":22,"key":"GhostInAJar"},{"floor":24,"key":"PowerPotion"}],"is_trial":false,"path_per_floor":["M","M","?","$","?","R","E","R","T","E","R","?","R","M","R","B",null,"M","M","M","$","M","R","E","R","T","?","M","?","M","M","R","B"],"character_chosen":"THE_SILENT","items_purchased":["Bag of Marbles","Accuracy","GhostInAJar","Caltrops"],"campfire_rested":1,"item_purchase_floors":[4,4,21,21],"current_hp_per_floor":[59,59,48,48,43,43,25,25,25,21,21,21,21,21,21,5,51,49,48,42,42,41,41,20,39,39,39,38,38,46,36,36,0],"gold":59,"neow_bonus":"HUNDRED_GOLD","is_prod":false,"is_daily":false,"chose_seed":false,"campfire_upgraded":7,"win_rate":0,"timestamp":1556453520,"path_taken":["M","M","?","$","?","R","E","R","T","E","R","?","R","?","R","BOSS","M","M","M","$","M","R","E","R","T","?","M","?","M","M","R","BOSS"],"build_version":"2019-01-23","purchased_purges":1,"victory":false,"max_hp_per_floor":[66,66,66,66,66,66,66,66,66,66,66,66,66,66,66,66,66,66,66,66,66,66,66,66,66,66,46,46,46,46,46,46,46],"card_choices":[{"not_picked":["Prepared","Tactician"],"picked":"Blade Dance","floor":1},{"not_picked":["Well Laid Plans","Backflip"],"picked":"Cloak And Dagger","floor":2},{"not_picked":["Deadly Poison","Acrobatics"],"picked":"Choke","floor":7},{"not_picked":["Slice","Underhanded Strike"],"picked":"Cloak And Dagger","floor":10},{"not_picked":["Dagger Throw","Underhanded Strike","Setup"],"picked":"SKIP","floor":14},{"not_picked":["Unload","Doppelganger"],"picked":"Burst","floor":16},{"not_picked":["Blade Dance","Underhanded Strike"],"picked":"Dodge and Roll","floor":18},{"not_picked":["All Out Attack","Dagger Throw"],"picked":"Infinite Blades","floor":19},{"not_picked":["Outmaneuver","PiercingWail"],"picked":"Leg Sweep","floor":20},{"not_picked":["Eviscerate","Skewer"],"picked":"Well Laid Plans","floor":22},{"not_picked":["Poisoned Stab","Calculated Gamble","Reflex"],"picked":"SKIP","floor":24},{"not_picked":["Cloak And Dagger","Bane","Poisoned Stab"],"picked":"SKIP","floor":28},{"not_picked":["Slice","Accuracy"],"picked":"Envenom","floor":30},{"not_picked":["Flechettes","Dodge and Roll"],"picked":"Endless Agony","floor":31}],"player_experience":2042103,"relics_obtained":[{"floor":7,"key":"Potion Belt"},{"floor":10,"key":"Shovel"},{"floor":24,"key":"The Specimen"},{"floor":26,"key":"Gremlin Horn"}],"event_choices":[{"damage_healed":0,"gold_gain":75,"player_choice":"Gather Gold","damage_taken":11,"max_hp_gain":0,"max_hp_loss":0,"event_name":"World of Goop","floor":3,"gold_loss":0},{"damage_healed":0,"gold_gain":0,"player_choice":"Success","damage_taken":5,"relics_obtained":["Pocketwatch"],"max_hp_gain":0,"max_hp_loss":0,"event_name":"Scrap Ooze","floor":5,"gold_loss":0},{"damage_healed":0,"gold_gain":50,"player_choice":"Pray","damage_taken":0,"max_hp_gain":0,"max_hp_loss":0,"event_name":"Golden Shrine","floor":12,"gold_loss":0},{"damage_healed":0,"gold_gain":0,"player_choice":"Became a vampire","damage_taken":0,"max_hp_gain":0,"max_hp_loss":20,"event_name":"Vampires","floor":27,"gold_loss":0,"cards_obtained":["Bite","Bite","Bite","Bite","Bite"]},{"damage_healed":0,"gold_gain":0,"player_choice":"2 cards matched","damage_taken":0,"max_hp_gain":0,"max_hp_loss":0,"event_name":"Match and Keep!","floor":29,"gold_loss":0,"cards_obtained":["Poisoned Stab","Neutralize"]}],"is_beta":false,"boss_relics":[{"not_picked":["Runic Dome","Sozu"],"picked":"Ectoplasm"}],"items_purged_floors":[21],"is_endless":false,"potions_floor_spawned":[2,14,16,20,22,24],"killed_by":"Champ","ascension_level":20}