{"gold_per_floor":[112,37,187,187,203,214,245,245,270,283,10,10,100,124,124,203,203,222,222,235,253,271,271,302,302,302,302,336,125,51,74,74,148,148,167,167,178,195,70,70,70],"floor_reached":41,"playtime":1843,"items_purged":["Pain","Doubt","Doubt"],"score":858,"play_id":"3748adfd-c04e-4796-a549-830c3856c55a","local_time":"20190327011648","is_ascension_mode":true,"campfire_choices":[{"data":"Zap","floor":8,"key":"SMITH"},{"data":"Rainbow","floor":12,"key":"SMITH"},{"data":"Go for the Eyes","floor":15,"key":"SMITH"},{"floor":23,"key":"REST"},{"floor":25,"key":"REST"},{"data":"Defragment","floor":32,"key":"SMITH"},{"floor":40,"key":"REST"}],"neow_cost":"CURSE","seed_source_timestamp":861738592262687,"circlet_count":0,"master_deck":["AscendersBane","Strike_B","Strike_B","Strike_B","Strike_B","Defend_B","Defend_B","Defend_B","Defend_B","Zap+1","Dualcast","Cold Snap","Cold Snap","Sweeping Beam","Rainbow+1","Ball Lightning","Go for the Eyes+1","All For One","Compile Driver+1","Tempest+1","Echo Form","Undo+1","Defragment+1","Seek","Doubt","Auto Shields+1"],"relics":["Cracked Core","Mango","Centennial Puzzle","Bronze Scales","Anchor","Tiny Chest","Pen Nib","Sozu","Bottled Flame","Omamori","DataDisk","Oddly Smooth Stone","Lee\u0027s Waffle","Calling Bell","Blood Vial","Mummified Hand","Pocketwatch"],"potions_floor_usage":[6,7,13,16,28],"damage_taken":[{"damage":6,"enemies":"Small Slimes","floor":1,"turns":4},{"damage":2,"enemies":"Jaw Worm","floor":5,"turns":3},{"damage":4,"enemies":"Cultist","floor":6,"turns":3},{"damage":28,"enemies":"Gremlin Nob","floor":7,"turns":4},{"damage":0,"enemies":"Large Slime","floor":10,"turns":6},{"damage":9,"enemies":"Gremlin Nob","floor":13,"turns":3},{"damage":6,"enemies":"The Guardian","floor":16,"turns":7},{"damage":17,"enemies":"Spheric Guardian","floor":18,"turns":4},{"damage":0,"enemies":"3 Byrds","floor":20,"turns":2},{"damage":14,"enemies":"Snake Plant","floor":21,"turns":3},{"damage":13,"enemies":"Centurion and Healer","floor":22,"turns":6},{"damage":29,"enemies":"Gremlin Leader","floor":24,"turns":6},{"damage":16,"enemies":"Slavers","floor":28,"turns":3},{"damage":53,"enemies":"Collector","floor":33,"turns":10},{"damage":44,"enemies":"3 Darklings","floor":35,"turns":5},{"damage":9,"enemies":"3 Shapes","floor":37,"turns":4},{"damage":11,"enemies":"Sphere and 2 Shapes","floor":38,"turns":5},{"damage":56,"enemies":"Reptomancer","floor":41,"turns":2}],"seed_played":"-9033466893913580873","potions_obtained":[{"floor":4,"key":"SkillPotion"},{"floor":4,"key":"FearPotion"},{"floor":10,"key":"Poison Potion"},{"floor":13,"key":"FocusPotion"},{"floor":16,"key":"Energy Potion"}],"is_trial":false,"path_per_floor":["M","$","?","?","M","M","E","R","T","M","$","R","?","T","R","B",null,"M","?","M","M","M","R","E","R","T","?","E","$","$","T","R","B",null,"M","?","M","M","$","R","E"],"character_chosen":"DEFECT","items_purchased":["Anchor","Lee\u0027s Waffle","Defragment"],"campfire_rested":3,"item_purchase_floors":[11,29,30],"current_hp_per_floor":[72,72,72,72,70,66,38,38,38,38,38,38,29,29,29,23,70,53,70,70,56,43,68,39,64,64,64,48,92,92,92,92,39,79,37,37,30,21,21,48,0],"gold":70,"neow_bonus":"ONE_RARE_RELIC","is_prod":false,"is_daily":false,"chose_seed":false,"campfire_upgraded":4,"win_rate":0,"timestamp":1553663808,"path_taken":["M","$","?","?","M","M","E","R","T","?","$","R","?","?","R","BOSS","M","?","M","M","M","R","E","R","T","?","E","?","$","?","R","BOSS","M","?","M","M","$","R","E"],"build_version":"2019-01-23","purchased_purges":3,"victory":false,"max_hp_per_floor":[85,85,85,85,85,85,85,85,85,85,85,85,85,85,85,85,85,85,85,85,85,85,85,85,85,85,85,85,92,92,92,92,92,92,92,92,92,92,92,92,92],"card_choices":[{"not_picked":["Chill","Lockon"],"picked":"Cold Snap","floor":1},{"not_picked":["Turbo","Rebound"],"picked":"Cold Snap","floor":5},{"not_picked":["Streamline","Rip and Tear"],"picked":"Sweeping Beam","floor":6},{"not_picked":["Coolheaded","Genetic Algorithm"],"picked":"Rainbow","floor":7},{"not_picked":["Chaos","Darkness"],"picked":"Ball Lightning","floor":10},{"not_picked":["Reinforced Body","Compile Driver"],"picked":"Go for the Eyes","floor":13},{"not_picked":["Fission","Multi-Cast"],"picked":"All For One","floor":16},{"not_picked":["Ball Lightning","Steam"],"picked":"Compile Driver+1","floor":18},{"not_picked":["Rip and Tear","Scrape+1"],"picked":"Tempest+1","floor":20},{"not_picked":["Go for the Eyes","Redo"],"picked":"Echo Form","floor":21},{"not_picked":["Coolheaded","Hello World"],"picked":"Undo+1","floor":22},{"not_picked":["Turbo","Barrage","Leap"],"picked":"SKIP","floor":24},{"not_picked":["Conserve Battery","Compile Driver","Turbo"],"picked":"SKIP","floor":28},{"not_picked":["Echo Form","Thunder Strike"],"picked":"Seek","floor":33},{"not_picked":["Undo","Coolheaded","Gash"],"picked":"SKIP","floor":35},{"not_picked":["Glacier","Darkness+1"],"picked":"Auto Shields+1","floor":37},{"not_picked":["Cold Snap","Gash","Coolheaded"],"picked":"SKIP","floor":38}],"player_experience":1444555,"relics_obtained":[{"floor":7,"key":"Centennial Puzzle"},{"floor":9,"key":"Bronze Scales"},{"floor":13,"key":"Tiny Chest"},{"floor":14,"key":"Pen Nib"},{"floor":24,"key":"Bottled Flame"},{"floor":26,"key":"Omamori"},{"floor":28,"key":"Oddly Smooth Stone"},{"floor":34,"key":"Blood Vial"},{"floor":34,"key":"Mummified Hand"},{"floor":34,"key":"Pocketwatch"}],"event_choices":[{"damage_healed":0,"gold_gain":150,"player_choice":"AGREE","damage_taken":0,"max_hp_gain":0,"max_hp_loss":0,"event_name":"Liars Game","floor":3,"gold_loss":0,"cards_obtained":["Doubt"]},{"damage_healed":0,"gold_gain":0,"player_choice":"Got Potions","damage_taken":0,"max_hp_gain":0,"max_hp_loss":0,"event_name":"Lab","floor":4,"gold_loss":0},{"damage_healed":0,"gold_gain":0,"player_choice":"Searched \u00271\u0027 times","damage_taken":0,"max_hp_gain":0,"max_hp_loss":0,"event_name":"Dead Adventurer","floor":13,"gold_loss":0},{"damage_healed":17,"gold_gain":0,"player_choice":"Heal","damage_taken":0,"max_hp_gain":0,"max_hp_loss":0,"event_name":"The Library","floor":19,"gold_loss":0},{"damage_healed":0,"gold_gain":0,"player_choice":"Opened","damage_taken":0,"relics_obtained":["DataDisk"],"max_hp_gain":0,"max_hp_loss":0,"event_name":"The Mausoleum","floor":27,"gold_loss":0,"cards_obtained":["Writhe"]},{"damage_healed":0,"gold_gain":0,"player_choice":"Ignored","damage_taken":0,"max_hp_gain":0,"max_hp_loss":0,"event_name":"SecretPortal","floor":36,"gold_loss":0}],"is_beta":false,"boss_relics":[{"not_picked":["Pandora\u0027s Box","Inserter"],"picked":"Sozu"},{"not_picked":["Nuclear Battery","Eternal Feather"],"picked":"Calling Bell"}],"items_purged_floors":[2,11,39],"is_endless":false,"potions_floor_spawned":[5,10,13,16,18,21,22,28],"killed_by":"Reptomancer","ascension_level":19}