{"gold_per_floor":[119,68,87,101,115,115,147,147,147,147,147,147,173,186,186,260,260,273,373,35,50,50,50,80,80,149,175,175,192,217,217,217,291,291,301,261,46,62,73,101,115,146,200,254,254,354,386,413,413,413,413,413,413,7,32,32],"floor_reached":57,"playtime":3434,"items_purged":[],"score":3333,"play_id":"cca6b67f-b4e1-4424-b2ad-75dee6dbca9c","local_time":"20190504031532","is_ascension_mode":true,"campfire_choices":[{"floor":6,"key":"REST"},{"data":"Sunder","floor":8,"key":"SMITH"},{"data":"Streamline","floor":12,"key":"SMITH"},{"data":"Meteor Strike","floor":15,"key":"SMITH"},{"data":"Reinforced Body","floor":23,"key":"SMITH"},{"floor":25,"key":"REST"},{"data":"1","floor":28,"key":"LIFT"},{"data":"Hyperbeam","floor":32,"key":"SMITH"},{"floor":49,"key":"RECALL"},{"data":"Zap","floor":53,"key":"PURGE"}],"neow_cost":"NONE","seed_source_timestamp":320356005880706,"circlet_count":0,"master_deck":["AscendersBane","Defend_B","Defend_B","Defend_B","Dualcast","Streamline+1","Sunder+1","Ball Lightning","Meteor Strike+1","All For One","Reinforced Body+1","Hyperbeam+1","Doom and Gloom+1","Consume","Multi-Cast","Skim+1","Coolheaded","Force Field","All For One+1","Creative AI"],"relics":["Snecko Eye","Singing Bowl","Orichalcum","Blue Candle","Dream Catcher","Black Star","Girya","Letter Opener","Gambling Chip","Juzu Bracelet","Unceasing Top","Happy Flower","Oddly Smooth Stone","Emotion Chip","Strawberry","Fusion Hammer","Runic Capacitor","Symbiotic Virus","Kunai","Du-Vu Doll","Molten Egg 2","Art of War","StoneCalendar","Peace Pipe","DataDisk","Ancient Tea Set","Potion Belt","FossilizedHelix","Bag of Preparation","Cables"],"potions_floor_usage":[29,40,56,56,56,56],"damage_taken":[{"damage":13,"enemies":"Jaw Worm","floor":1,"turns":6},{"damage":1,"enemies":"Cultist","floor":3,"turns":3},{"damage":4,"enemies":"Small Slimes","floor":4,"turns":3},{"damage":8,"enemies":"Blue Slaver","floor":5,"turns":3},{"damage":20,"enemies":"Lagavulin","floor":7,"turns":6},{"damage":0,"enemies":"3 Sentries","floor":13,"turns":5},{"damage":0,"enemies":"Large Slime","floor":14,"turns":3},{"damage":23,"enemies":"The Guardian","floor":16,"turns":5},{"damage":0,"enemies":"Chosen","floor":18,"turns":1},{"damage":24,"enemies":"Colosseum Slavers","floor":19,"turns":3},{"damage":1,"enemies":"Colosseum Nobs","floor":19,"turns":3},{"damage":0,"enemies":"Spheric Guardian","floor":21,"turns":1},{"damage":12,"enemies":"Gremlin Leader","floor":24,"turns":2},{"damage":1,"enemies":"Slavers","floor":27,"turns":3},{"damage":0,"enemies":"Shelled Parasite and Fungi","floor":29,"turns":3},{"damage":0,"enemies":"Gremlin Leader","floor":30,"turns":2},{"damage":22,"enemies":"Automaton","floor":33,"turns":5},{"damage":0,"enemies":"3 Darklings","floor":35,"turns":2},{"damage":1,"enemies":"Orb Walker","floor":38,"turns":1},{"damage":0,"enemies":"Sphere and 2 Shapes","floor":39,"turns":3},{"damage":0,"enemies":"Reptomancer","floor":40,"turns":2},{"damage":0,"enemies":"Maw","floor":41,"turns":3},{"damage":15,"enemies":"Nemesis","floor":42,"turns":5},{"damage":0,"enemies":"2 Orb Walkers","floor":44,"turns":2},{"damage":0,"enemies":"Mind Bloom Boss Battle","floor":46,"turns":2},{"damage":0,"enemies":"Reptomancer","floor":47,"turns":4},{"damage":0,"enemies":"Donu and Deca","floor":50,"turns":3},{"damage":0,"enemies":"Awakened One","floor":51,"turns":7},{"damage":0,"enemies":"Shield and Spear","floor":55,"turns":2},{"damage":66,"enemies":"The Heart","floor":56,"turns":6}],"seed_played":"-7880877020642498681","potions_obtained":[{"floor":7,"key":"Energy Potion"},{"floor":13,"key":"Block Potion"},{"floor":14,"key":"Swift Potion"},{"floor":33,"key":"Block Potion"},{"floor":42,"key":"Weak Potion"},{"floor":47,"key":"PowerPotion"},{"floor":55,"key":"LiquidBronze"}],"is_trial":false,"path_per_floor":["M","?","M","M","M","R","E","R","T","?","?","R","E","M","R","B",null,"M","?","$","M","?","R","E","R","T","E","R","M","E","?","R","B",null,"M","?","$","M","M","E","M","E","T","?","?","?","E","T","R","B","B",null,"R","$","E","B",null],"character_chosen":"DEFECT","items_purchased":["Gambling Chip","Runic Capacitor","FossilizedHelix","LiquidBronze"],"campfire_rested":2,"item_purchase_floors":[20,37,54,54],"current_hp_per_floor":[51,51,52,48,40,61,43,43,43,43,36,36,36,38,38,15,62,64,39,39,41,41,41,31,57,57,58,58,58,65,65,65,43,81,81,81,81,80,82,82,84,69,69,71,110,110,112,112,112,112,112,112,112,112,114,48],"gold":32,"neow_bonus":"BOSS_RELIC","is_prod":false,"is_daily":false,"chose_seed":false,"campfire_upgraded":5,"win_rate":0,"timestamp":1556964932,"path_taken":["M","?","?","M","M","R","E","R","T","?","?","R","E","M","R","BOSS","M","?","$","M","?","R","E","R","T","E","R","M","E","?","R","BOSS","M","?","?","M","M","E","M","E","T","?","?","?","E","?","R","BOSS","BOSS","R","$","E","BOSS"],"build_version":"2019-04-23","purchased_purges":0,"victory":true,"max_hp_per_floor":[71,71,73,73,73,73,75,75,75,75,75,75,75,77,77,77,77,79,79,79,81,81,81,83,85,85,87,87,87,94,94,94,94,94,94,94,94,94,96,96,98,98,98,100,110,110,112,112,112,112,112,112,112,112,114,114],"card_choices":[{"not_picked":["Barrage","Compile Driver"],"picked":"Streamline","floor":1},{"not_picked":["Stack","Blizzard","Skim"],"picked":"Singing Bowl","floor":3},{"not_picked":["Darkness","Compile Driver"],"picked":"Sunder","floor":4},{"not_picked":["Capacitor","Steam Power"],"picked":"Ball Lightning","floor":5},{"not_picked":["Sweeping Beam","Hologram","Rebound"],"picked":"Singing Bowl","floor":7},{"not_picked":["Beam Cell","Double Energy"],"picked":"Meteor Strike","floor":13},{"not_picked":["Heatsinks","Auto Shields","Steam Power"],"picked":"Singing Bowl","floor":14},{"not_picked":["Reboot","Machine Learning"],"picked":"All For One","floor":16},{"not_picked":["Rebound","Aggregate","BootSequence"],"picked":"Singing Bowl","floor":18},{"not_picked":["Rip and Tear","FTL"],"picked":"Reinforced Body","floor":19},{"not_picked":["Aggregate","FTL","Sweeping Beam"],"picked":"Singing Bowl","floor":21},{"not_picked":["Barrage","BootSequence+1","Turbo"],"picked":"Singing Bowl","floor":24},{"not_picked":["Rebound","Leap","Sweeping Beam"],"picked":"Singing Bowl","floor":25},{"not_picked":["Barrage","Leap","Blizzard"],"picked":"Singing Bowl","floor":27},{"not_picked":["Genetic Algorithm","Barrage"],"picked":"Hyperbeam","floor":29},{"not_picked":["Cold Snap+1","Streamline"],"picked":"Doom and Gloom+1","floor":30},{"not_picked":["Thunder Strike","Buffer"],"picked":"Multi-Cast","floor":33},{"not_picked":["Stack","Go for the Eyes"],"picked":"Skim+1","floor":35},{"not_picked":["Hologram","Heatsinks"],"picked":"Coolheaded","floor":38},{"not_picked":["Chaos","Reprogram","Sweeping Beam"],"picked":"Singing Bowl","floor":39},{"not_picked":["Stack+1","Fusion"],"picked":"Force Field","floor":40},{"not_picked":["Sweeping Beam","BootSequence","Double Energy"],"picked":"Singing Bowl","floor":41},{"not_picked":["Rebound","Doom and Gloom"],"picked":"All For One","floor":42},{"not_picked":["Stack","Fusion","Leap"],"picked":"Singing Bowl","floor":44},{"not_picked":["Leap","Streamline+1"],"picked":"Creative AI","floor":46},{"not_picked":["Hello World","Steam+1","Streamline+1"],"picked":"Singing Bowl","floor":47},{"not_picked":["Chaos","Beam Cell+1","Static Discharge"],"picked":"Singing Bowl","floor":55}],"player_experience":6128207,"relics_obtained":[{"floor":7,"key":"Orichalcum"},{"floor":9,"key":"Blue Candle"},{"floor":13,"key":"Dream Catcher"},{"floor":19,"key":"Girya"},{"floor":19,"key":"Letter Opener"},{"floor":24,"key":"Juzu Bracelet"},{"floor":24,"key":"Unceasing Top"},{"floor":27,"key":"Happy Flower"},{"floor":27,"key":"Oddly Smooth Stone"},{"floor":30,"key":"Emotion Chip"},{"floor":30,"key":"Strawberry"},{"floor":40,"key":"Symbiotic Virus"},{"floor":40,"key":"Kunai"},{"floor":42,"key":"Du-Vu Doll"},{"floor":42,"key":"Molten Egg 2"},{"floor":43,"key":"Art of War"},{"floor":44,"key":"StoneCalendar"},{"floor":46,"key":"Peace Pipe"},{"floor":47,"key":"DataDisk"},{"floor":47,"key":"Ancient Tea Set"},{"floor":48,"key":"Potion Belt"},{"floor":55,"key":"Bag of Preparation"},{"floor":55,"key":"Cables"}],"event_choices":[{"damage_healed":0,"gold_gain":0,"player_choice":"Paid Gold","damage_taken":0,"relics_obtained":["Singing Bowl"],"max_hp_gain":0,"max_hp_loss":0,"event_name":"WeMeetAgain","floor":2,"gold_loss":51},{"cards_removed":["Strike_B"],"damage_healed":0,"gold_gain":0,"player_choice":"Forget","damage_taken":0,"max_hp_gain":0,"max_hp_loss":0,"event_name":"Living Wall","floor":10,"gold_loss":0},{"cards_removed":["Strike_B"],"damage_healed":0,"gold_gain":0,"player_choice":"Card Removal","damage_taken":7,"max_hp_gain":0,"max_hp_loss":0,"event_name":"Golden Wing","floor":11,"gold_loss":0},{"damage_healed":0,"gold_gain":0,"player_choice":"Fight","damage_taken":0,"max_hp_gain":0,"max_hp_loss":0,"event_name":"Colosseum","floor":19,"gold_loss":0},{"damage_healed":0,"gold_gain":0,"player_choice":"Fought Nobs","damage_taken":0,"max_hp_gain":0,"max_hp_loss":0,"event_name":"Colosseum","floor":19,"gold_loss":0},{"cards_removed":["Strike_B"],"damage_healed":0,"gold_gain":0,"player_choice":"Elegance","damage_taken":0,"max_hp_gain":0,"max_hp_loss":0,"event_name":"Back to Basics","floor":22,"gold_loss":0},{"damage_healed":0,"gold_gain":0,"cards_transformed":["Strike_B","Defend_B"],"player_choice":"Became Test Subject","damage_taken":0,"max_hp_gain":0,"max_hp_loss":0,"event_name":"Drug Dealer","floor":31,"gold_loss":0,"cards_obtained":["Core Surge","Consume"]},{"damage_healed":0,"gold_gain":0,"player_choice":"Bought 3 Potions","damage_taken":0,"max_hp_gain":0,"max_hp_loss":0,"event_name":"The Woman in Blue","floor":36,"gold_loss":0},{"damage_healed":0,"gold_gain":0,"player_choice":"Fight","damage_taken":0,"max_hp_gain":0,"max_hp_loss":0,"event_name":"Mysterious Sphere","floor":44,"gold_loss":0},{"cards_removed":["Core Surge"],"damage_healed":29,"gold_gain":0,"player_choice":"Offered Rare","damage_taken":0,"max_hp_gain":10,"max_hp_loss":0,"event_name":"Bonfire Elementals","floor":45,"gold_loss":0},{"damage_healed":0,"gold_gain":0,"player_choice":"Fight","damage_taken":0,"max_hp_gain":0,"max_hp_loss":0,"event_name":"MindBloom","floor":46,"gold_loss":0}],"is_beta":true,"boss_relics":[{"not_picked":["Ectoplasm","Calling Bell"],"picked":"Black Star"},{"not_picked":["Runic Dome","Eternal Feather"],"picked":"Fusion Hammer"}],"items_purged_floors":[],"is_endless":false,"potions_floor_spawned":[7,13,14,16,19,24,27,33,35,38,42,47,55],"ascension_level":20}