{"gold_per_floor":[113,131,96,96,55,55,75,75,101,101,129,129,129,129,129,129],"floor_reached":16,"playtime":553,"items_purged":[],"score":192,"play_id":"3b66a5a6-51ed-40f8-980c-e3fb037ea854","local_time":"20190507111601","is_ascension_mode":true,"campfire_choices":[{"data":"Zap","floor":6,"key":"SMITH"},{"data":"Genetic Algorithm","floor":10,"key":"SMITH"},{"floor":12,"key":"REST"},{"floor":15,"key":"REST"}],"neow_cost":"PERCENT_DAMAGE","seed_source_timestamp":1271882292928552,"circlet_count":0,"master_deck":["AscendersBane","Strike_B","Strike_B","Strike_B","Defend_B","Defend_B","Defend_B","Defend_B","Zap+1","Dualcast","Conserve Battery","Seek","Genetic Algorithm+1","Ball Lightning"],"relics":["Cracked Core","WingedGreaves","Question Card","Ornamental Fan","Meat on the Bone"],"potions_floor_usage":[],"damage_taken":[{"damage":1,"enemies":"2 Louse","floor":1,"turns":3},{"damage":5,"enemies":"Small Slimes","floor":2,"turns":4},{"damage":4,"enemies":"Jaw Worm","floor":7,"turns":4},{"damage":63,"enemies":"3 Sentries","floor":11,"turns":12},{"damage":52,"enemies":"Hexaghost","floor":16,"turns":9}],"seed_played":"-1255539536174817465","potions_obtained":[],"is_trial":false,"path_per_floor":["M","M","?","?","$","R","M","?","T","R","E","R","T","T","R","B"],"character_chosen":"DEFECT","items_purchased":["Genetic Algorithm"],"campfire_rested":2,"item_purchase_floors":[5],"current_hp_per_floor":[59,54,75,68,68,68,64,64,64,64,1,26,26,26,51,0],"gold":129,"neow_bonus":"TWENTY_PERCENT_HP_BONUS","is_prod":false,"is_daily":false,"chose_seed":false,"campfire_upgraded":2,"win_rate":0,"timestamp":1557242161,"path_taken":["M","M","?","?","$","R","M","?","T","R","E","R","?","?","R","BOSS"],"build_version":"2019-01-23","purchased_purges":0,"victory":false,"max_hp_per_floor":[85,85,85,85,85,85,85,85,85,85,85,85,85,85,85,85],"card_choices":[{"not_picked":["Steam Power","Auto Shields"],"picked":"Conserve Battery","floor":1},{"not_picked":["Redo","Beam Cell"],"picked":"Seek","floor":2},{"not_picked":["Self Repair","Rebound","Leap"],"picked":"SKIP","floor":7},{"not_picked":["Rebound","Hyperbeam"],"picked":"Ball Lightning","floor":11}],"player_experience":2444729,"relics_obtained":[{"floor":11,"key":"Question Card"},{"floor":13,"key":"Ornamental Fan"},{"floor":14,"key":"Meat on the Bone"}],"event_choices":[{"damage_healed":21,"gold_gain":0,"player_choice":"Healed","damage_taken":0,"max_hp_gain":0,"max_hp_loss":0,"event_name":"The Cleric","floor":3,"gold_loss":35},{"cards_removed":["Strike_B"],"damage_healed":0,"gold_gain":0,"player_choice":"Card Removal","damage_taken":7,"max_hp_gain":0,"max_hp_loss":0,"event_name":"Golden Wing","floor":4,"gold_loss":0},{"damage_healed":0,"gold_gain":0,"player_choice":"Searched \u00271\u0027 times","damage_taken":0,"relics_obtained":["WingedGreaves"],"max_hp_gain":0,"max_hp_loss":0,"event_name":"Dead Adventurer","floor":8,"gold_loss":0}],"is_beta":false,"boss_relics":[],"items_purged_floors":[],"is_endless":false,"potions_floor_spawned":[],"killed_by":"Hexaghost","ascension_level":20}