{"gold_per_floor":[110,110,110,110,131,162,162,183,183,201,201,220,234,267,267,395,395,413,413,151,170,170],"floor_reached":22,"playtime":2874,"items_purged":[],"score":196,"play_id":"937c8edd-18e9-46c2-ad36-1928a5a4103b","local_time":"20180629001956","is_ascension_mode":false,"campfire_choices":[{"floor":7,"key":"REST"},{"data":"Mind Blast","floor":15,"key":"SMITH"}],"neow_cost":"NONE","seed_source_timestamp":275800285208464,"circlet_count":0,"master_deck":["Strike_R","Strike_R","Strike_R","Strike_R","Strike_R","Defend_R","Defend_R","Defend_R","Defend_R","Bash","Flex","Reaper","Bash","Mind Blast+1","Rage+1","Rampage","Rampage","Armaments+1","Warcry+1","Armaments+1","Limit Break+1","Offering+1","Battle Trance+1","Mind Blast+1","Cleave+1"],"relics":["Burning Blood","Golden Idol","Toxic Egg 2","Toolbox","Gambling Chip","Blood Vial","Snecko Eye","Bottled Lightning"],"potions_floor_usage":[16,22],"damage_taken":[{"damage":7,"enemies":"2 Louse","floor":1,"turns":2},{"damage":6,"enemies":"Cultist","floor":5,"turns":3},{"damage":49,"enemies":"3 Sentries","floor":6,"turns":10},{"damage":6,"enemies":"Jaw Worm","floor":8,"turns":3},{"damage":22,"enemies":"3 Louse","floor":10,"turns":4},{"damage":13,"enemies":"Gremlin Gang","floor":12,"turns":5},{"damage":2,"enemies":"Looter","floor":13,"turns":2},{"damage":25,"enemies":"Gremlin Nob","floor":14,"turns":4},{"damage":46,"enemies":"Slime Boss","floor":16,"turns":13},{"damage":4,"enemies":"Spheric Guardian","floor":18,"turns":3},{"damage":28,"enemies":"3 Byrds","floor":21,"turns":6},{"damage":96,"enemies":"Slaver and Parasite","floor":22,"turns":5}],"seed_played":"1001311624404591745","potions_obtained":[{"floor":6,"key":"Poison Potion"},{"floor":12,"key":"SkillPotion"},{"floor":13,"key":"FairyPotion"},{"floor":16,"key":"Strength Potion"}],"is_trial":false,"path_per_floor":["M","?","?","?","M","E","R","M","T","M","?","M","M","E","R","B",null,"M","?","$","M"],"character_chosen":"IRONCLAD","items_purchased":["Bottled Lightning"],"campfire_rested":1,"item_purchase_floors":[20],"current_hp_per_floor":[87,87,65,65,74,43,69,69,69,67,60,69,79,70,70,38,88,88,88,88,71,0],"gold":170,"neow_bonus":"TEN_PERCENT_HP_BONUS","is_prod":false,"is_daily":false,"chose_seed":false,"campfire_upgraded":1,"win_rate":0.0,"timestamp":1530245996,"path_taken":["M","?","?","?","M","E","R","M","T","?","?","M","M","E","R","BOSS","M","?","?","M","M"],"build_version":"2018-06-21v2","purchased_purges":0,"victory":false,"max_hp_per_floor":[88,88,88,88,88,88,88,88,88,88,88,88,88,88,88,88,88,88,88,88,88,88],"card_choices":[{"not_picked":["Ghostly Armor","Twin Strike"],"picked":"Flex","floor":1},{"not_picked":["Pummel","Corruption"],"picked":"Rage+1","floor":5},{"not_picked":["Shrug It Off+1","Perfected Strike"],"picked":"Rampage","floor":6},{"not_picked":["Pommel Strike","Hemokinesis"],"picked":"Rampage","floor":8},{"not_picked":["Clash","Iron Wave"],"picked":"Armaments+1","floor":10},{"not_picked":["Anger","Armaments+1"],"picked":"Warcry+1","floor":12},{"not_picked":["Impervious+1","Heavy Blade"],"picked":"Armaments+1","floor":13},{"not_picked":["Infernal Blade+1","True Grit+1"],"picked":"Limit Break+1","floor":14},{"not_picked":["Double Tap+1","Brutality"],"picked":"Offering+1","floor":16},{"not_picked":["Power Through+1","Rage+1"],"picked":"Battle Trance+1","floor":18},{"not_picked":["Ghostly Armor+1","Twin Strike"],"picked":"Cleave+1","floor":21}],"player_experience":9660,"relics_obtained":[{"floor":6,"key":"Toolbox"},{"floor":9,"key":"Gambling Chip"},{"floor":14,"key":"Blood Vial"}],"event_choices":[{"event_name":"Match and Keep!","player_choice":"3 cards matched","floor":2,"damage_taken":0},{"event_name":"Golden Idol","player_choice":"Take Damage","floor":3,"damage_taken":0},{"event_name":"Accursed Blacksmith","player_choice":"Rummage","floor":4,"damage_taken":0},{"event_name":"Golden Wing","player_choice":"Card Removal","floor":11,"damage_taken":0},{"event_name":"Duplicator","player_choice":"One dupe","floor":19,"damage_taken":0}],"boss_relics":[{"not_picked":["Black Blood","Coffee Dripper"],"picked":"Snecko Eye"}],"items_purged_floors":[],"is_endless":false,"potions_floor_spawned":[6,12,13,14,16],"killed_by":"Slaver and Parasite","ascension_level":0}