{"gold_per_floor":[116,116,116,3,13,13,13,39,39,39,54,83,83,115,115,192,192,203,203,203,216,216,216],"floor_reached":23,"playtime":775,"items_purged":[],"score":560,"play_id":"0438ad7d-4c83-46ee-9153-4a5521230b2e","local_time":"20190328171730","is_ascension_mode":true,"campfire_choices":[{"data":"Zap","floor":6,"key":"SMITH"},{"data":"1","floor":10,"key":"LIFT"},{"data":"2","floor":15,"key":"LIFT"}],"neow_cost":"NONE","seed_source_timestamp":1006859429661279,"circlet_count":0,"master_deck":["AscendersBane","Strike_B+1","Strike_B","Strike_B","Strike_B","Defend_B","Defend_B","Defend_B","Zap+1","Dualcast","Hologram","Cold Snap+1","Hologram","Compile Driver","White Noise+1","Machine Learning","Gash","Seek"],"relics":["FrozenCore","NeowsBlessing","FossilizedHelix","Girya","Bag of Preparation","Bottled Flame","Mercury Hourglass","Enchiridion"],"potions_floor_usage":[11,12,18],"damage_taken":[{"damage":0,"enemies":"Small Slimes","floor":1,"turns":1},{"damage":0,"enemies":"Cultist","floor":5,"turns":1},{"damage":0,"enemies":"3 Sentries","floor":8,"turns":1},{"damage":0,"enemies":"2 Louse","floor":11,"turns":1},{"damage":0,"enemies":"Gremlin Nob","floor":12,"turns":3},{"damage":0,"enemies":"Lagavulin","floor":14,"turns":6},{"damage":28,"enemies":"The Guardian","floor":16,"turns":10},{"damage":0,"enemies":"Chosen","floor":18,"turns":3},{"damage":15,"enemies":"3 Byrds","floor":21,"turns":4},{"damage":32,"enemies":"Book of Stabbing","floor":23,"turns":4}],"seed_played":"8946768609277308156","potions_obtained":[{"floor":8,"key":"SteroidPotion"},{"floor":18,"key":"Fruit Juice"}],"is_trial":false,"path_per_floor":["M","?","?","$","M","R","?","E","T","R","M","E","?","E","R","B",null,"M","?","?","M","?","E"],"character_chosen":"DEFECT","items_purchased":["Cold Snap","Fire Potion"],"campfire_rested":0,"item_purchase_floors":[4,4],"current_hp_per_floor":[64,69,69,69,69,69,46,46,46,46,46,46,46,46,46,18,62,67,67,67,52,31,0],"gold":216,"neow_bonus":"THREE_ENEMY_KILL","is_prod":false,"is_daily":false,"chose_seed":false,"campfire_upgraded":1,"win_rate":0,"timestamp":1553807850,"path_taken":["M","?","?","$","?","R","?","E","T","R","M","E","?","E","R","BOSS","M","?","?","M","?","E"],"build_version":"2019-01-23","purchased_purges":0,"victory":false,"max_hp_per_floor":[71,76,76,76,76,76,76,76,76,76,76,76,76,76,76,76,76,81,81,81,81,81,81],"card_choices":[{"not_picked":["Stack","Redo"],"picked":"Hologram","floor":1},{"not_picked":["Compile Driver","Heatsinks"],"picked":"Hologram","floor":5},{"not_picked":["Beam Cell","Melter"],"picked":"Compile Driver","floor":8},{"not_picked":["Melter","Hologram"],"picked":"White Noise","floor":11},{"not_picked":["Gash","Compile Driver"],"picked":"Machine Learning","floor":12},{"not_picked":["Stack","Scrape"],"picked":"Gash","floor":14},{"not_picked":["Thunder Strike","Machine Learning"],"picked":"Seek","floor":16},{"not_picked":["Scrape","Consume","Redo+1"],"picked":"SKIP","floor":18},{"not_picked":["Static Discharge","Tempest","Stack"],"picked":"SKIP","floor":21}],"player_experience":1474966,"relics_obtained":[{"floor":8,"key":"FossilizedHelix"},{"floor":9,"key":"Girya"},{"floor":12,"key":"Bag of Preparation"},{"floor":14,"key":"Bottled Flame"},{"floor":22,"key":"Enchiridion"}],"event_choices":[{"damage_healed":0,"gold_gain":0,"player_choice":"Donut","damage_taken":0,"max_hp_gain":5,"max_hp_loss":0,"event_name":"Big Fish","floor":2,"gold_loss":0},{"cards_removed":["Defend_B"],"damage_healed":0,"gold_gain":0,"player_choice":"Purged","damage_taken":0,"max_hp_gain":0,"max_hp_loss":0,"event_name":"Purifier","floor":3,"gold_loss":0},{"damage_healed":0,"gold_gain":0,"player_choice":"Entered Light","damage_taken":23,"max_hp_gain":0,"max_hp_loss":0,"event_name":"Shining Light","floor":7,"gold_loss":0,"cards_upgraded":["Cold Snap","Strike_B"]},{"damage_healed":0,"gold_gain":0,"player_choice":"Grow","damage_taken":0,"max_hp_gain":0,"max_hp_loss":0,"event_name":"Living Wall","floor":13,"gold_loss":0,"cards_upgraded":["White Noise"]},{"damage_healed":0,"gold_gain":0,"player_choice":"Opened","damage_taken":0,"relics_obtained":["Mercury Hourglass"],"max_hp_gain":0,"max_hp_loss":0,"event_name":"The Mausoleum","floor":19,"gold_loss":0,"cards_obtained":["Writhe"]},{"cards_removed":["Writhe"],"damage_healed":0,"gold_gain":0,"player_choice":"Elegance","damage_taken":0,"max_hp_gain":0,"max_hp_loss":0,"event_name":"Back to Basics","floor":20,"gold_loss":0},{"damage_healed":0,"gold_gain":0,"player_choice":"Obtained Book","damage_taken":21,"max_hp_gain":0,"max_hp_loss":0,"event_name":"Cursed Tome","floor":22,"gold_loss":0}],"is_beta":false,"boss_relics":[{"not_picked":["Cursed Key","Fusion Hammer"],"picked":"FrozenCore"}],"items_purged_floors":[],"is_endless":false,"potions_floor_spawned":[8,18],"killed_by":"Book of Stabbing","ascension_level":20}