{"gold_per_floor":[111,128,128,147,127,156,169,187,187,207,234,234,268,268,268,372,402,422,422,93,105,125,125,155,155,203,203,203,203,213,56,56,155,155,170,183,196,58,58,88,88,88,88,108,108,0,19,38,38,38],"floor_reached":50,"playtime":6939,"items_purged":["Defend_R","Decay"],"score":537,"play_id":"0c1767b0-2157-4c01-9c34-a209c3fe9c81","local_time":"20180628224116","is_ascension_mode":false,"campfire_choices":[{"floor":12,"key":"REST"},{"floor":15,"key":"REST"},{"data":"Clash","floor":23,"key":"SMITH"},{"floor":27,"key":"REST"},{"floor":29,"key":"REST"},{"data":"Clash","floor":32,"key":"SMITH"},{"floor":41,"key":"REST"},{"floor":45,"key":"REST"},{"data":"Double Tap","floor":49,"key":"SMITH"}],"neow_cost":"","seed_source_timestamp":265808528885324,"circlet_count":0,"master_deck":["Strike_R+1","Strike_R+1","Strike_R","Strike_R","Strike_R","Defend_R","Bash","Clash+1","Headbutt","Thunderclap","Clash+1","Clash","Headbutt","Sever Soul","Warcry+1","Cleave","Offering","Dropkick","Thunderclap","Whirlwind","Fire Breathing+1","Intimidate+1","Double Tap+1","Feed","Warcry+1","Pummel","Battle Trance","Hemokinesis+1","Warcry","Dual Wield+1","Rage+1"],"relics":["Black Blood","Ginger","Bronze Scales","Lantern","Matryoshka","Tiny House","Shuriken","Vajra","Orichalcum","Bag of Preparation","Mercury Hourglass","Blood Vial","Juzu Bracelet","Red Mask"],"potions_floor_usage":[6,6,16,16,33,33,35,44,44,44,50,50,50],"damage_taken":[{"damage":11,"enemies":"Jaw Worm","floor":1,"turns":3},{"damage":0,"enemies":"Cultist","floor":2,"turns":3},{"damage":7,"enemies":"Small Slimes","floor":4,"turns":2},{"damage":26,"enemies":"Lagavulin","floor":6,"turns":5},{"damage":5,"enemies":"3 Louse","floor":7,"turns":2},{"damage":5,"enemies":"Looter","floor":8,"turns":2},{"damage":5,"enemies":"Lots of Slimes","floor":10,"turns":2},{"damage":24,"enemies":"3 Sentries","floor":11,"turns":4},{"damage":8,"enemies":"Lagavulin","floor":13,"turns":3},{"damage":44,"enemies":"The Guardian","floor":16,"turns":5},{"damage":18,"enemies":"Shell Parasite","floor":18,"turns":3},{"damage":4,"enemies":"2 Thieves","floor":21,"turns":1},{"damage":32,"enemies":"Snake Plant","floor":22,"turns":3},{"damage":25,"enemies":"Book of Stabbing","floor":24,"turns":2},{"damage":13,"enemies":"Chosen and Byrds","floor":30,"turns":2},{"damage":70,"enemies":"Champ","floor":33,"turns":7},{"damage":0,"enemies":"Orb Walker","floor":35,"turns":1},{"damage":19,"enemies":"3 Shapes","floor":36,"turns":2},{"damage":40,"enemies":"Sphere and 2 Shapes","floor":37,"turns":4},{"damage":31,"enemies":"2 Orb Walkers","floor":40,"turns":3},{"damage":13,"enemies":"Maw","floor":44,"turns":5},{"damage":6,"enemies":"3 Darklings","floor":47,"turns":3},{"damage":4,"enemies":"Sphere and 2 Shapes","floor":48,"turns":2},{"damage":124,"enemies":"Awakened One","floor":50,"turns":9}],"seed_played":"6747431601312996876","potions_obtained":[{"floor":1,"key":"Ancient Potion"},{"floor":4,"key":"Fruit Juice"},{"floor":5,"key":"Poison Potion"},{"floor":7,"key":"Weak Potion"},{"floor":16,"key":"Energy Potion"},{"floor":17,"key":"PowerPotion"},{"floor":21,"key":"Ancient Potion"},{"floor":24,"key":"Poison Potion"},{"floor":33,"key":"EssenceOfSteel"},{"floor":40,"key":"Ancient Potion"},{"floor":42,"key":"Fruit Juice"},{"floor":42,"key":"EntropicBrew"}],"is_trial":false,"path_per_floor":["M","M","?","M","?","E","M","M","T","M","E","R","E","?","R","B",null,"M","?","$","M","M","R","E","?","T","R","?","R","M","$","R","B",null,"M","M","M","$","?","E","R","?","T","M","R","?","M","M","R"],"character_chosen":"IRONCLAD","items_purchased":["Shuriken","Double Tap","Battle Trance"],"campfire_rested":6,"item_purchase_floors":[20,31,38],"current_hp_per_floor":[75,80,80,79,79,64,65,66,66,67,49,74,72,55,80,42,90,78,78,78,80,54,54,35,35,35,62,62,89,82,82,82,18,90,93,84,57,57,57,36,64,64,64,68,98,98,101,104,104,0],"gold":38,"neow_bonus":"","is_prod":false,"is_daily":false,"chose_seed":false,"campfire_upgraded":3,"win_rate":0.0,"timestamp":1530240076,"path_taken":["M","M","?","M","?","E","M","M","T","M","E","R","E","?","R","BOSS","M","?","$","M","M","R","E","?","T","R","?","R","M","$","R","BOSS","M","M","M","$","?","E","R","?","T","M","R","?","M","M","R","BOSS"],"build_version":"2018-06-21v2","purchased_purges":2,"victory":false,"max_hp_per_floor":[80,80,80,80,80,85,85,85,85,85,85,85,85,85,85,85,90,90,90,90,90,90,90,90,90,90,90,90,90,90,90,90,90,90,93,93,96,96,96,96,96,96,96,101,101,101,101,104,104,107],"card_choices":[{"not_picked":["Dropkick","True Grit"],"picked":"Clash","floor":1},{"not_picked":["Ghostly Armor","Bloodletting"],"picked":"Headbutt","floor":2},{"not_picked":["Armaments","Sword Boomerang"],"picked":"Thunderclap","floor":4},{"not_picked":["Shrug It Off","Cleave"],"picked":"Clash","floor":6},{"not_picked":["Shrug It Off","Body Slam"],"picked":"Clash","floor":7},{"not_picked":["Uppercut","True Grit"],"picked":"Headbutt","floor":8},{"not_picked":["Bloodletting","Offering"],"picked":"Sever Soul","floor":10},{"not_picked":["True Grit","Flex"],"picked":"Warcry","floor":11},{"not_picked":["Twin Strike","True Grit"],"picked":"Cleave","floor":13},{"not_picked":["Juggernaut","Bludgeon"],"picked":"Offering","floor":16},{"not_picked":["Hemokinesis","Clothesline"],"picked":"Dropkick","floor":17},{"not_picked":["Warcry","Flex"],"picked":"Thunderclap","floor":18},{"not_picked":["Seeing Red","Thunderclap+1"],"picked":"Whirlwind","floor":21},{"not_picked":["Intimidate","Warcry"],"picked":"Fire Breathing+1","floor":22},{"not_picked":["Second Wind","Metallicize+1"],"picked":"Headbutt","floor":24},{"not_picked":["Perfected Strike","Body Slam"],"picked":"Intimidate+1","floor":30},{"not_picked":["Berserk","Brutality"],"picked":"Feed","floor":33},{"not_picked":["Pommel Strike","True Grit+1"],"picked":"Warcry+1","floor":35},{"not_picked":["True Grit","Flex+1","Thunderclap"],"picked":"SKIP","floor":36},{"not_picked":["Corruption","Iron Wave+1"],"picked":"Pummel","floor":37},{"not_picked":["Bludgeon","Body Slam"],"picked":"Hemokinesis+1","floor":40},{"not_picked":["Ghostly Armor+1","Pommel Strike"],"picked":"Warcry","floor":44},{"not_picked":["Entrench","Seeing Red"],"picked":"Dual Wield+1","floor":47},{"not_picked":["Armaments+1","Perfected Strike"],"picked":"Rage+1","floor":48}],"player_experience":0,"relics_obtained":[{"floor":6,"key":"Ginger"},{"floor":9,"key":"Bronze Scales"},{"floor":11,"key":"Lantern"},{"floor":13,"key":"Matryoshka"},{"floor":24,"key":"Vajra"},{"floor":26,"key":"Orichalcum"},{"floor":26,"key":"Bag of Preparation"},{"floor":40,"key":"Mercury Hourglass"},{"floor":43,"key":"Blood Vial"},{"floor":43,"key":"Juzu Bracelet"}],"event_choices":[{"event_name":"Purifier","player_choice":"One Purge","floor":3,"damage_taken":0},{"event_name":"The Woman in Blue","player_choice":"Bought 1 Potion","floor":5,"damage_taken":0},{"event_name":"Shining Light","player_choice":"Entered Light","floor":14,"damage_taken":0},{"event_name":"The Mausoleum","player_choice":"No","floor":19,"damage_taken":0},{"event_name":"Forgotten Altar","player_choice":"Smashed Altar","floor":25,"damage_taken":0},{"event_name":"Back to Basics","player_choice":"Elegance","floor":28,"damage_taken":0},{"event_name":"Falling","player_choice":"Removed Attack","floor":39,"damage_taken":0},{"event_name":"The Lab","player_choice":"Got Potions","floor":42,"damage_taken":0},{"event_name":"Tomb of Lord Red Mask","player_choice":"Paid","floor":46,"damage_taken":0}],"boss_relics":[{"not_picked":["Fusion Hammer","Eternal Feather"],"picked":"Tiny House"},{"not_picked":["White Beast Statue","Orrery"],"picked":"Black Blood"}],"items_purged_floors":[20,38],"is_endless":false,"potions_floor_spawned":[1,4,7,16,21,24,33,40,44,48],"killed_by":"Awakened One","ascension_level":0}