{"gold_per_floor":[109,184,194,213,230,230,85,85,85,111,130,130,159,176,176,271,271,282,282,298,37,37,37,67,82,135,135,135,150,150,200,200,303,303,314,414,79,93,105,134,134,162,162,162,162,162,175,175,175,175,175,175,1,30,30],"floor_reached":56,"playtime":3315,"items_purged":["Defend_G","Writhe"],"score":1233,"play_id":"4142e9d1-2e4f-48cc-a781-dd7bacf71f7c","local_time":"20190315001708","is_ascension_mode":false,"campfire_choices":[{"data":"Cloak And Dagger","floor":6.0,"key":"SMITH"},{"floor":8.0,"key":"REST"},{"data":"A Thousand Cuts","floor":15.0,"key":"SMITH"},{"data":"Accuracy","floor":23.0,"key":"SMITH"},{"data":"Burst","floor":27.0,"key":"SMITH"},{"floor":30.0,"key":"REST"},{"floor":32.0,"key":"RECALL"},{"data":"Cloak And Dagger","floor":41,"key":"SMITH"},{"floor":45,"key":"REST"},{"data":"Accuracy","floor":49,"key":"SMITH"},{"data":"Cloak And Dagger","floor":52,"key":"SMITH"}],"neow_cost":"NONE","seed_source_timestamp":0,"circlet_count":0,"master_deck":["Defend_G","Defend_G","Defend_G","Strike_G","Strike_G","Survivor","Neutralize","Acrobatics","Cloak And Dagger+1","Cloak And Dagger+1","Infinite Blades","Caltrops","Accuracy+1","Unload","A Thousand Cuts+1","Caltrops","Burst+1","Deflect","Dodge and Roll","Dash","Finisher","Cloak And Dagger+1","Cloak And Dagger+1","After Image","Cloak And Dagger+1","Caltrops","Footwork","Infinite Blades","Blade Dance+1","Injury","Trip","Accuracy+1","Grand Finale","Infinite Blades","Dodge and Roll+1"],"special_seed":0,"relics":["Ring of the Snake","NeowsBlessing","Anchor","Mercury Hourglass","Strawberry","WristBlade","Bottled Tornado","Lantern","Centennial Puzzle","Cursed Key","Bird Faced Urn","Regal Pillow","Oddly Smooth Stone","Pantograph","The Specimen","Gremlin Horn","Happy Flower","Bag of Marbles"],"potions_floor_usage":[55,55],"damage_taken":[{"damage":0.0,"enemies":"Jaw Worm","floor":1.0,"turns":1.0},{"damage":0.0,"enemies":"Cultist","floor":3.0,"turns":1.0},{"damage":0.0,"enemies":"Small Slimes","floor":4.0,"turns":1.0},{"damage":15.0,"enemies":"Exordium Thugs","floor":5.0,"turns":9.0},{"damage":10.0,"enemies":"Gremlin Nob","floor":10.0,"turns":3.0},{"damage":0.0,"enemies":"2 Fungi Beasts","floor":11.0,"turns":3.0},{"damage":9.0,"enemies":"3 Sentries","floor":13.0,"turns":6.0},{"damage":8.0,"enemies":"Large Slime","floor":14.0,"turns":4.0},{"damage":6.0,"enemies":"Hexaghost","floor":16.0,"turns":7.0},{"damage":9.0,"enemies":"2 Thieves","floor":18.0,"turns":4.0},{"damage":16.0,"enemies":"Spheric Guardian","floor":20.0,"turns":4.0},{"damage":17.0,"enemies":"Gremlin Leader","floor":24.0,"turns":5.0},{"damage":4.0,"enemies":"Centurion and Healer","floor":25.0,"turns":4.0},{"damage":0.0,"enemies":"Sentry and Sphere","floor":29.0,"turns":3.0},{"damage":38.0,"enemies":"Champ","floor":33.0,"turns":8.0},{"damage":0,"enemies":"Orb Walker","floor":35,"turns":3},{"damage":13,"enemies":"Mind Bloom Boss Battle","floor":36,"turns":5},{"damage":0,"enemies":"3 Shapes","floor":38,"turns":2},{"damage":4,"enemies":"Maw","floor":39,"turns":7},{"damage":36,"enemies":"Reptomancer","floor":40,"turns":5},{"damage":31,"enemies":"Giant Head","floor":42,"turns":8},{"damage":0,"enemies":"Sphere and 2 Shapes","floor":47,"turns":3},{"damage":25,"enemies":"Time Eater","floor":50,"turns":9},{"damage":21,"enemies":"Shield and Spear","floor":54,"turns":4},{"damage":73,"enemies":"The Heart","floor":55,"turns":6}],"seed_played":"5686435145507069802","potions_obtained":[{"floor":1.0,"key":"Strength Potion"},{"floor":4.0,"key":"FearPotion"},{"floor":10.0,"key":"Swift Potion"},{"floor":14.0,"key":"GhostInAJar"},{"floor":18.0,"key":"AttackPotion"},{"floor":20.0,"key":"SkillPotion"},{"floor":25.0,"key":"EssenceOfSteel"},{"floor":35,"key":"PowerPotion"},{"floor":36,"key":"Fire Potion"},{"floor":40,"key":"FearPotion"}],"is_trial":false,"path_per_floor":["M","?","M","M","M","R","$","R","T","E","M","?","E","M","R","B",null,"M","?","M","$","?","R","E","M","T","R","?","M","R","?","R","B",null,"M","?","$","M","M","E","R","E","T","T","R","?","M","?","R","B",null,"R","$","E","B",null],"character_chosen":"THE_SILENT","items_purchased":["Infinite Blades","Bottled Tornado","Footwork","Regal Pillow","Oddly Smooth Stone","Infinite Blades"],"campfire_rested":3,"item_purchase_floors":[7,21,37,37,37,53],"current_hp_per_floor":[70,59,59,59,44,44,44,65,65,55,55,55,53,45,45,39,77,68,68,52,52,52,52,35,31,31,31,31,31,54,54,54,16,77,77,64,64,70,75,49,49,36,36,36,74,74,77,77,77,64,77,77,77,66,8],"gold":30,"neow_bonus":"THREE_ENEMY_KILL","is_prod":false,"is_daily":false,"chose_seed":false,"campfire_upgraded":7,"win_rate":0,"timestamp":1552623428,"path_taken":["M","?","M","M","M","R","$","R","T","E","M","?","E","?","R","BOSS","M","?","M","?","?","R","E","M","T","R","?","M","R","?","R","BOSS","M","?","$","M","M","E","R","E","T","?","R","?","M","?","R","BOSS","R","$","E","BOSS"],"build_version":"2019-01-23","purchased_purges":2,"victory":true,"max_hp_per_floor":[70,70,70,70,70,70,70,70,70,70,70,70,77,77,77,77,77,77,77,77,77,77,77,77,77,77,77,77,77,77,77,77,77,77,77,77,77,77,77,77,77,77,77,77,77,77,77,77,77,77,77,77,77,77,77],"card_choices":[{"not_picked":["Dash","Flechettes"],"picked":"Acrobatics","floor":1.0},{"not_picked":["Masterful Stab","PiercingWail"],"picked":"Cloak And Dagger","floor":3.0},{"not_picked":["Expertise","Flying Knee"],"picked":"Cloak And Dagger","floor":4.0},{"not_picked":["Sucker Punch","Bane","Prepared"],"picked":"SKIP","floor":5.0},{"not_picked":["Predator","Flying Knee"],"picked":"Caltrops","floor":10.0},{"not_picked":["Prepared","Deadly Poison"],"picked":"Accuracy","floor":11.0},{"not_picked":["Crippling Poison","Terror"],"picked":"A Thousand Cuts","floor":13.0},{"not_picked":["Dagger Spray","Dagger Throw"],"picked":"Caltrops","floor":14.0},{"not_picked":["Envenom","Tools of the Trade"],"picked":"Burst","floor":16.0},{"not_picked":["Sucker Punch","Predator+1"],"picked":"Deflect","floor":18.0},{"not_picked":["Calculated Gamble","Predator"],"picked":"Dodge and Roll","floor":20.0},{"not_picked":["Catalyst+1","Flying Knee","Underhanded Strike"],"picked":"SKIP","floor":24.0},{"not_picked":["Backflip","Flechettes+1"],"picked":"Cloak And Dagger","floor":25.0},{"not_picked":["Dagger Spray","Outmaneuver"],"picked":"Cloak And Dagger+1","floor":29.0},{"not_picked":["Bullet Time","Storm of Steel"],"picked":"After Image","floor":33.0},{"not_picked":["Backflip","Deflect"],"picked":"Cloak And Dagger","floor":35},{"not_picked":["Dodge and Roll","Eviscerate"],"picked":"Caltrops","floor":36},{"not_picked":["Flechettes+1","Heel Hook+1","Catalyst+1"],"picked":"SKIP","floor":38},{"not_picked":["Outmaneuver+1","Slice"],"picked":"Infinite Blades","floor":39},{"not_picked":["Poisoned Stab+1","Skewer+1"],"picked":"Blade Dance+1","floor":40},{"not_picked":["Eviscerate+1","Night Terror","Underhanded Strike"],"picked":"SKIP","floor":42},{"not_picked":["Enlightenment","HandOfGreed"],"picked":"Trip","floor":46},{"not_picked":["Backflip+1","Choke+1"],"picked":"Accuracy","floor":47},{"not_picked":["Bane","Backflip+1"],"picked":"Dodge and Roll+1","floor":54}],"player_experience":665028,"relics_obtained":[{"floor":9.0,"key":"Anchor"},{"floor":10.0,"key":"Mercury Hourglass"},{"floor":13.0,"key":"Strawberry"},{"floor":24.0,"key":"Lantern"},{"floor":36,"key":"Bird Faced Urn"},{"floor":40,"key":"Pantograph"},{"floor":42,"key":"The Specimen"},{"floor":43,"key":"Gremlin Horn"},{"floor":44,"key":"Happy Flower"},{"floor":54,"key":"Bag of Marbles"}],"event_choices":[{"damage_healed":0.0,"max_hp_gain":0.0,"max_hp_loss":0.0,"gold_gain":75.0,"event_name":"World of Goop","player_choice":"Gather Gold","floor":2.0,"gold_loss":0.0,"damage_taken":11.0},{"damage_healed":0.0,"max_hp_gain":0.0,"max_hp_loss":0.0,"gold_gain":0.0,"cards_transformed":["Strike_G"],"event_name":"Transmorgrifier","player_choice":"Transformed","floor":12.0,"gold_loss":0.0,"damage_taken":0.0,"cards_obtained":["Unload"]},{"damage_healed":0.0,"max_hp_gain":0.0,"max_hp_loss":0.0,"gold_gain":0.0,"event_name":"Upgrade Shrine","player_choice":"Upgraded","floor":19.0,"gold_loss":0.0,"damage_taken":0.0,"cards_upgraded":["Cloak And Dagger"]},{"damage_healed":0.0,"max_hp_gain":0.0,"max_hp_loss":0.0,"gold_gain":0.0,"cards_transformed":["Defend_G","Strike_G"],"event_name":"Drug Dealer","player_choice":"Became Test Subject","floor":22.0,"gold_loss":0.0,"damage_taken":0.0,"cards_obtained":["Dash","Finisher"]},{"damage_healed":0.0,"max_hp_gain":0.0,"max_hp_loss":0.0,"gold_gain":0.0,"event_name":"The Mausoleum","player_choice":"Opened","floor":28.0,"gold_loss":0.0,"damage_taken":0.0,"relics_obtained":["Centennial Puzzle"]},{"damage_healed":0.0,"max_hp_gain":0.0,"max_hp_loss":0.0,"gold_gain":100.0,"event_name":"The Joust","player_choice":"Bet on Murderer","floor":31.0,"gold_loss":50.0,"damage_taken":0.0},{"damage_healed":0,"gold_gain":0,"player_choice":"Fight","damage_taken":0,"max_hp_gain":0,"max_hp_loss":0,"event_name":"MindBloom","floor":36,"gold_loss":0},{"damage_healed":0,"gold_gain":0,"player_choice":"Memory 1","damage_taken":0,"max_hp_gain":0,"max_hp_loss":0,"event_name":"SensoryStone","floor":46,"gold_loss":0},{"damage_healed":0,"gold_gain":0,"cards_transformed":["Strike_G"],"player_choice":"Transformed","damage_taken":0,"max_hp_gain":0,"max_hp_loss":0,"event_name":"Transmorgrifier","floor":48,"gold_loss":0,"cards_obtained":["Grand Finale"]}],"is_beta":false,"boss_relics":[{"not_picked":["Velvet Choker","Orrery"],"picked":"WristBlade"},{"not_picked":["Eternal Feather","Coffee Dripper"],"picked":"Cursed Key"}],"items_purged_floors":[7,53],"is_endless":false,"potions_floor_spawned":[1,4,10,14,18,20,25,35,36,40,42],"ascension_level":0}