{"path_per_floor":["M","M","M","$","?","R","M","E","T","?","M","M","M","M","R"],"character_chosen":"IRONCLAD","items_purchased":["Bag of Preparation","Blue Candle"],"gold_per_floor":[368,387,404,14,14,14,28,60,105,164,175,192,202,216,216,216],"floor_reached":16,"campfire_rested":0,"playtime":685,"current_hp_per_floor":[64,66,71,71,71,71,75,56,56,56,70,75,74,74,74,0],"items_purged":[],"gold":216,"score":186,"play_id":"f3c0e58f-9be4-4bb1-b588-cb6016604b09","local_time":"20180419221619","is_prod":false,"is_daily":false,"chose_seed":false,"is_ascension_mode":true,"campfire_upgraded":2,"timestamp":1524190579,"path_taken":["M","M","M","$","?","R","M","E","T","?","M","?","?","M","R","BOSS"],"build_version":"2018-04-19","seed_source_timestamp":376381752743975,"purchased_purges":1,"victory":false,"master_deck":["Strike_R","Strike_R","Strike_R","Strike_R","Strike_R","Defend_R","Defend_R","Defend_R","Defend_R","Bash","AscendersBane","Clumsy","Shockwave+1","Cleave+1","Ghostly Armor","Body Slam+1","Dual Wield","Inflame"],"max_hp_per_floor":[75,75,75,75,75,75,75,75,75,75,77,77,77,79,79,79],"relics":["Burning Blood","Bag of Preparation","Blue Candle","Gremlin Horn","Singing Bowl"],"card_choices":[{"not_picked":["Thunderclap","Rupture"],"picked":"Shockwave","floor":1},{"not_picked":["Wild Strike","Blood for Blood"],"picked":"Cleave","floor":2},{"not_picked":["Infernal Blade","Flex"],"picked":"Ghostly Armor","floor":3},{"not_picked":["Wild Strike","Flex"],"picked":"Body Slam","floor":8},{"not_picked":["Clash","Heavy Blade"],"picked":"Dual Wield","floor":12},{"not_picked":["Anger","Sword Boomerang"],"picked":"Inflame","floor":13}],"player_experience":908030,"potions_floor_usage":[8,11,16],"damage_taken":[{"damage":10,"enemies":"Jaw Worm","floor":1,"turns":5},{"damage":4,"enemies":"Small Slimes","floor":2,"turns":4},{"damage":1,"enemies":"2 Louse","floor":3,"turns":4},{"damage":1,"enemies":"Exordium Wildlife","floor":7,"turns":4},{"damage":25,"enemies":"3 Sentries","floor":8,"turns":9},{"damage":6,"enemies":"Exordium Thugs","floor":11,"turns":5},{"damage":1,"enemies":"Red Slaver","floor":12,"turns":3},{"damage":7,"enemies":"Lots of Slimes","floor":13,"turns":2},{"damage":8,"enemies":"Gremlin Gang","floor":14,"turns":3},{"damage":75,"enemies":"Hexaghost","floor":16,"turns":10}],"event_choices":[{"event_name":"Living Wall","player_choice":"Grow","floor":5,"damage_taken":0},{"event_name":"Golden Wing","player_choice":"Gained Gold","floor":10,"damage_taken":0}],"boss_relics":[],"potions_floor_spawned":[1,8,13],"seed_played":"6088508642441991813","killed_by":"Hexaghost","ascension_level":15,"is_trial":false}