{"gold_per_floor":[114,289,304,379,396,427,427,225,277,277,311,331,349,364,364,466,466,481,481,406,422,42,42],"floor_reached":23,"playtime":3268,"items_purged":["Doubt"],"score":201,"play_id":"c6b98b4c-677f-4548-9e32-a8cf545421f4","local_time":"20180707132522","is_ascension_mode":false,"campfire_choices":[{"data":"White Noise","floor":7,"key":"SMITH"},{"floor":15,"key":"REST"}],"neow_cost":"NONE","seed_source_timestamp":43766490306489,"circlet_count":0,"master_deck":["Strike_B","Strike_B","Strike_B","Strike_B","Defend_B","Defend_B+1","Defend_B","Defend_B","Zap+1","Dualcast","Gash","Sweeping Beam","White Noise+1","Thunder Strike","Apotheosis","Streamline","Hologram","Gash","Auto Shields","Echo Form","Regret","Decay","Gash+1","Go for the Eyes+1"],"relics":["Cracked Core","NeowsBlessing","Orichalcum","Ancient Tea Set","War Paint","Calling Bell","Juzu Bracelet","Darkstone Periapt","Thread and Needle","Nilry\u0027s Codex","Bag of Marbles","Anchor"],"potions_floor_usage":[6,13,21],"damage_taken":[{"damage":0,"enemies":"2 Louse","floor":1,"turns":1},{"damage":0,"enemies":"Jaw Worm","floor":3,"turns":1},{"damage":0,"enemies":"Cultist","floor":5,"turns":1},{"damage":33,"enemies":"Lagavulin","floor":6,"turns":7},{"damage":9,"enemies":"3 Sentries","floor":11,"turns":6},{"damage":2,"enemies":"Blue Slaver","floor":12,"turns":4},{"damage":6,"enemies":"Large Slime","floor":13,"turns":4},{"damage":9,"enemies":"Exordium Wildlife","floor":14,"turns":4},{"damage":20,"enemies":"Hexaghost","floor":16,"turns":8},{"damage":11,"enemies":"Shell Parasite","floor":18,"turns":8},{"damage":15,"enemies":"3 Byrds","floor":21,"turns":6},{"damage":43,"enemies":"Book of Stabbing","floor":23,"turns":8}],"seed_played":"-5576639277947993229","potions_obtained":[{"floor":3,"key":"SpeedPotion"},{"floor":6,"key":"Swift Potion"},{"floor":12,"key":"SpeedPotion"},{"floor":14,"key":"FearPotion"}],"is_trial":false,"path_per_floor":["M","?","M","?","M","E","R","$","T","?","E","M","M","M","R","B",null,"M","?","?","M","$"],"character_chosen":"DEFECT","items_purchased":["Apotheosis","Bag of Marbles","Anchor"],"campfire_rested":1,"item_purchase_floors":[8,22,22],"current_hp_per_floor":[75,75,75,64,64,31,31,31,31,56,47,45,39,30,52,32,75,64,48,48,43,43,0],"gold":42,"neow_bonus":"THREE_ENEMY_KILL","is_prod":false,"is_daily":false,"chose_seed":false,"campfire_upgraded":1,"win_rate":0.0,"timestamp":1530984322,"path_taken":["M","?","?","?","M","E","R","$","T","?","E","M","M","M","R","BOSS","M","?","?","M","$","E"],"build_version":"2018-06-28","purchased_purges":1,"victory":false,"max_hp_per_floor":[75,75,75,75,75,75,75,75,75,75,75,75,75,75,75,75,75,75,75,75,75,75,75],"card_choices":[{"not_picked":["Rebound","Hologram"],"picked":"Gash","floor":1},{"not_picked":["Coolheaded","Darkness"],"picked":"Sweeping Beam","floor":3},{"not_picked":["Capacitor","Compile Driver"],"picked":"White Noise","floor":5},{"not_picked":["Reprogram","Cold Snap"],"picked":"Thunder Strike","floor":6},{"not_picked":["Rebound","Hologram"],"picked":"Streamline","floor":11},{"not_picked":["Leap","Turbo"],"picked":"Hologram","floor":12},{"not_picked":["Static Discharge","Redo"],"picked":"Gash","floor":13},{"not_picked":["Redo","Fusion"],"picked":"Auto Shields","floor":14},{"not_picked":["Creative AI","All For One"],"picked":"Echo Form","floor":16},{"not_picked":["Capacitor+1","Redo"],"picked":"Gash+1","floor":18},{"not_picked":["Barrage","Darkness"],"picked":"Go for the Eyes+1","floor":21}],"player_experience":39841,"relics_obtained":[{"floor":6,"key":"Orichalcum"},{"floor":9,"key":"Ancient Tea Set"},{"floor":11,"key":"War Paint"},{"floor":17,"key":"Juzu Bracelet"},{"floor":17,"key":"Darkstone Periapt"},{"floor":17,"key":"Thread and Needle"},{"floor":19,"key":"Nilry\u0027s Codex"}],"event_choices":[{"event_name":"Liars Game","player_choice":"agreed","floor":2,"damage_taken":0},{"event_name":"World of Goop","player_choice":"Gather Gold","floor":4,"damage_taken":0},{"event_name":"Big Fish","player_choice":"Banana","floor":10,"damage_taken":0},{"event_name":"Cursed Tome","player_choice":"Obtained Book","floor":19,"damage_taken":0},{"event_name":"Beggar","player_choice":"Gave Gold","floor":20,"damage_taken":0}],"boss_relics":[{"not_picked":["Astrolabe","Runic Pyramid"],"picked":"Calling Bell"}],"items_purged_floors":[22],"is_endless":false,"potions_floor_spawned":[3,6,12,14],"killed_by":"Book of Stabbing","ascension_level":0}