{"gold_per_floor":[112,128,25,25,175,175,190,190,190,219,233,233,253,253],"floor_reached":14,"playtime":627,"items_purged":["Regret"],"score":180,"play_id":"b9381372-efc5-474a-a450-3748d9c0d25f","local_time":"20190318234119","is_ascension_mode":true,"campfire_choices":[{"data":"True Grit","floor":6,"key":"SMITH"},{"data":"Feel No Pain","floor":8,"key":"SMITH"},{"data":"Hemokinesis","floor":12,"key":"SMITH"}],"neow_cost":"CURSE","seed_source_timestamp":165923433451330,"circlet_count":0,"master_deck":["AscendersBane","Strike_R","Strike_R","Strike_R","Strike_R","Strike_R","Defend_R","Defend_R","Defend_R","Defend_R","Bash","Hemokinesis+1","True Grit+1","Armaments+1","Doubt","Feel No Pain+1","Heavy Blade"],"relics":["Burning Blood","Letter Opener","Ginger"],"potions_floor_usage":[10,11,13,14],"damage_taken":[{"damage":24,"enemies":"Small Slimes","floor":1,"turns":5},{"damage":14,"enemies":"2 Louse","floor":2,"turns":3},{"damage":3,"enemies":"Cultist","floor":7,"turns":2},{"damage":13,"enemies":"3 Sentries","floor":10,"turns":12},{"damage":2,"enemies":"2 Fungi Beasts","floor":11,"turns":2},{"damage":18,"enemies":"Gremlin Gang","floor":13,"turns":6},{"damage":34,"enemies":"Lagavulin","floor":14,"turns":7}],"seed_played":"-682062152507408329","potions_obtained":[{"floor":2,"key":"Fire Potion"},{"floor":7,"key":"Block Potion"},{"floor":10,"key":"Explosive Potion"},{"floor":11,"key":"Ancient Potion"}],"is_trial":false,"path_per_floor":["M","M","$","?","?","R","M","R","T","E","M","R","M","E"],"character_chosen":"IRONCLAD","items_purchased":["Armaments"],"campfire_rested":0,"item_purchase_floors":[3],"current_hp_per_floor":[64,56,56,56,56,56,59,59,59,52,56,56,44,10],"gold":253,"neow_bonus":"TWENTY_PERCENT_HP_BONUS","is_prod":false,"is_daily":false,"chose_seed":false,"campfire_upgraded":3,"win_rate":0,"timestamp":1552966879,"path_taken":["M","M","$","?","?","R","M","R","T","E","M","R","M","E"],"build_version":"2019-01-23","purchased_purges":1,"victory":false,"max_hp_per_floor":[89,89,89,89,89,89,89,89,89,89,89,89,89,89],"card_choices":[{"not_picked":["Sword Boomerang","Heavy Blade"],"picked":"Hemokinesis","floor":1},{"not_picked":["Wild Strike","Thunderclap"],"picked":"True Grit","floor":2},{"not_picked":["Burning Pact","Thunderclap"],"picked":"Feel No Pain","floor":7},{"not_picked":["Body Slam","Headbutt"],"picked":"Heavy Blade","floor":10},{"not_picked":["Rupture","Dropkick","Pummel"],"picked":"SKIP","floor":11},{"not_picked":["Clash","Bloodletting","Dual Wield"],"picked":"SKIP","floor":13}],"player_experience":1239288,"relics_obtained":[{"floor":9,"key":"Letter Opener"},{"floor":10,"key":"Ginger"}],"event_choices":[{"damage_healed":0,"gold_gain":0,"player_choice":"Grow","damage_taken":0,"max_hp_gain":0,"max_hp_loss":0,"event_name":"Living Wall","floor":4,"gold_loss":0,"cards_upgraded":["Armaments"]},{"damage_healed":0,"gold_gain":150,"player_choice":"AGREE","damage_taken":0,"max_hp_gain":0,"max_hp_loss":0,"event_name":"Liars Game","floor":5,"gold_loss":0,"cards_obtained":["Doubt"]}],"is_beta":false,"boss_relics":[],"items_purged_floors":[3],"is_endless":false,"potions_floor_spawned":[2,7,10,11],"killed_by":"Lagavulin","ascension_level":20}