{"path_per_floor":["M","M","?","M","M","R","M","M","T","R","?","R","M","E","R","B",null,"M","M","M","?","?","R","M","M","T","M","R","T","?","M","R","B",null,"M","?","?","?","M"],"character_chosen":"DEFECT","items_purchased":[],"gold_per_floor":[111,125,125,140,151,151,162,174,174,174,224,224,234,266,266,341,341,353,369,387,387,387,387,387,402,402,415,415,493,543,562,562,641,641,651,651,651,651,661,661],"floor_reached":40,"campfire_rested":2,"playtime":1266,"item_purchase_floors":[],"current_hp_per_floor":[61,61,61,61,61,61,61,61,61,61,61,61,61,51,51,18,58,53,53,23,23,23,44,44,44,44,39,39,46,46,38,61,50,71,27,43,43,42,35,0],"items_purged":[],"gold":661,"score":949,"play_id":"7907bbad-f635-429e-ad7f-d6feac8edcc4","local_time":"20180620192518","is_prod":false,"is_daily":false,"chose_seed":false,"is_ascension_mode":true,"campfire_upgraded":5,"win_rate":0,"timestamp":1529547918,"campfire_choices":[{"data":"Zap","floor":6.0,"key":"SMITH"},{"data":"Dualcast","floor":10.0,"key":"SMITH"},{"data":"Conserve Battery","floor":12.0,"key":"SMITH"},{"data":"Coolheaded","floor":15.0,"key":"SMITH"},{"floor":23.0,"key":"REST"},{"data":"Creative AI","floor":28.0,"key":"SMITH"},{"floor":32.0,"key":"REST"}],"path_taken":["M","M","?","M","?","R","M","?","T","R","?","R","M","E","R","BOSS","M","M","M","?","?","R","M","M","T","M","R","?","?","?","R","BOSS","M","?","?","?","?","M"],"build_version":"2018-06-19v2","seed_source_timestamp":162329995412136,"purchased_purges":0,"circlet_count":0,"victory":false,"master_deck":["Strike_B+1","Strike_B+1","Defend_B+1","Defend_B+1","Defend_B+1","Defend_B+1","Zap+1","Dualcast+1","AscendersBane","BootSequence","Ball Lightning","Conserve Battery+1","BootSequence","Glacier","Coolheaded+1","Cold Snap","Creative AI+1","Loop+1","Leap","Cold Snap","Capacitor","Doubt","Stack+1","Buffer","Conserve Battery+1","Writhe","Conserve Battery"],"max_hp_per_floor":[71,71,71,71,71,71,71,71,71,71,71,71,71,71,71,71,71,71,71,71,71,71,71,71,71,71,71,71,78,78,78,78,78,78,78,78,78,78,78,78],"special_seed":0,"relics":["Cracked Core","Matryoshka","Mummified Hand","Cursed Key","Strawberry","Bottled Flame","Runic Dome","Du-Vu Doll"],"card_choices":[{"not_picked":["Compile Driver","Turbo"],"picked":"BootSequence","floor":1.0},{"not_picked":["Self Repair","Reinforced Body"],"picked":"Ball Lightning","floor":2.0},{"not_picked":["Rip and Tear","Sweeping Beam"],"picked":"Conserve Battery","floor":4.0},{"not_picked":["Heatsinks","Consume","Reinforced Body"],"picked":"SKIP","floor":5.0},{"not_picked":["Reprogram","Sweeping Beam"],"picked":"BootSequence","floor":7.0},{"not_picked":["Ball Lightning","Skim"],"picked":"Glacier","floor":8.0},{"not_picked":["Aggregate","Multi-Cast"],"picked":"Coolheaded","floor":13.0},{"not_picked":["Rebound","Stack"],"picked":"Cold Snap","floor":14.0},{"not_picked":["Fission","Meteor Strike"],"picked":"Creative AI","floor":16.0},{"not_picked":["Cold Snap","Barrage"],"picked":"Loop+1","floor":18.0},{"not_picked":["Hello World","BootSequence"],"picked":"Leap","floor":19.0},{"not_picked":["Double Energy+1","Steam"],"picked":"Cold Snap","floor":20.0},{"not_picked":["Streamline","Undo"],"picked":"Capacitor","floor":25.0},{"not_picked":["Chaos","Recycle+1","Skim"],"picked":"SKIP","floor":27.0},{"not_picked":["Static Discharge","Steam"],"picked":"Stack+1","floor":31.0},{"not_picked":["Multi-Cast","Thunder Strike"],"picked":"Buffer","floor":33.0},{"not_picked":["Undo+1","Reprogram+1"],"picked":"Conserve Battery+1","floor":35},{"not_picked":["Hello World+1","Rebound"],"picked":"Conserve Battery","floor":38},{"not_picked":["Go for the Eyes+1","Rebound","Rip and Tear"],"picked":"SKIP","floor":39}],"player_experience":668548,"potions_floor_usage":[],"damage_taken":[{"damage":3.0,"enemies":"Small Slimes","floor":1.0,"turns":3.0},{"damage":0.0,"enemies":"Cultist","floor":2.0,"turns":4.0},{"damage":0.0,"enemies":"2 Louse","floor":4.0,"turns":2.0},{"damage":0.0,"enemies":"Lots of Slimes","floor":5.0,"turns":1.0},{"damage":0.0,"enemies":"2 Fungi Beasts","floor":7.0,"turns":3.0},{"damage":0.0,"enemies":"Blue Slaver","floor":8.0,"turns":3.0},{"damage":0.0,"enemies":"3 Louse","floor":13.0,"turns":4.0},{"damage":10.0,"enemies":"Lagavulin","floor":14.0,"turns":9.0},{"damage":33.0,"enemies":"Slime Boss","floor":16.0,"turns":12.0},{"damage":5.0,"enemies":"Spheric Guardian","floor":18.0,"turns":5.0},{"damage":0.0,"enemies":"Chosen","floor":19.0,"turns":5.0},{"damage":30.0,"enemies":"Snake Plant","floor":20.0,"turns":5.0},{"damage":0.0,"enemies":"Chosen and Byrds","floor":24.0,"turns":1.0},{"damage":0.0,"enemies":"Centurion and Healer","floor":25.0,"turns":12.0},{"damage":5.0,"enemies":"3 Cultists","floor":27.0,"turns":8.0},{"damage":8.0,"enemies":"Chosen and Byrds","floor":31.0,"turns":6.0},{"damage":11.0,"enemies":"Automaton","floor":33.0,"turns":11.0},{"damage":44,"enemies":"3 Darklings","floor":35,"turns":5},{"damage":1,"floor":38,"turns":8},{"damage":7,"enemies":"Orb Walker","floor":39,"turns":4},{"damage":46,"enemies":"4 Shapes","floor":40,"turns":3}],"relics_obtained":[{"floor":9.0,"key":"Matryoshka"},{"floor":14.0,"key":"Mummified Hand"},{"floor":29.0,"key":"Strawberry"},{"floor":29.0,"key":"Bottled Flame"},{"floor":38,"key":"Du-Vu Doll"}],"event_choices":[{"event_name":"The Lab","player_choice":"Got Potions","floor":3.0,"damage_taken":0.0},{"event_name":"Golden Shrine","player_choice":"Pray","floor":11.0,"damage_taken":0.0},{"event_name":"Back to Basics","player_choice":"Simplicity","floor":21.0,"damage_taken":0.0},{"event_name":"The Mausoleum","player_choice":"No","floor":22.0,"damage_taken":0.0},{"event_name":"The Joust","player_choice":"Bet on Murderer","floor":30.0,"damage_taken":0.0},{"event_name":"Winding Halls","player_choice":"Writhe","floor":36,"damage_taken":0},{"event_name":"Falling","player_choice":"Removed Attack","floor":37,"damage_taken":0},{"event_name":"MindBloom","player_choice":"Fight","floor":38,"damage_taken":0}],"boss_relics":[{"not_picked":["Runic Pyramid","Pandora\u0027s Box"],"picked":"Cursed Key"},{"not_picked":["Lizard Tail","Velvet Choker"],"picked":"Runic Dome"}],"items_purged_floors":[],"is_endless":true,"potions_floor_spawned":[1,4,14,16,18,20,27,39],"seed_played":"-8470250489426906906","killed_by":"4 Shapes","ascension_level":15,"potions_obtained":[{"floor":1.0,"key":"Dexterity Potion"},{"floor":3.0,"key":"SkillPotion"},{"floor":3.0,"key":"Explosive Potion"},{"floor":4.0,"key":"SmokeBomb"},{"floor":14.0,"key":"Weak Potion"},{"floor":27.0,"key":"Poison Potion"},{"floor":39,"key":"Swift Potion"}],"is_trial":false}