{"gold_per_floor":[115,10,29,43,57,91,91,91,116,131,164,164,8,41,41,117,117,131,150,168,181,181,181,195,224,273,302,320,320,349,377,377,449,449,460,474,154,204,204,204,231,242,314,314],"floor_reached":44,"playtime":3923,"items_purged":[],"score":905,"play_id":"2ef13475-cc07-431f-8ce4-73479092538d","local_time":"20190322130654","is_ascension_mode":true,"campfire_choices":[{"data":"Zap","floor":7,"key":"SMITH"},{"floor":12,"key":"REST"},{"data":"Defragment","floor":15,"key":"SMITH"},{"floor":23,"key":"REST"},{"floor":29,"key":"REST"},{"data":"Sunder","floor":32,"key":"SMITH"},{"data":"Storm","floor":40,"key":"SMITH"}],"neow_cost":"NONE","seed_source_timestamp":470178874238496,"circlet_count":0,"master_deck":["AscendersBane","Strike_B","Strike_B","Strike_B","Strike_B","Defend_B","Defend_B","Defend_B","Defend_B","Zap+1","Dualcast","Rip and Tear+1","Defragment+1","Stack","Cold Snap","Cold Snap","Electrodynamics","Go for the Eyes+1","White Noise","Self Repair","Sunder+1","Glacier","Creative AI","Conserve Battery","Chill","Amplify","Conserve Battery","Ball Lightning","Consume","Capacitor","Compile Driver","Rainbow","Coolheaded+1","Coolheaded+1","Chaos+1","Self Repair","Seek","Conserve Battery+1","Storm+1","Chill","Darkness+1","Rip and Tear+1","Loop+1","Storm"],"relics":["Cracked Core","Pen Nib","Regal Pillow","Whetstone","Happy Flower","Prayer Wheel","Snecko Eye","Pear","Strawberry","Bag of Marbles","Gremlin Horn","Red Mask","Sozu","Tiny Chest","Runic Capacitor","Thread and Needle","Bag of Preparation","Toxic Egg 2"],"potions_floor_usage":[4,6,19,24,25,30],"damage_taken":[{"damage":0,"enemies":"Cultist","floor":1,"turns":4},{"damage":2,"enemies":"Jaw Worm","floor":3,"turns":3},{"damage":4,"enemies":"Small Slimes","floor":4,"turns":4},{"damage":14,"enemies":"Looter","floor":5,"turns":3},{"damage":19,"enemies":"Gremlin Nob","floor":6,"turns":5},{"damage":0,"enemies":"Large Slime","floor":10,"turns":4},{"damage":17,"enemies":"Lagavulin","floor":11,"turns":7},{"damage":9,"enemies":"Gremlin Nob","floor":14,"turns":3},{"damage":13,"enemies":"The Guardian","floor":16,"turns":12},{"damage":7,"enemies":"Spheric Guardian","floor":18,"turns":3},{"damage":5,"enemies":"Chosen","floor":19,"turns":4},{"damage":4,"enemies":"Snecko","floor":20,"turns":5},{"damage":20,"enemies":"Cultist and Chosen","floor":21,"turns":7},{"damage":24,"enemies":"Centurion and Healer","floor":24,"turns":7},{"damage":11,"enemies":"Gremlin Leader","floor":25,"turns":4},{"damage":36,"enemies":"Book of Stabbing","floor":27,"turns":6},{"damage":6,"enemies":"Sentry and Sphere","floor":28,"turns":8},{"damage":14,"enemies":"Slavers","floor":30,"turns":6},{"damage":18,"enemies":"Masked Bandits","floor":31,"turns":4},{"damage":28,"enemies":"Collector","floor":33,"turns":7},{"damage":4,"enemies":"Orb Walker","floor":35,"turns":3},{"damage":13,"enemies":"3 Shapes","floor":36,"turns":4},{"damage":25,"enemies":"2 Orb Walkers","floor":38,"turns":7},{"damage":67,"enemies":"Giant Head","floor":41,"turns":8},{"damage":1,"enemies":"Jaw Worm Horde","floor":42,"turns":2},{"damage":28,"enemies":"Writhing Mass","floor":44,"turns":3}],"seed_played":"-1464302871834175742","potions_obtained":[{"floor":0,"key":"AttackPotion"},{"floor":0,"key":"SneckoOil"},{"floor":6,"key":"AttackPotion"},{"floor":14,"key":"Energy Potion"},{"floor":24,"key":"Poison Potion"},{"floor":27,"key":"LiquidBronze"},{"floor":28,"key":"AttackPotion"},{"floor":31,"key":"Ancient Potion"}],"is_trial":false,"path_per_floor":["M","$","M","M","M","E","R","?","T","M","E","R","$","E","R","B",null,"M","M","M","M","?","R","M","E","T","E","M","R","E","?","R","B",null,"M","M","$","?","?","R","E","M","T","M"],"character_chosen":"DEFECT","items_purchased":["Defragment","Stack","Happy Flower","Tiny Chest","Runic Capacitor"],"campfire_rested":3,"item_purchase_floors":[2,2,13,37,37],"current_hp_per_floor":[68,68,66,62,48,29,29,29,29,29,19,56,56,47,47,41,67,67,62,58,45,31,70,53,59,66,37,38,82,82,64,64,57,87,90,91,91,73,73,73,20,26,26,0],"gold":314,"neow_bonus":"THREE_SMALL_POTIONS","is_prod":false,"is_daily":false,"chose_seed":false,"campfire_upgraded":4,"win_rate":0,"timestamp":1553274414,"path_taken":["M","?","M","M","?","E","R","?","T","M","E","R","$","E","R","BOSS","M","M","?","M","?","R","M","E","T","E","M","R","E","?","R","BOSS","M","M","$","?","?","R","E","M","T","M"],"build_version":"2019-01-23","purchased_purges":0,"victory":false,"max_hp_per_floor":[75,75,75,75,75,75,75,75,75,75,75,75,75,75,75,75,75,75,75,75,75,80,80,80,90,97,97,97,97,97,97,97,97,97,97,97,97,97,92,92,92,92,92,92],"card_choices":[{"not_picked":["Skim","Rebound"],"picked":"Rip and Tear","floor":1},{"not_picked":["FTL","Fusion"],"picked":"Cold Snap","floor":3},{"not_picked":["Beam Cell","Leap"],"picked":"Cold Snap","floor":4},{"not_picked":["Leap","Self Repair"],"picked":"Electrodynamics","floor":5},{"not_picked":["Sweeping Beam","Compile Driver"],"picked":"Go for the Eyes","floor":6},{"not_picked":["Static Discharge","Redo"],"picked":"Self Repair","floor":10},{"not_picked":["Hyperbeam","Go for the Eyes"],"picked":"Sunder","floor":11},{"not_picked":["Barrage","Turbo"],"picked":"Glacier","floor":14},{"not_picked":["Electrodynamics","Fission"],"picked":"Creative AI","floor":16},{"not_picked":["Cold Snap","Stack"],"picked":"Conserve Battery","floor":18},{"not_picked":["Gash","Rebound"],"picked":"Chill","floor":18},{"not_picked":["Rebound","Conserve Battery"],"picked":"Amplify","floor":19},{"not_picked":["Redo+1","Force Field"],"picked":"Conserve Battery","floor":19},{"not_picked":["Go for the Eyes","Steam+1"],"picked":"Ball Lightning","floor":20},{"not_picked":["Undo","Steam"],"picked":"Consume","floor":20},{"not_picked":["Coolheaded","Stack"],"picked":"Capacitor","floor":21},{"not_picked":["Steam","Conserve Battery"],"picked":"Compile Driver","floor":21},{"not_picked":["Beam Cell","Sunder"],"picked":"Rainbow","floor":24},{"not_picked":["Conserve Battery","Streamline","Turbo"],"picked":"SKIP","floor":24},{"not_picked":["Sweeping Beam+1","Reinforced Body"],"picked":"Coolheaded+1","floor":25},{"not_picked":["Go for the Eyes","Lockon+1","Streamline"],"picked":"SKIP","floor":27},{"not_picked":["Turbo+1","Beam Cell"],"picked":"Coolheaded+1","floor":28},{"not_picked":["Rebound","Cold Snap","Meteor Strike"],"picked":"SKIP","floor":28},{"not_picked":["Static Discharge","Recycle"],"picked":"Chaos+1","floor":30},{"not_picked":["Coolheaded","Gash+1"],"picked":"Self Repair","floor":31},{"not_picked":["Hyperbeam","Fission"],"picked":"Seek","floor":33},{"not_picked":["Hologram","Scrape+1"],"picked":"Conserve Battery+1","floor":35},{"not_picked":["Compile Driver","FTL","Double Energy"],"picked":"SKIP","floor":35},{"not_picked":["Go for the Eyes","Redo"],"picked":"Storm","floor":36},{"not_picked":["Go for the Eyes","Sweeping Beam"],"picked":"Chill","floor":36},{"not_picked":["Hologram","Rebound"],"picked":"Darkness+1","floor":38},{"not_picked":["Hyperbeam","Lockon"],"picked":"Rip and Tear+1","floor":41},{"not_picked":["Coolheaded","Undo"],"picked":"Loop+1","floor":42},{"not_picked":["Rebound+1","Turbo+1"],"picked":"Storm","floor":42}],"player_experience":1338007,"relics_obtained":[{"floor":6,"key":"Pen Nib"},{"floor":9,"key":"Regal Pillow"},{"floor":11,"key":"Whetstone"},{"floor":14,"key":"Prayer Wheel"},{"floor":25,"key":"Pear"},{"floor":26,"key":"Strawberry"},{"floor":27,"key":"Bag of Marbles"},{"floor":30,"key":"Gremlin Horn"},{"floor":31,"key":"Red Mask"},{"floor":38,"key":"Thread and Needle"},{"floor":41,"key":"Bag of Preparation"},{"floor":43,"key":"Toxic Egg 2"}],"event_choices":[{"damage_healed":0,"gold_gain":0,"player_choice":"1 cards matched","damage_taken":0,"max_hp_gain":0,"max_hp_loss":0,"event_name":"Match and Keep!","floor":8,"gold_loss":0,"cards_obtained":["White Noise"]},{"damage_healed":0,"gold_gain":0,"player_choice":"Shed Blood","damage_taken":19,"max_hp_gain":5,"max_hp_loss":0,"event_name":"Forgotten Altar","floor":22,"gold_loss":0},{"damage_healed":0,"gold_gain":0,"player_choice":"Fought Bandits","damage_taken":0,"max_hp_gain":0,"max_hp_loss":0,"event_name":"Masked Bandits","floor":31,"gold_loss":0},{"damage_healed":0,"gold_gain":0,"player_choice":"Fight","damage_taken":0,"max_hp_gain":0,"max_hp_loss":0,"event_name":"Mysterious Sphere","floor":38,"gold_loss":0},{"damage_healed":0,"gold_gain":0,"player_choice":"Max HP","damage_taken":0,"max_hp_gain":0,"max_hp_loss":5,"event_name":"Winding Halls","floor":39,"gold_loss":0}],"is_beta":false,"boss_relics":[{"not_picked":["Black Star","Inserter"],"picked":"Snecko Eye"},{"not_picked":["Orrery","Runic Dome"],"picked":"Sozu"}],"items_purged_floors":[],"is_endless":false,"potions_floor_spawned":[1,6,14,16,18,24,27,28,31,35,36,42],"killed_by":"Writhing Mass","ascension_level":13}