{"gold_per_floor":[167,187,204,217,237,237,262,93,162,437,452,452,471,486,486,486],"floor_reached":16,"playtime":1160,"items_purged":[],"score":201,"play_id":"13809230-573b-4614-a045-86faa7b8f4b8","local_time":"20190322033014","is_ascension_mode":true,"campfire_choices":[{"data":"Sucker Punch","floor":6,"key":"SMITH"},{"floor":12,"key":"REST"},{"data":"Deadly Poison","floor":15,"key":"SMITH"}],"neow_cost":"NONE","seed_source_timestamp":438339754181123,"circlet_count":0,"master_deck":["AscendersBane","Defend_G","Defend_G","Defend_G","Defend_G","Defend_G","Strike_G","Strike_G","Strike_G","Strike_G","Strike_G","Survivor","Neutralize+1","Deflect","Well Laid Plans","Calculated Gamble","Sucker Punch+1","Venomology","Tactician","Footwork","Leg Sweep","Regret","Dagger Spray","Deadly Poison+1"],"relics":["Tiny House","Boot","Question Card"],"potions_floor_usage":[5,7,7,11,14,14,14,16],"damage_taken":[{"damage":0,"enemies":"Jaw Worm","floor":1,"turns":4},{"damage":3,"enemies":"Cultist","floor":2,"turns":5},{"damage":2,"enemies":"Small Slimes","floor":3,"turns":4},{"damage":18,"enemies":"2 Fungi Beasts","floor":4,"turns":5},{"damage":15,"enemies":"Gremlin Gang","floor":5,"turns":5},{"damage":11,"enemies":"3 Sentries","floor":7,"turns":14},{"damage":13,"enemies":"3 Louse","floor":11,"turns":5},{"damage":7,"enemies":"Lots of Slimes","floor":13,"turns":4},{"damage":3,"enemies":"Exordium Thugs","floor":14,"turns":5},{"damage":15,"enemies":"The Guardian","floor":16,"turns":2}],"seed_played":"-4537609041237848529","potions_obtained":[{"floor":0,"key":"PowerPotion"},{"floor":3,"key":"SteroidPotion"},{"floor":5,"key":"EssenceOfSteel"},{"floor":7,"key":"AttackPotion"},{"floor":13,"key":"PowerPotion"}],"is_trial":false,"path_per_floor":["M","M","M","M","M","R","E","$","T","?","M","R","M","M","R","B"],"character_chosen":"THE_SILENT","items_purchased":["Footwork","Leg Sweep"],"campfire_rested":1,"item_purchase_floors":[8,8],"current_hp_per_floor":[64,61,59,41,26,26,15,15,15,15,2,23,16,13,13,0],"gold":486,"neow_bonus":"BOSS_RELIC","is_prod":false,"is_daily":false,"chose_seed":false,"campfire_upgraded":2,"win_rate":0,"timestamp":1553239814,"path_taken":["M","M","M","M","M","R","E","$","T","?","M","R","M","?","R","BOSS"],"build_version":"2019-01-23","purchased_purges":0,"victory":false,"max_hp_per_floor":[71,71,71,71,71,71,71,71,71,71,71,71,71,71,71,71],"card_choices":[{"not_picked":["Underhanded Strike","Slice"],"picked":"Deflect","floor":0},{"not_picked":["PiercingWail","Catalyst"],"picked":"Well Laid Plans","floor":1},{"not_picked":["Flying Knee","Blade Dance"],"picked":"Calculated Gamble","floor":2},{"not_picked":["Reflex","Concentrate"],"picked":"Sucker Punch","floor":3},{"not_picked":["Catalyst","Sucker Punch","Flechettes"],"picked":"SKIP","floor":4},{"not_picked":["Sucker Punch","Outmaneuver"],"picked":"Venomology","floor":5},{"not_picked":["Outmaneuver","Eviscerate"],"picked":"Tactician","floor":7},{"not_picked":["Expertise","Flechettes","Blur"],"picked":"Dagger Spray","floor":11},{"not_picked":["Bane","Underhanded Strike","Accuracy","Riddle With Holes"],"picked":"SKIP","floor":13},{"not_picked":["Poisoned Stab","Heel Hook","Flying Knee"],"picked":"Deadly Poison","floor":14}],"player_experience":1332029,"relics_obtained":[{"floor":7,"key":"Boot"},{"floor":9,"key":"Question Card"}],"event_choices":[{"damage_healed":0,"gold_gain":275,"player_choice":"Desecrate","damage_taken":0,"max_hp_gain":0,"max_hp_loss":0,"event_name":"Golden Shrine","floor":10,"gold_loss":0,"cards_obtained":["Regret"]}],"is_beta":false,"boss_relics":[],"items_purged_floors":[],"is_endless":false,"potions_floor_spawned":[3,4,5,7,13],"killed_by":"The Guardian","ascension_level":18}