{"gold_per_floor":[114,129,183,183,201,201,201,226,226,226,244,276,294,327,327,401,401,412,412,431,356,389,389],"floor_reached":23,"playtime":2244,"items_purged":[],"score":768,"play_id":"2e860fa8-70cf-4d84-8380-adcbdc6eddd8","local_time":"20190511124938","is_ascension_mode":true,"campfire_choices":[{"data":"Deadly Poison","floor":6.0,"key":"SMITH"},{"data":"Survivor","floor":10.0,"key":"SMITH"},{"data":"Poisoned Stab","floor":15.0,"key":"SMITH"}],"neow_cost":"NONE","seed_source_timestamp":1621338323137118,"circlet_count":0,"master_deck":["AscendersBane","Defend_G+1","Defend_G","Defend_G","Defend_G+1","Defend_G","Strike_G","Strike_G","Strike_G","Strike_G","Survivor+1","Neutralize+1","Dagger Throw","Deadly Poison+1","Quick Slash+1","Dagger Spray","Well Laid Plans","Poisoned Stab+1","Corpse Explosion","Backflip"],"special_seed":0,"relics":["Ring of the Snake","FossilizedHelix","Mummified Hand","Smiling Mask","Oddly Smooth Stone","Fusion Hammer","Red Mask"],"potions_floor_usage":[22,22],"damage_taken":[{"damage":3.0,"enemies":"Cultist","floor":1.0,"turns":5.0},{"damage":0.0,"enemies":"2 Louse","floor":2.0,"turns":3.0},{"damage":0.0,"enemies":"Small Slimes","floor":5.0,"turns":3.0},{"damage":22.0,"enemies":"Lagavulin","floor":8.0,"turns":7.0},{"damage":0.0,"enemies":"Exordium Thugs","floor":11.0,"turns":5.0},{"damage":10.0,"enemies":"3 Sentries","floor":12.0,"turns":6.0},{"damage":0.0,"enemies":"2 Fungi Beasts","floor":13.0,"turns":2.0},{"damage":0.0,"enemies":"Gremlin Nob","floor":14.0,"turns":4.0},{"damage":0,"enemies":"Hexaghost","floor":16,"turns":9},{"damage":4,"enemies":"3 Byrds","floor":18,"turns":3},{"damage":0,"enemies":"Chosen","floor":20,"turns":5},{"damage":0,"enemies":"Masked Bandits","floor":22,"turns":2},{"damage":39,"enemies":"Shelled Parasite and Fungi","floor":23,"turns":3}],"seed_played":"-1663019069136907011","potions_obtained":[{"floor":8.0,"key":"FairyPotion"},{"floor":12.0,"key":"SteroidPotion"},{"floor":16,"key":"Block Potion"},{"floor":18,"key":"Explosive Potion"},{"floor":22,"key":"Energy Potion"}],"is_trial":false,"path_per_floor":["M","M","T","?","M","R","?","E","T","R","M","E","M","E","R","B",null,"M","?","M","?","?","M"],"character_chosen":"THE_SILENT","items_purchased":[],"campfire_rested":0,"item_purchase_floors":[],"current_hp_per_floor":[56,56,56,36,36,36,36,14,14,14,14,4,4,4,4,4,51,47,29,29,29,29,0],"gold":389,"neow_bonus":"UPGRADE_CARD","is_prod":false,"is_daily":false,"chose_seed":false,"campfire_upgraded":3,"win_rate":0,"timestamp":1557593378,"path_taken":["M","M","?","?","M","R","?","E","T","R","?","E","M","E","R","BOSS","M","?","M","?","?","M"],"build_version":"2019-01-23","purchased_purges":0,"victory":false,"max_hp_per_floor":[66,66,66,66,66,66,66,66,66,66,66,66,66,66,66,66,66,66,71,71,71,71,71],"card_choices":[{"not_picked":["Bane","Sucker Punch"],"picked":"Dagger Throw","floor":1.0},{"not_picked":["Backflip","Dodge and Roll"],"picked":"Deadly Poison","floor":2.0},{"not_picked":["Acrobatics","Setup"],"picked":"Quick Slash","floor":5.0},{"not_picked":["Dagger Throw","Deflect","Calculated Gamble"],"picked":"SKIP","floor":8.0},{"not_picked":["Dagger Throw","Deflect","Calculated Gamble"],"picked":"SKIP","floor":8.0},{"not_picked":["Prepared","Well Laid Plans"],"picked":"Dagger Spray","floor":11.0},{"not_picked":["Expertise","Heel Hook","Setup"],"picked":"SKIP","floor":12.0},{"not_picked":["Dagger Throw","Eviscerate"],"picked":"Well Laid Plans","floor":13.0},{"not_picked":["Deflect","Blade Dance"],"picked":"Poisoned Stab","floor":14.0},{"not_picked":["Tools of the Trade","Malaise"],"picked":"Corpse Explosion","floor":16},{"not_picked":["Deflect","Riddle With Holes","Infinite Blades"],"picked":"SKIP","floor":18},{"not_picked":["Deflect","Riddle With Holes","Infinite Blades"],"picked":"SKIP","floor":18},{"not_picked":["Blade Dance+1","Slice","Deflect"],"picked":"SKIP","floor":20},{"not_picked":["Quick Slash","Venomology"],"picked":"Backflip","floor":22}],"player_experience":2571621,"relics_obtained":[{"floor":8.0,"key":"FossilizedHelix"},{"floor":9.0,"key":"Mummified Hand"},{"floor":12.0,"key":"Smiling Mask"},{"floor":14.0,"key":"Oddly Smooth Stone"},{"floor":22,"key":"Red Mask"}],"event_choices":[{"damage_healed":0.0,"max_hp_gain":0.0,"max_hp_loss":0.0,"gold_gain":0.0,"event_name":"Shining Light","player_choice":"Entered Light","floor":4.0,"gold_loss":0.0,"damage_taken":20.0,"cards_upgraded":["Defend_G","Defend_G"]},{"damage_healed":0.0,"max_hp_gain":0.0,"max_hp_loss":0.0,"gold_gain":0.0,"event_name":"Upgrade Shrine","player_choice":"Upgraded","floor":7.0,"gold_loss":0.0,"damage_taken":0.0,"cards_upgraded":["Quick Slash"]},{"damage_healed":0,"gold_gain":0,"player_choice":"Shed Blood","damage_taken":23,"max_hp_gain":5,"max_hp_loss":0,"event_name":"Forgotten Altar","floor":19,"gold_loss":0},{"cards_removed":["Strike_G"],"damage_healed":0,"gold_gain":0,"player_choice":"Gave Gold","damage_taken":0,"max_hp_gain":0,"max_hp_loss":0,"event_name":"Beggar","floor":21,"gold_loss":75},{"damage_healed":0,"gold_gain":0,"player_choice":"Fought Bandits","damage_taken":0,"max_hp_gain":0,"max_hp_loss":0,"event_name":"Masked Bandits","floor":22,"gold_loss":0}],"is_beta":false,"boss_relics":[{"not_picked":["Empty Cage","Orrery"],"picked":"Fusion Hammer"}],"items_purged_floors":[],"is_endless":false,"potions_floor_spawned":[8,12,16,18,22],"killed_by":"Shelled Parasite and Fungi","ascension_level":20}