{"gold_per_floor":[118,134,149,32,32,66,11,46,46,46,46,76,95,115,115,115],"floor_reached":16,"playtime":641,"items_purged":[],"score":220,"play_id":"05f47efc-2969-4efb-9987-ca8fd3473c61","local_time":"20190404233020","is_ascension_mode":true,"campfire_choices":[{"data":"Sunder","floor":10,"key":"SMITH"},{"data":"Loop","floor":15,"key":"SMITH"}],"neow_cost":"NONE","seed_source_timestamp":306868070066049,"circlet_count":0,"master_deck":["AscendersBane","Strike_B","Strike_B","Strike_B","Strike_B","Defend_B","Defend_B","Defend_B","Defend_B","Zap","Dualcast","Sunder+1","Steam Power","Loop+1","Sweeping Beam","Self Repair","Barrage","Ball Lightning","Ball Lightning","FTL","Cold Snap"],"relics":["Cracked Core","Golden Idol","Ancient Tea Set","Sundial","Pen Nib","Odd Mushroom"],"potions_floor_usage":[6,8,8,16],"damage_taken":[{"damage":0,"enemies":"Cultist","floor":1,"turns":3},{"damage":7,"enemies":"Small Slimes","floor":2,"turns":3},{"damage":0,"enemies":"2 Louse","floor":3,"turns":2},{"damage":25,"enemies":"Lagavulin","floor":6,"turns":6},{"damage":9,"enemies":"3 Sentries","floor":8,"turns":6},{"damage":0,"enemies":"The Mushroom Lair","floor":12,"turns":2},{"damage":7,"enemies":"Looter","floor":13,"turns":3},{"damage":7,"enemies":"2 Fungi Beasts","floor":14,"turns":2},{"damage":39,"enemies":"The Guardian","floor":16,"turns":7}],"seed_played":"-3720499120632940003","potions_obtained":[{"floor":1,"key":"PowerPotion"},{"floor":3,"key":"Dexterity Potion"},{"floor":13,"key":"Swift Potion"}],"is_trial":false,"path_per_floor":["M","M","M","$","?","E","$","E","T","R","?","?","M","M","R","B"],"character_chosen":"DEFECT","items_purchased":["Sweeping Beam","Self Repair","AttackPotion"],"campfire_rested":0,"item_purchase_floors":[4,4,7],"current_hp_per_floor":[71,64,64,64,64,46,46,44,44,44,49,49,42,35,35,0],"gold":115,"neow_bonus":"TEN_PERCENT_HP_BONUS","is_prod":false,"is_daily":false,"chose_seed":false,"campfire_upgraded":2,"win_rate":0,"timestamp":1554435020,"path_taken":["M","?","M","$","?","E","$","E","T","R","?","?","M","M","R","BOSS"],"build_version":"2019-01-23","purchased_purges":0,"victory":false,"max_hp_per_floor":[78,78,78,78,71,71,71,71,71,71,76,76,76,76,76,76],"card_choices":[{"not_picked":["Scrape","Stack"],"picked":"Sunder","floor":1},{"not_picked":["Rip and Tear","Turbo"],"picked":"Steam Power","floor":2},{"not_picked":["Sweeping Beam","Auto Shields"],"picked":"Loop","floor":3},{"not_picked":["Rebound","Darkness"],"picked":"Barrage","floor":6},{"not_picked":["White Noise","Hologram"],"picked":"Ball Lightning","floor":8},{"not_picked":["Turbo","Redo"],"picked":"Ball Lightning","floor":12},{"not_picked":["Hello World","Hyperbeam"],"picked":"FTL","floor":13},{"not_picked":["Turbo","Ball Lightning"],"picked":"Cold Snap","floor":14}],"player_experience":1602079,"relics_obtained":[{"floor":6,"key":"Ancient Tea Set"},{"floor":8,"key":"Sundial"},{"floor":9,"key":"Pen Nib"},{"floor":12,"key":"Odd Mushroom"}],"event_choices":[{"damage_healed":0,"gold_gain":0,"player_choice":"Lose Max HP","damage_taken":0,"relics_obtained":["Golden Idol"],"max_hp_gain":0,"max_hp_loss":7,"event_name":"Golden Idol","floor":5,"gold_loss":0},{"damage_healed":0,"gold_gain":0,"player_choice":"Donut","damage_taken":0,"max_hp_gain":5,"max_hp_loss":0,"event_name":"Big Fish","floor":11,"gold_loss":0},{"damage_healed":0,"gold_gain":0,"player_choice":"Fought Mushrooms","damage_taken":0,"max_hp_gain":0,"max_hp_loss":0,"event_name":"Mushrooms","floor":12,"gold_loss":0}],"is_beta":false,"boss_relics":[],"items_purged_floors":[],"is_endless":false,"potions_floor_spawned":[1,3,13],"killed_by":"The Guardian","ascension_level":20}