{"path_per_floor":["M","M","$","?","?","E","R","M","T","M","R","$","E","M","R","B",null,"M","?","?","M","M","R","M","E","T","R","M","R","E","?","R"],"character_chosen":"THE_SILENT","items_purchased":["Catalyst","Dagger Spray","Bouncing Flask"],"gold_per_floor":[112,123,23,23,23,50,50,69,69,83,83,15,47,59,59,133,133,122,122,122,139,158,158,168,200,251,251,267,267,298,298,298,298],"floor_reached":33,"campfire_rested":1,"playtime":1371,"current_hp_per_floor":[58,53,53,40,40,27,27,22,36,38,38,38,25,21,21,17,70,37,37,37,29,28,28,26,16,16,31,27,27,12,12,12,0],"items_purged":[],"gold":298,"score":570,"play_id":"f228e669-5cab-4822-b362-c41b1f17ad4f","local_time":"20180407222441","is_prod":false,"is_daily":false,"is_ascension_mode":true,"campfire_upgraded":6,"timestamp":1523154281,"path_taken":["M","?","$","?","?","E","R","M","T","?","R","?","E","M","R","BOSS","M","?","?","M","M","R","M","E","T","R","M","R","E","?","R","BOSS"],"build_version":"2018-04-05v2","purchased_purges":0,"victory":false,"master_deck":["Defend_G+1","Defend_G","Defend_G","Defend_G+1","Defend_G","Strike_G","Strike_G","Strike_G","Strike_G","Strike_G","Survivor","Neutralize","AscendersBane","Deadly Poison","Bane","Catalyst+1","Dagger Spray","Swift Strike","Catalyst+1","Bouncing Flask+1","Envenom+1","Noxious Fumes+1","Ghostly","Ghostly","Ghostly","Ghostly","Ghostly","Noxious Fumes+1"],"max_hp_per_floor":[66,66,66,66,66,66,66,68,82,84,84,84,86,88,88,88,88,88,88,44,46,48,48,48,50,50,50,52,52,54,54,54,54],"relics":["Ring of the Snake","Singing Bowl","Mango","Ancient Tea Set","Runic Pyramid","Pantograph","Omamori","Toolbox"],"card_choices":[{"not_picked":["Slice","PiercingWail"],"picked":"Deadly Poison","floor":1},{"not_picked":["Quick Slash","Wraith Form"],"picked":"Bane","floor":2},{"not_picked":["Slice","Bane"],"picked":"Catalyst","floor":6},{"not_picked":["Bullet Time","Grand Finale"],"picked":"Envenom","floor":16},{"not_picked":["Poisoned Stab","Bane"],"picked":"Noxious Fumes","floor":18},{"not_picked":["Flying Knee","Dash"],"picked":"Noxious Fumes","floor":24}],"player_experience":736010,"potions_floor_usage":[13,16,21,21,24,25,28,33],"damage_taken":[{"damage":1,"enemies":"Cultist","floor":1,"turns":3},{"damage":5,"enemies":"2 Louse","floor":2,"turns":4},{"damage":13,"enemies":"Gremlin Nob","floor":6,"turns":4},{"damage":7,"enemies":"Small Slimes","floor":8,"turns":3},{"damage":0,"enemies":"Exordium Wildlife","floor":10,"turns":3},{"damage":15,"enemies":"Lagavulin","floor":13,"turns":3},{"damage":6,"enemies":"Red Slaver","floor":14,"turns":3},{"damage":16,"enemies":"The Guardian","floor":16,"turns":6},{"damage":33,"enemies":"2 Thieves","floor":18,"turns":4},{"damage":10,"enemies":"3 Byrds","floor":21,"turns":5},{"damage":3,"enemies":"Centurion and Healer","floor":22,"turns":6},{"damage":14,"enemies":"3 Cultists","floor":24,"turns":7},{"damage":12,"enemies":"Book of Stabbing","floor":25,"turns":5},{"damage":6,"enemies":"Snake Plant","floor":28,"turns":5},{"damage":17,"enemies":"Slavers","floor":30,"turns":8},{"damage":50,"enemies":"Automaton","floor":33,"turns":10}],"event_choices":[{"event_name":"Shining Light","player_choice":"Entered Light","floor":4,"damage_taken":0},{"event_name":"Match and Keep!","player_choice":"1 cards matched","floor":5,"damage_taken":0},{"event_name":"Drug Dealer","player_choice":"Ignored","floor":19,"damage_taken":0},{"event_name":"Ghosts","player_choice":"Became a Ghost","floor":20,"damage_taken":0},{"event_name":"Cursed Tome","player_choice":"Ignored","floor":31,"damage_taken":0}],"boss_relics":[{"not_picked":["Calling Bell","White Beast Statue"],"picked":"Runic Pyramid"}],"potions_floor_spawned":[6,10,13,14,18,21,25,30],"seed_played":"-744033116047561262","killed_by":"Automaton","ascension_level":14,"is_trial":false}