{"gold_per_floor":[10,160,160,173,173,202,13,29,29,61,61,89,89,103,103,103],"floor_reached":16,"playtime":838,"items_purged":[],"score":211,"play_id":"e0a503db-d232-4466-bd5f-b54aa3543935","local_time":"20190311020730","is_ascension_mode":true,"campfire_choices":[{"floor":11,"key":"REST"},{"floor":13,"key":"REST"},{"data":"Noxious Fumes","floor":15,"key":"SMITH"}],"neow_cost":"NO_GOLD","seed_source_timestamp":658801025344673,"circlet_count":0,"master_deck":["AscendersBane","Defend_G","Defend_G","Defend_G","Defend_G","Defend_G","Strike_G","Strike_G","Strike_G","Strike_G","Strike_G","Survivor","Neutralize","Adrenaline","Finisher+1","Dagger Throw","Reflex","Infinite Blades","Poisoned Stab","Noxious Fumes+1","Dagger Spray","Leg Sweep+1","Bouncing Flask+1"],"relics":["Ring of the Snake","Spirit Poop","Boot","Toxic Egg 2","Paper Crane","Ninja Scroll"],"potions_floor_usage":[10,12,16],"damage_taken":[{"damage":0,"enemies":"2 Louse","floor":1,"turns":3},{"damage":0,"enemies":"Cultist","floor":4,"turns":3},{"damage":31,"enemies":"3 Sentries","floor":6,"turns":11},{"damage":0,"enemies":"Small Slimes","floor":8,"turns":2},{"damage":25,"enemies":"Gremlin Nob","floor":10,"turns":4},{"damage":28,"enemies":"3 Sentries","floor":12,"turns":6},{"damage":11,"enemies":"Exordium Thugs","floor":14,"turns":3},{"damage":16,"enemies":"The Guardian","floor":16,"turns":6}],"seed_played":"-6146929050848472320","potions_obtained":[{"floor":1,"key":"Ancient Potion"},{"floor":10,"key":"Swift Potion"},{"floor":14,"key":"AttackPotion"}],"is_trial":false,"path_per_floor":["M","?","?","M","?","E","$","M","T","E","R","E","R","M","R","B"],"character_chosen":"THE_SILENT","items_purchased":["Infinite Blades","Regen Potion","Poisoned Stab"],"campfire_rested":2,"item_purchase_floors":[7,7,7],"current_hp_per_floor":[59,59,59,59,59,28,28,28,28,17,36,8,27,16,16,0],"gold":103,"neow_bonus":"THREE_RARE_CARDS","is_prod":false,"is_daily":false,"chose_seed":false,"campfire_upgraded":1,"win_rate":0,"timestamp":1552284450,"path_taken":["M","?","?","?","?","E","$","M","T","E","R","E","R","M","R","BOSS"],"build_version":"2019-01-23","purchased_purges":0,"victory":false,"max_hp_per_floor":[66,66,66,66,66,66,66,66,66,66,66,66,66,66,66,66],"card_choices":[{"not_picked":["Night Terror","Malaise"],"picked":"Adrenaline","floor":0},{"not_picked":["Outmaneuver","Deflect"],"picked":"Finisher","floor":1},{"not_picked":["Sucker Punch","Deflect"],"picked":"Dagger Throw","floor":4},{"not_picked":["Calculated Gamble","Deadly Poison"],"picked":"Reflex","floor":6},{"not_picked":["Underhanded Strike","Acrobatics"],"picked":"Noxious Fumes","floor":8},{"not_picked":["Underhanded Strike","Poisoned Stab"],"picked":"Dagger Spray","floor":10},{"not_picked":["Acrobatics+1","Dagger Spray"],"picked":"Leg Sweep+1","floor":12},{"not_picked":["Dodge and Roll+1","Bane"],"picked":"Bouncing Flask+1","floor":14}],"player_experience":1016104,"relics_obtained":[{"floor":6,"key":"Boot"},{"floor":9,"key":"Toxic Egg 2"},{"floor":10,"key":"Paper Crane"},{"floor":12,"key":"Ninja Scroll"}],"event_choices":[{"damage_healed":0,"gold_gain":150,"player_choice":"AGREE","damage_taken":0,"max_hp_gain":0,"max_hp_loss":0,"event_name":"Liars Game","floor":2,"gold_loss":0,"cards_obtained":["Doubt"]},{"damage_healed":0,"gold_gain":0,"player_choice":"Forge","damage_taken":0,"max_hp_gain":0,"max_hp_loss":0,"event_name":"Accursed Blacksmith","floor":3,"gold_loss":0,"cards_upgraded":["Finisher"]},{"cards_removed":["Doubt"],"damage_healed":0,"gold_gain":0,"player_choice":"Offered Curse","damage_taken":0,"relics_obtained":["Spirit Poop"],"max_hp_gain":0,"max_hp_loss":0,"event_name":"Bonfire Elementals","floor":5,"gold_loss":0}],"is_beta":false,"boss_relics":[],"items_purged_floors":[],"is_endless":false,"potions_floor_spawned":[1,8,10,14],"killed_by":"The Guardian","ascension_level":16}