{"gold_per_floor":[117,117,6,6,81,81,107,127,127,127,153,153,169,12,12,86,86,99,115,128,142,35,35,35,35,35,60,74,74,74],"floor_reached":30,"playtime":1643,"items_purged":["Defend_B"],"score":548,"play_id":"8e8278c8-2ebb-409c-8945-db13b03543dd","local_time":"20190326210643","is_ascension_mode":true,"campfire_choices":[{"data":"Zap","floor":6,"key":"SMITH"},{"data":"Loop","floor":10,"key":"SMITH"},{"data":"Loop","floor":12,"key":"SMITH"},{"data":"Seek","floor":15,"key":"SMITH"},{"floor":23,"key":"REST"},{"floor":25,"key":"REST"}],"neow_cost":"NONE","seed_source_timestamp":846932381844003,"circlet_count":0,"master_deck":["AscendersBane","Strike_B","Strike_B","Strike_B","Defend_B+1","Defend_B","Defend_B+1","Zap+1","Dualcast","Cold Snap","Self Repair","Loop+1","Loop+1","Seek+1","Cold Snap","Glacier","Core Surge","Hologram","Gash","Chill","Ball Lightning","Static Discharge","Leap","Echo Form","Defragment","Conserve Battery","Glacier","Decay"],"relics":["FrozenCore","NeowsBlessing","Kunai","Symbiotic Virus","Prayer Wheel","Ginger","War Paint","Darkstone Periapt"],"potions_floor_usage":[11,19,27,28,28],"damage_taken":[{"damage":0,"enemies":"Jaw Worm","floor":1,"turns":1},{"damage":0,"enemies":"Gremlin Nob","floor":7,"turns":1},{"damage":0,"enemies":"Cultist","floor":8,"turns":1},{"damage":25,"enemies":"3 Sentries","floor":11,"turns":6},{"damage":1,"enemies":"2 Louse","floor":13,"turns":2},{"damage":17,"enemies":"The Guardian","floor":16,"turns":15},{"damage":7,"enemies":"Chosen","floor":18,"turns":7},{"damage":25,"enemies":"Shell Parasite","floor":19,"turns":3},{"damage":22,"enemies":"Centurion and Healer","floor":20,"turns":7},{"damage":15,"enemies":"Snake Plant","floor":21,"turns":5},{"damage":30,"enemies":"Slavers","floor":27,"turns":4},{"damage":29,"enemies":"Sentry and Sphere","floor":28,"turns":5},{"damage":21,"enemies":"Shelled Parasite and Fungi","floor":30,"turns":3}],"seed_played":"8835428616686042412","potions_obtained":[{"floor":8,"key":"FocusPotion"},{"floor":11,"key":"LiquidBronze"},{"floor":16,"key":"Regen Potion"},{"floor":20,"key":"PowerPotion"},{"floor":27,"key":"GamblersBrew"}],"is_trial":false,"path_per_floor":["M","?","$","T","?","R","E","M","T","R","E","R","M","$","R","B",null,"M","M","M","M","$","R","?","R","T","E","M","?","M"],"character_chosen":"DEFECT","items_purchased":["Self Repair","War Paint","Defragment","Conserve Battery"],"campfire_rested":2,"item_purchase_floors":[3,14,22,22],"current_hp_per_floor":[64,64,64,64,53,53,53,53,53,53,35,35,41,41,41,31,61,61,52,37,29,29,50,43,64,64,41,12,18,0],"gold":74,"neow_bonus":"THREE_ENEMY_KILL","is_prod":false,"is_daily":false,"chose_seed":false,"campfire_upgraded":4,"win_rate":0,"timestamp":1553648803,"path_taken":["M","?","$","?","?","R","E","M","T","R","E","R","M","?","R","BOSS","M","?","?","M","$","R","?","R","T","E","?","?","M"],"build_version":"2019-01-23","purchased_purges":1,"victory":false,"max_hp_per_floor":[71,71,71,71,71,71,71,71,71,71,71,71,71,71,71,71,71,71,71,71,71,71,71,71,71,71,71,71,77,77],"card_choices":[{"not_picked":["Hologram","BootSequence"],"picked":"Cold Snap","floor":1},{"not_picked":["Recycle","Barrage"],"picked":"Loop","floor":7},{"not_picked":["Hello World","Stack"],"picked":"Loop","floor":8},{"not_picked":["Ball Lightning","Barrage"],"picked":"Seek","floor":11},{"not_picked":["Beam Cell","Scrape"],"picked":"Cold Snap","floor":13},{"not_picked":["Static Discharge","Steam"],"picked":"Glacier","floor":13},{"not_picked":["Thunder Strike","All For One"],"picked":"Core Surge","floor":16},{"not_picked":["Fusion","Storm"],"picked":"Hologram","floor":18},{"not_picked":["Compile Driver","Recycle"],"picked":"Gash","floor":18},{"not_picked":["Turbo","Compile Driver"],"picked":"Chill","floor":19},{"not_picked":["Lockon","Steam","Beam Cell"],"picked":"SKIP","floor":19},{"not_picked":["Scrape","Doom and Gloom"],"picked":"Ball Lightning","floor":20},{"not_picked":["Scrape","Cold Snap"],"picked":"Static Discharge","floor":20},{"not_picked":["Ball Lightning","Barrage"],"picked":"Leap","floor":21},{"not_picked":["Heatsinks","Genetic Algorithm"],"picked":"Echo Form","floor":21},{"not_picked":["Lockon","Streamline","Loop"],"picked":"SKIP","floor":27},{"not_picked":["Steam","Skim"],"picked":"Glacier","floor":28},{"not_picked":["Conserve Battery","Coolheaded","Force Field"],"picked":"SKIP","floor":28}],"player_experience":1439280,"relics_obtained":[{"floor":4,"key":"Kunai"},{"floor":7,"key":"Symbiotic Virus"},{"floor":9,"key":"Prayer Wheel"},{"floor":11,"key":"Ginger"},{"floor":27,"key":"Darkstone Periapt"}],"event_choices":[{"cards_removed":["Strike_B"],"damage_healed":0,"gold_gain":0,"player_choice":"Offered Basic","damage_taken":0,"max_hp_gain":0,"max_hp_loss":0,"event_name":"Bonfire Elementals","floor":2,"gold_loss":0},{"damage_healed":0,"gold_gain":75,"player_choice":"Gather Gold","damage_taken":11,"max_hp_gain":0,"max_hp_loss":0,"event_name":"World of Goop","floor":5,"gold_loss":0},{"damage_healed":0,"gold_gain":0,"player_choice":"","damage_taken":7,"max_hp_gain":0,"max_hp_loss":0,"event_name":"Knowing Skull","floor":24,"potions_obtained":[],"gold_loss":0,"cards_obtained":[]},{"damage_healed":0,"gold_gain":0,"player_choice":"Smashed Altar","damage_taken":0,"max_hp_gain":0,"max_hp_loss":0,"event_name":"Forgotten Altar","floor":29,"gold_loss":0,"cards_obtained":["Decay"]}],"is_beta":false,"boss_relics":[{"not_picked":["White Beast Statue","Inserter"],"picked":"FrozenCore"}],"items_purged_floors":[3],"is_endless":false,"potions_floor_spawned":[8,11,16,18,20,27],"killed_by":"Shelled Parasite and Fungi","ascension_level":19}