{"gold_per_floor":[111,123,123,142,142,142,159,188,188,188],"floor_reached":10,"playtime":921,"items_purged":[],"score":136,"play_id":"1868ac2c-a61d-4268-8531-9ea2c1b4fd4c","local_time":"20190318182602","is_ascension_mode":true,"campfire_choices":[{"data":"Brutality","floor":6,"key":"SMITH"}],"neow_cost":"NONE","seed_source_timestamp":146711573304614,"circlet_count":0,"master_deck":["AscendersBane","Strike_R","Strike_R","Strike_R","Strike_R","Strike_R","Defend_R","Defend_R","Defend_R","Defend_R","Bash","Rampage","Wild Strike","Brutality+1","Evolve","Perfected Strike"],"relics":["Burning Blood","Vajra","Question Card","Blood Vial"],"potions_floor_usage":[8,8],"damage_taken":[{"damage":7,"enemies":"Small Slimes","floor":1,"turns":3},{"damage":1,"enemies":"Cultist","floor":2,"turns":3},{"damage":7,"enemies":"Jaw Worm","floor":4,"turns":2},{"damage":14,"enemies":"Looter","floor":7,"turns":3},{"damage":35,"enemies":"3 Sentries","floor":8,"turns":6},{"damage":20,"enemies":"Lagavulin","floor":10,"turns":5}],"seed_played":"-8737766292035927158","potions_obtained":[{"floor":1,"key":"Poison Potion"},{"floor":7,"key":"SteroidPotion"}],"is_trial":false,"path_per_floor":["M","M","?","M","?","R","M","E","T","E"],"character_chosen":"IRONCLAD","items_purchased":[],"campfire_rested":0,"item_purchase_floors":[],"current_hp_per_floor":[74,79,53,52,57,57,49,20,20,2],"gold":188,"neow_bonus":"TEN_PERCENT_HP_BONUS","is_prod":false,"is_daily":false,"chose_seed":false,"campfire_upgraded":1,"win_rate":0,"timestamp":1552947962,"path_taken":["M","M","?","M","?","R","M","E","T","E"],"build_version":"2019-01-23","purchased_purges":0,"victory":false,"max_hp_per_floor":[82,82,82,82,87,87,87,87,87,87],"card_choices":[{"not_picked":["Wild Strike","Clash"],"picked":"Rampage","floor":1},{"not_picked":["Thunderclap","Flex"],"picked":"Wild Strike","floor":2},{"not_picked":["Cleave","Heavy Blade"],"picked":"Brutality","floor":4},{"not_picked":["Flex","Havoc"],"picked":"Evolve","floor":7},{"not_picked":["True Grit","Shrug It Off"],"picked":"Perfected Strike","floor":8}],"player_experience":1222314,"relics_obtained":[{"floor":8,"key":"Question Card"},{"floor":9,"key":"Blood Vial"}],"event_choices":[{"damage_healed":0,"gold_gain":0,"player_choice":"Success","damage_taken":26,"relics_obtained":["Vajra"],"max_hp_gain":0,"max_hp_loss":0,"event_name":"Scrap Ooze","floor":3,"gold_loss":0},{"damage_healed":0,"gold_gain":0,"player_choice":"Donut","damage_taken":0,"max_hp_gain":5,"max_hp_loss":0,"event_name":"Big Fish","floor":5,"gold_loss":0}],"is_beta":false,"boss_relics":[],"items_purged_floors":[],"is_endless":false,"potions_floor_spawned":[1,7],"killed_by":"Lagavulin","ascension_level":20}