{"gold_per_floor":[118,138,158,172,172,172,185,185,185,39,49,49,69,69,69,69],"floor_reached":16,"playtime":408,"items_purged":[],"score":165,"play_id":"a96e9c3c-0a63-4dcf-844d-254fdb38c73b","local_time":"20181102112534","is_ascension_mode":true,"campfire_choices":[{"floor":6,"key":"REST"},{"data":"Bash","floor":8,"key":"SMITH"},{"data":"Armaments","floor":12,"key":"SMITH"},{"data":"Barricade","floor":15,"key":"SMITH"}],"neow_cost":"NONE","seed_source_timestamp":1077064065573565,"circlet_count":0,"master_deck":["AscendersBane","Strike_R","Strike_R","Strike_R","Defend_R","Defend_R","Defend_R","Defend_R","Bash+1","Barricade+1","Armaments","Body Slam","Body Slam","Pommel Strike","Cleave","Iron Wave","Armaments+1"],"relics":["Burning Blood","Frozen Egg 2","Oddly Smooth Stone","Golden Idol"],"potions_floor_usage":[4],"damage_taken":[{"damage":17,"enemies":"Small Slimes","floor":1,"turns":5},{"damage":11,"enemies":"Cultist","floor":2,"turns":4},{"damage":7,"enemies":"2 Louse","floor":3,"turns":3},{"damage":65,"enemies":"Exordium Thugs","floor":4,"turns":8},{"damage":14,"enemies":"Exordium Wildlife","floor":7,"turns":6},{"damage":0,"enemies":"Gremlin Gang","floor":11,"turns":4},{"damage":7,"enemies":"Blue Slaver","floor":13,"turns":5},{"damage":26,"enemies":"The Guardian","floor":16,"turns":7}],"seed_played":"5504757518212976330","potions_obtained":[{"floor":2,"key":"Regen Potion"}],"is_trial":false,"path_per_floor":["M","M","M","M","?","R","M","R","T","$","M","R","M","?","R","B"],"character_chosen":"IRONCLAD","items_purchased":["Oddly Smooth Stone"],"campfire_rested":1,"item_purchase_floors":[10],"current_hp_per_floor":[57,52,51,7,7,29,21,21,21,21,27,27,26,26,26,0],"gold":69,"neow_bonus":"TRANSFORM_CARD","is_prod":false,"is_daily":false,"chose_seed":false,"campfire_upgraded":3,"win_rate":0,"timestamp":1541183134,"path_taken":["M","M","M","M","?","R","M","R","T","$","M","R","?","?","R","BOSS"],"build_version":"2018-11-01v2","purchased_purges":0,"victory":false,"max_hp_per_floor":[75,75,75,75,75,75,75,75,75,75,75,75,75,68,68,68],"card_choices":[{"not_picked":["Flex","Twin Strike"],"picked":"Armaments","floor":1},{"not_picked":["Clash","Sever Soul"],"picked":"Body Slam","floor":2},{"not_picked":["Brutality","Dual Wield"],"picked":"Body Slam","floor":3},{"not_picked":["Clash","Spot Weakness"],"picked":"Pommel Strike","floor":4},{"not_picked":["Thunderclap","True Grit"],"picked":"Iron Wave","floor":7},{"not_picked":["Thunderclap","Body Slam"],"picked":"Armaments","floor":11},{"not_picked":["Pommel Strike","Headbutt","Sever Soul"],"picked":"SKIP","floor":13}],"player_experience":953142,"relics_obtained":[{"floor":9,"key":"Frozen Egg 2"}],"event_choices":[{"damage_healed":0,"gold_gain":0,"cards_transformed":["Strike_R"],"player_choice":"Transformed","damage_taken":0,"max_hp_gain":0,"max_hp_loss":0,"event_name":"Transmorgrifier","floor":5,"gold_loss":0,"cards_obtained":["Cleave"]},{"damage_healed":0,"gold_gain":0,"player_choice":"Lose Max HP","damage_taken":0,"relics_obtained":["Golden Idol"],"max_hp_gain":0,"max_hp_loss":7,"event_name":"Golden Idol","floor":14,"gold_loss":0}],"is_beta":true,"boss_relics":[],"items_purged_floors":[],"is_endless":false,"potions_floor_spawned":[2],"killed_by":"The Guardian","ascension_level":15}