{"path_per_floor":["M","?","?","$","M","R","E","M","T","R","M","R","M","?","R","B",null,"M","?","?","M","M","M","R","$","T","M","?"],"character_chosen":"THE_SILENT","items_purchased":["Noxious Fumes","Mummified Hand"],"gold_per_floor":[211,211,211,64,82,82,112,127,127,127,147,147,157,178,178,255,255,274,274,324,343,355,365,365,120,120,136,51,51],"floor_reached":29,"campfire_rested":0,"playtime":1053,"current_hp_per_floor":[59,59,69,69,69,69,47,47,47,47,47,47,47,47,47,14,61,45,70,70,55,30,26,26,26,26,17,17,0],"items_purged":["Regret"],"gold":51,"score":383,"play_id":"8ab6682b-5f0e-4dc1-a4c5-abf84be7d431","local_time":"20180407103657","is_prod":false,"is_daily":false,"is_ascension_mode":true,"campfire_upgraded":5,"timestamp":1523111817,"path_taken":["M","?","?","$","M","R","E","M","T","R","M","R","M","?","R","BOSS","M","?","?","M","M","M","R","?","T","?","?","?"],"build_version":"2018-04-05v2","purchased_purges":2,"victory":false,"master_deck":["Defend_G","Defend_G","Defend_G","Defend_G","Defend_G","Strike_G","Strike_G","Strike_G","Strike_G","Strike_G","Survivor","Neutralize+1","AscendersBane","Dash+1","Noxious Fumes+1","Footwork+1","All Out Attack","Dagger Spray+1","Poisoned Stab","Envenom+1","Poisoned Stab","Noxious Fumes","Eviscerate+1","Doubt"],"max_hp_per_floor":[66,66,76,76,76,76,76,76,76,76,76,76,76,76,76,76,76,76,76,76,76,76,76,76,76,76,76,76,76],"relics":["Ring of the Snake","Pear","Dead Branch","Du-Vu Doll","Odd Mushroom","Cursed Key","Mummified Hand","Bird Faced Urn","Dream Catcher"],"card_choices":[{"not_picked":["Prepared","Dodge and Roll"],"picked":"Dash","floor":1},{"not_picked":["Underhanded Strike","Eviscerate"],"picked":"Footwork","floor":5},{"not_picked":["Accuracy","Endless Agony"],"picked":"All Out Attack","floor":7},{"not_picked":["Underhanded Strike","Choke"],"picked":"Dagger Spray","floor":8},{"not_picked":["Dagger Throw","Backflip"],"picked":"Poisoned Stab","floor":11},{"not_picked":["Doppelganger","Unload"],"picked":"Envenom","floor":16},{"not_picked":["Backflip","Deflect"],"picked":"Poisoned Stab","floor":18},{"not_picked":["Sucker Punch","Flying Knee"],"picked":"Noxious Fumes","floor":21},{"not_picked":["Burst","Well Laid Plans"],"picked":"Eviscerate","floor":23}],"player_experience":711200,"potions_floor_usage":[7,11,14,16,21,22],"damage_taken":[{"damage":0,"enemies":"2 Louse","floor":1,"turns":4},{"damage":0,"enemies":"Cultist","floor":5,"turns":3},{"damage":32,"enemies":"Gremlin Nob","floor":7,"turns":6},{"damage":0,"enemies":"Small Slimes","floor":8,"turns":4},{"damage":0,"enemies":"Exordium Wildlife","floor":11,"turns":3},{"damage":0,"enemies":"Large Slime","floor":13,"turns":5},{"damage":0,"enemies":"The Mushroom Lair","floor":14,"turns":2},{"damage":33,"enemies":"Slime Boss","floor":16,"turns":10},{"damage":16,"enemies":"Spheric Guardian","floor":18,"turns":5},{"damage":15,"enemies":"2 Thieves","floor":21,"turns":4},{"damage":25,"enemies":"Snake Plant","floor":22,"turns":5},{"damage":4,"enemies":"Cultist and Chosen","floor":23,"turns":5},{"damage":17,"enemies":"Centurion and Healer","floor":27,"turns":4},{"damage":26,"enemies":"Snake Plant","floor":29,"turns":2}],"event_choices":[{"event_name":"Accursed Blacksmith","player_choice":"Forge","floor":2,"damage_taken":0},{"event_name":"Big Fish","player_choice":"Box","floor":3,"damage_taken":0},{"event_name":"Mushrooms","player_choice":"Fought Mushrooms","floor":14,"damage_taken":0},{"event_name":"The Library","player_choice":"Heal","floor":19,"damage_taken":0},{"event_name":"The Joust","player_choice":"Bet on Murderer","floor":20,"damage_taken":0},{"event_name":"Addict","player_choice":"Obtained Relic","floor":28,"damage_taken":0}],"boss_relics":[{"not_picked":["Runic Dome","Eternal Feather"],"picked":"Cursed Key"}],"potions_floor_spawned":[5,8,11,13,16,21],"seed_played":"-5562516933367090905","killed_by":"Snake Plant","ascension_level":14,"is_trial":false}