{"path_per_floor":["M","M","$","?","?","R","E","M","T","$","?","M","?","M","R","B",null,"M","?","$","M","M"],"character_chosen":"IRONCLAD","items_purchased":["Bandage Up","Juzu Bracelet"],"gold_per_floor":[117,129,35,35,110,110,135,146,146,71,98,115,80,93,93,195,195,211,211,56,68,83],"floor_reached":23,"campfire_rested":0,"playtime":1531,"current_hp_per_floor":[78,66,66,66,55,55,29,35,35,35,20,23,43,53,53,39,80,55,40,40,44,40],"items_purged":["Regret"],"gold":83,"score":191,"play_id":"b1207567-9883-4547-a6df-907d0f35230e","is_prod":false,"is_daily":false,"is_ascension_mode":false,"campfire_upgraded":1,"path_taken":["M","M","?","?","?","R","E","M","T","$","?","?","?","M","R","BOSS","M","?","$","M","M","E"],"build_version":"2018-02-08-PROD1","purchased_purges":2,"victory":false,"master_deck":["Strike_R","Strike_R","Strike_R","Strike_R","Strike_R","Defend_R","Defend_R","Defend_R","Defend_R","Bash+1","Combust","Twin Strike","Bandage Up","Thunderclap","Disarm","Perfected Strike","Perfected Strike","Dark Embrace","Perfected Strike+1","Headbutt+1","Sever Soul"],"max_hp_per_floor":[80,80,80,80,80,80,80,80,80,80,80,80,80,80,80,80,80,80,85,85,85,85],"relics":["Burning Blood","Happy Flower","Girya","Dead Branch","Odd Mushroom","Black Star","Juzu Bracelet"],"card_choices":[{"not_picked":["Blood for Blood","Pummel"],"picked":"Combust"},{"not_picked":["Sword Boomerang","Heavy Blade"],"picked":"Twin Strike"},{"not_picked":["Seeing Red","True Grit"],"picked":"Thunderclap"},{"not_picked":["Pommel Strike","Rage"],"picked":"Disarm"},{"not_picked":["Wild Strike","Flame Barrier"],"picked":"Perfected Strike"},{"not_picked":["Sword Boomerang","Seeing Red"],"picked":"Perfected Strike"},{"not_picked":["Barricade","Brutality"],"picked":"Dark Embrace"},{"not_picked":["Shrug It Off","Rampage"],"picked":"Perfected Strike"},{"not_picked":["Flex","Clash"],"picked":"Headbutt"},{"not_picked":["Clash","Heavy Blade"],"picked":"Sever Soul"}],"player_experience":151300,"potions_floor_usage":[7,8,12,23],"damage_taken":[{"damage":8,"enemies":"Blue Slaver","floor":1,"turns":6},{"damage":18,"enemies":"Jaw Worm","floor":2,"turns":5},{"damage":36,"enemies":"Lagavulin","floor":7,"turns":6},{"damage":0,"enemies":"2 Louse","floor":8,"turns":2},{"damage":25,"enemies":"The Mushroom Lair","floor":11,"turns":4},{"damage":7,"enemies":"Exordium Wildlife","floor":12,"turns":2},{"damage":0,"enemies":"2 Fungi Beasts","floor":14,"turns":3},{"damage":24,"enemies":"Slime Boss","floor":16,"turns":8},{"damage":31,"enemies":"Spheric Guardian","floor":18,"turns":4},{"damage":6,"enemies":"Shell Parasite","floor":21,"turns":5},{"damage":14,"enemies":"Snecko","floor":22,"turns":4},{"damage":50,"enemies":"Slavers","floor":23,"turns":4}],"event_choices":[{"event_name":"Big Fish","player_choice":"Box","floor":4,"damage_taken":0},{"event_name":"World of Goop","player_choice":"Gather Gold","floor":5,"damage_taken":0},{"event_name":"Mushrooms","player_choice":"Fought Mushrooms","floor":11,"damage_taken":0},{"event_name":"The Cleric","player_choice":"Healed","floor":13,"damage_taken":0},{"event_name":"Forgotten Altar","player_choice":"Shed Blood","floor":19,"damage_taken":0}],"boss_relics":[{"not_picked":["Eternal Feather","Tiny House"],"picked":"Black Star"}],"potions_floor_spawned":[1,2,8,18],"seed_played":"-1085188928413511963","killed_by":"Slavers","ascension_level":0,"is_trial":false}