{"path_per_floor":["M","M","M","?","M","E","M","M","T","R","?","$","M","M","R","B",null,"M","$","?","?","$","R","E","M","T","M","R","?","M","?","R"],"character_chosen":"THE_SILENT","items_purchased":["Ancient Tea Set","FairyPotion","AttackPotion"],"gold_per_floor":[11,25,42,7,27,55,71,81,107,107,257,36,53,67,67,144,144,159,159,159,159,14,14,46,57,111,125,125,0,13,163,163,163],"floor_reached":33,"campfire_rested":1,"playtime":2511,"item_purchase_floors":[12,22,22],"current_hp_per_floor":[59,59,59,66,66,72,72,56,56,56,56,56,55,55,55,45,70,68,68,68,68,68,68,52,44,44,29,29,29,23,23,48,0],"items_purged":["Doubt"],"gold":163,"score":471,"play_id":"b1868910-3680-46f0-84f9-42ffdc2340c4","local_time":"20180609142224","is_prod":false,"is_daily":false,"chose_seed":false,"is_ascension_mode":true,"campfire_upgraded":4,"win_rate":0,"timestamp":1528568544,"campfire_choices":[{"data":"Prepared","floor":10,"key":"SMITH"},{"data":"Bouncing Flask","floor":15,"key":"SMITH"},{"data":"Glass Knife","floor":23,"key":"SMITH"},{"data":"Crippling Poison","floor":28,"key":"SMITH"},{"floor":32,"key":"REST"}],"path_taken":["M","M","M","?","?","E","M","M","T","R","?","?","?","M","R","BOSS","M","$","?","?","?","R","E","M","T","?","R","?","M","?","R","BOSS"],"build_version":"2018-06-07v3","seed_source_timestamp":277300975879617,"purchased_purges":1,"victory":false,"master_deck":["Defend_G","Defend_G","Defend_G","Defend_G","Strike_G","Strike_G","Strike_G","Strike_G","Strike_G","Survivor","Neutralize","AscendersBane","Bouncing Flask+1","Masterful Stab","Sucker Punch","Slice","Dodge and Roll","Prepared+1","Crippling Poison+1","Glass Knife+1","Footwork","Finisher","Neutralize","Dagger Spray"],"max_hp_per_floor":[66,66,66,66,66,76,76,76,76,76,76,76,78,78,78,78,78,78,78,78,78,78,78,80,80,80,82,82,82,84,84,84,84],"relics":["Ring of the Snake","Thread and Needle","Pear","Singing Bowl","Ancient Tea Set","Runic Dome","Bottled Flame","Pen Nib"],"card_choices":[{"not_picked":["Dagger Throw","Calculated Gamble"],"picked":"Bouncing Flask","floor":1},{"not_picked":["Heel Hook","Deadly Poison"],"picked":"Masterful Stab","floor":2},{"not_picked":["Deadly Poison","Quick Slash"],"picked":"Sucker Punch","floor":3},{"not_picked":["Setup","PiercingWail"],"picked":"Slice","floor":5},{"not_picked":["Deadly Poison","Distraction"],"picked":"Dodge and Roll","floor":6},{"not_picked":["Setup","Caltrops"],"picked":"Prepared","floor":7},{"not_picked":["Concentrate","PiercingWail","Slice"],"picked":"SKIP","floor":8},{"not_picked":["Well Laid Plans","A Thousand Cuts","Dagger Throw"],"picked":"Singing Bowl","floor":13},{"not_picked":["Cloak And Dagger","Endless Agony"],"picked":"Crippling Poison","floor":14},{"not_picked":["Doppelganger","Corpse Explosion"],"picked":"Glass Knife","floor":16},{"not_picked":["Deflect","Crippling Poison"],"picked":"Footwork","floor":18},{"not_picked":["Infinite Blades","Outmaneuver+1","Deflect"],"picked":"Singing Bowl","floor":24},{"not_picked":["Poisoned Stab","Quick Slash"],"picked":"Dagger Spray","floor":25},{"not_picked":["Dagger Spray","Flechettes+1","Bouncing Flask"],"picked":"Singing Bowl","floor":27},{"not_picked":["Dagger Spray","Acrobatics+1","Blade Dance"],"picked":"Singing Bowl","floor":30}],"player_experience":920522,"potions_floor_usage":[6,7,14,24,33],"damage_taken":[{"damage":0,"enemies":"Jaw Worm","floor":1,"turns":4},{"damage":0,"enemies":"2 Louse","floor":2,"turns":3},{"damage":0,"enemies":"Cultist","floor":3,"turns":2},{"damage":0,"enemies":"Looter","floor":5,"turns":4},{"damage":4,"enemies":"3 Sentries","floor":6,"turns":11},{"damage":0,"enemies":"3 Louse","floor":7,"turns":3},{"damage":16,"enemies":"Lots of Slimes","floor":8,"turns":5},{"damage":3,"enemies":"Exordium Wildlife","floor":13,"turns":6},{"damage":0,"enemies":"3 Louse","floor":14,"turns":5},{"damage":10,"enemies":"The Guardian","floor":16,"turns":9},{"damage":2,"enemies":"Shell Parasite","floor":18,"turns":5},{"damage":18,"enemies":"Book of Stabbing","floor":24,"turns":7},{"damage":8,"enemies":"Spheric Guardian","floor":25,"turns":4},{"damage":17,"enemies":"Snake Plant","floor":27,"turns":5},{"damage":8,"enemies":"Centurion and Healer","floor":30,"turns":5},{"damage":90,"enemies":"Collector","floor":33,"turns":8}],"relics_obtained":[{"floor":6,"key":"Pear"},{"floor":9,"key":"Singing Bowl"},{"floor":24,"key":"Bottled Flame"},{"floor":26,"key":"Pen Nib"}],"event_choices":[{"event_name":"The Cleric","player_choice":"Healed","floor":4,"damage_taken":0},{"event_name":"Liars Game","player_choice":"agreed","floor":11,"damage_taken":0},{"event_name":"Transmorgrifier","player_choice":"Transform","floor":20,"damage_taken":0},{"event_name":"Match and Keep!","player_choice":"1 cards matched","floor":21,"damage_taken":0},{"event_name":"Masked Bandits","player_choice":"Paid Bandits 125 gold","floor":29,"damage_taken":0},{"event_name":"Nest","player_choice":"Stole From Cult","floor":31,"damage_taken":0}],"boss_relics":[{"not_picked":["Calling Bell","Philosopher\u0027s Stone"],"picked":"Runic Dome"}],"items_purged_floors":[12],"potions_floor_spawned":[2,6,8,24,25,30],"seed_played":"-8055144729549996818","killed_by":"Collector","ascension_level":15,"potions_obtained":[{"floor":2,"key":"Strength Potion"},{"floor":6,"key":"SteroidPotion"},{"floor":8,"key":"SkillPotion"},{"floor":24,"key":"Block Potion"},{"floor":30,"key":"EssenceOfSteel"}],"is_trial":false}