{"gold_per_floor":[109,128,53,65,83,110,110,135,135,135,135],"floor_reached":11,"playtime":758,"items_purged":["Strike_G"],"score":166,"play_id":"2b321072-65fc-48e3-82ac-da66580cf482","local_time":"20190503001537","is_ascension_mode":true,"campfire_choices":[{"data":"Dagger Spray","floor":7.0,"key":"SMITH"},{"data":"Dagger Spray","floor":10.0,"key":"SMITH"}],"neow_cost":"NONE","seed_source_timestamp":886264610750897,"circlet_count":0,"master_deck":["AscendersBane","Defend_G","Defend_G","Defend_G","Defend_G","Defend_G","Strike_G","Strike_G","Strike_G","Strike_G","Survivor","Neutralize","Dash","Dagger Spray+1","Flying Knee","Dagger Spray+1","Well Laid Plans"],"special_seed":0,"relics":["Ring of the Snake","Nunchaku","Orichalcum"],"potions_floor_usage":[11],"damage_taken":[{"damage":1.0,"enemies":"Small Slimes","floor":1.0,"turns":4.0},{"damage":0.0,"enemies":"2 Louse","floor":2.0,"turns":4.0},{"damage":0.0,"enemies":"Jaw Worm","floor":4.0,"turns":7.0},{"damage":10.0,"enemies":"Large Slime","floor":5.0,"turns":11.0},{"damage":24.0,"enemies":"Lagavulin","floor":6.0,"turns":7.0},{"damage":11.0,"enemies":"Gremlin Nob","floor":8.0,"turns":4.0},{"damage":20,"enemies":"Lagavulin","floor":11,"turns":8}],"seed_played":"-205571905785675844","potions_obtained":[{"floor":1.0,"key":"Strength Potion"},{"floor":4.0,"key":"AttackPotion"},{"floor":6.0,"key":"GhostInAJar"}],"is_trial":false,"path_per_floor":["M","M","$","M","M","E","R","E","T","R","E"],"character_chosen":"THE_SILENT","items_purchased":[],"campfire_rested":0,"item_purchase_floors":[],"current_hp_per_floor":[64,64,64,64,54,30,30,19,19,19,0],"gold":135,"neow_bonus":"TEN_PERCENT_HP_BONUS","is_prod":false,"is_daily":false,"chose_seed":false,"campfire_upgraded":2,"win_rate":0,"timestamp":1556856937,"path_taken":["M","M","$","M","M","E","R","E","T","R","E"],"build_version":"2019-01-23","purchased_purges":1,"victory":false,"max_hp_per_floor":[72,72,72,72,72,72,72,72,72,72,72],"card_choices":[{"not_picked":["Backflip","Infinite Blades"],"picked":"Dash","floor":1.0},{"not_picked":["Riddle With Holes","Eviscerate"],"picked":"Dagger Spray","floor":2.0},{"not_picked":["Backflip","Flechettes"],"picked":"Flying Knee","floor":4.0},{"not_picked":["Well Laid Plans","Leg Sweep"],"picked":"Dagger Spray","floor":5.0},{"not_picked":["Outmaneuver","Dagger Throw"],"picked":"Well Laid Plans","floor":6.0},{"not_picked":["Dagger Throw","Dodge and Roll","Slice"],"picked":"SKIP","floor":8.0}],"player_experience":2279022,"relics_obtained":[{"floor":6.0,"key":"Nunchaku"},{"floor":8.0,"key":"Orichalcum"}],"event_choices":[],"is_beta":false,"boss_relics":[],"items_purged_floors":[3],"is_endless":false,"potions_floor_spawned":[1,4,6],"killed_by":"Lagavulin","ascension_level":20}