{"gold_per_floor":[13,13,31,42,42,76,76,105,105,105,105,135,12,41,41,139,139,151,166,185,284,303,303,364,364,364,379,413,413,441,441],"floor_reached":31,"playtime":1613,"items_purged":[],"score":476,"play_id":"8149ec85-7a84-44e0-97a4-a64695c35cfd","local_time":"20190316012326","is_ascension_mode":true,"campfire_choices":[{"data":"Consume","floor":7,"key":"SMITH"},{"data":"Zap","floor":11,"key":"SMITH"},{"floor":15,"key":"REST"},{"data":"Loop","floor":23,"key":"SMITH"},{"floor":25,"key":"REST"}],"neow_cost":"NO_GOLD","seed_source_timestamp":222933407978340,"circlet_count":0,"master_deck":["Strike_B","Strike_B","Strike_B+1","Strike_B","Defend_B","Defend_B","Defend_B","Defend_B","Zap+1","Dualcast","Cold Snap","Hologram","Static Discharge","Consume+1","Ball Lightning+1","Loop+1","Cold Snap","Glacier","Rainbow","Darkness+1","Ball Lightning+1"],"relics":["Cracked Core","Dodecahedron","Potion Belt","Boot","Singing Bowl","Odd Mushroom","Matryoshka","Black Star","Tiny Chest","Nunchaku","Bronze Scales","Kunai","DataDisk","Vajra","Oddly Smooth Stone","Bag of Marbles"],"potions_floor_usage":[8,14,20,20,22,24,30,31],"damage_taken":[{"damage":0,"enemies":"Small Slimes","floor":1,"turns":2},{"damage":2,"enemies":"Jaw Worm","floor":3,"turns":3},{"damage":0,"enemies":"2 Louse","floor":4,"turns":3},{"damage":38,"enemies":"Gremlin Nob","floor":6,"turns":5},{"damage":5,"enemies":"Lagavulin","floor":8,"turns":6},{"damage":19,"enemies":"The Mushroom Lair","floor":12,"turns":3},{"damage":19,"enemies":"3 Sentries","floor":14,"turns":5},{"damage":4,"enemies":"The Guardian","floor":16,"turns":10},{"damage":4,"enemies":"Chosen","floor":18,"turns":6},{"damage":11,"enemies":"Shell Parasite","floor":19,"turns":5},{"damage":13,"enemies":"Snake Plant","floor":20,"turns":5},{"damage":7,"enemies":"Cultist and Chosen","floor":22,"turns":7},{"damage":35,"enemies":"Book of Stabbing","floor":24,"turns":7},{"damage":6,"enemies":"Snecko","floor":27,"turns":4},{"damage":47,"enemies":"Slavers","floor":28,"turns":4},{"damage":21,"enemies":"Book of Stabbing","floor":30,"turns":5},{"damage":5,"enemies":"Centurion and Healer","floor":31,"turns":3}],"seed_played":"-620227100101480875","potions_obtained":[{"floor":6,"key":"Regen Potion"},{"floor":12,"key":"Regen Potion"},{"floor":14,"key":"Ancient Potion"},{"floor":16,"key":"Regen Potion"},{"floor":19,"key":"EssenceOfSteel"},{"floor":22,"key":"Block Potion"},{"floor":24,"key":"Dexterity Potion"},{"floor":27,"key":"FairyPotion"},{"floor":30,"key":"SneckoOil"}],"is_trial":false,"path_per_floor":["M","?","M","M","T","E","R","E","T","?","R","?","$","E","R","B",null,"M","M","M","?","M","R","E","R","T","M","E","?","E","M"],"character_chosen":"DEFECT","items_purchased":["Loop","Cold Snap"],"campfire_rested":2,"item_purchase_floors":[13,13],"current_hp_per_floor":[82,82,80,80,80,42,42,52,52,34,34,17,17,12,39,35,77,73,64,53,53,63,63,30,59,59,55,8,8,5,0],"gold":441,"neow_bonus":"TWENTY_PERCENT_HP_BONUS","is_prod":false,"is_daily":false,"chose_seed":false,"campfire_upgraded":3,"win_rate":0,"timestamp":1552713806,"path_taken":["M","?","M","M","?","E","R","E","T","?","R","?","?","E","R","BOSS","M","M","M","?","M","R","E","R","T","M","E","?","E","M"],"build_version":"2019-01-23","purchased_purges":0,"victory":false,"max_hp_per_floor":[89,89,89,89,89,89,89,89,89,89,89,91,91,91,91,91,91,91,93,95,95,97,97,99,99,99,101,101,101,103,103],"card_choices":[{"not_picked":["Conserve Battery","Barrage"],"picked":"Cold Snap","floor":1},{"not_picked":["Rebound","FTL"],"picked":"Hologram","floor":3},{"not_picked":["White Noise","Reinforced Body"],"picked":"Static Discharge","floor":4},{"not_picked":["Gash","Chill"],"picked":"Consume","floor":6},{"not_picked":["Stack","Darkness"],"picked":"Ball Lightning","floor":8},{"not_picked":["Blizzard","Turbo","Skim"],"picked":"Singing Bowl","floor":12},{"not_picked":["Double Energy","Cold Snap"],"picked":"Glacier","floor":14},{"not_picked":["Reboot","Buffer"],"picked":"Rainbow","floor":16},{"not_picked":["Redo","Compile Driver"],"picked":"Darkness+1","floor":18},{"not_picked":["Reinforced Body","Reprogram+1","Conserve Battery"],"picked":"Singing Bowl","floor":19},{"not_picked":["White Noise","Double Energy+1","Conserve Battery"],"picked":"Singing Bowl","floor":20},{"not_picked":["Leap","Steam","Heatsinks"],"picked":"Singing Bowl","floor":22},{"not_picked":["Beam Cell+1","Tempest+1","Sunder"],"picked":"Singing Bowl","floor":24},{"not_picked":["Sweeping Beam","BootSequence","Scrape"],"picked":"Singing Bowl","floor":27},{"not_picked":["Aggregate","Leap"],"picked":"Ball Lightning+1","floor":28},{"not_picked":["Steam","Buffer","All For One"],"picked":"Singing Bowl","floor":30}],"player_experience":1148130,"relics_obtained":[{"floor":5,"key":"Dodecahedron"},{"floor":6,"key":"Potion Belt"},{"floor":8,"key":"Boot"},{"floor":9,"key":"Singing Bowl"},{"floor":12,"key":"Odd Mushroom"},{"floor":14,"key":"Matryoshka"},{"floor":24,"key":"Tiny Chest"},{"floor":24,"key":"Nunchaku"},{"floor":26,"key":"Bronze Scales"},{"floor":26,"key":"Kunai"},{"floor":28,"key":"DataDisk"},{"floor":28,"key":"Vajra"},{"floor":30,"key":"Oddly Smooth Stone"},{"floor":30,"key":"Bag of Marbles"}],"event_choices":[{"damage_healed":0,"gold_gain":0,"player_choice":"Leave","damage_taken":0,"max_hp_gain":0,"max_hp_loss":0,"event_name":"The Cleric","floor":2,"gold_loss":0},{"damage_healed":0,"gold_gain":0,"player_choice":"Entered Light","damage_taken":18,"max_hp_gain":0,"max_hp_loss":0,"event_name":"Shining Light","floor":10,"gold_loss":0,"cards_upgraded":["Ball Lightning","Strike_B"]},{"damage_healed":0,"gold_gain":0,"player_choice":"Fought Mushrooms","damage_taken":0,"max_hp_gain":0,"max_hp_loss":0,"event_name":"Mushrooms","floor":12,"gold_loss":0},{"damage_healed":0,"gold_gain":99,"player_choice":"Stole From Cult","damage_taken":0,"max_hp_gain":0,"max_hp_loss":0,"event_name":"Nest","floor":21,"gold_loss":0},{"damage_healed":0,"gold_gain":0,"player_choice":"Ignored","damage_taken":0,"max_hp_gain":0,"max_hp_loss":0,"event_name":"Cursed Tome","floor":29,"gold_loss":0}],"is_beta":false,"boss_relics":[{"not_picked":["Velvet Choker","Coffee Dripper"],"picked":"Black Star"}],"items_purged_floors":[],"is_endless":false,"potions_floor_spawned":[6,12,14,16,19,22,24,27,30],"killed_by":"Centurion and Healer","ascension_level":9}