{"gold_per_floor":[115,125,125,140,13,343,356,356,435,449,449,449,464,482,482,555,555,573,573,45,45,45,45,45],"floor_reached":24,"playtime":1179,"items_purged":[],"score":368,"play_id":"6ca92513-63ca-4c34-ac33-2bc31aea3a20","local_time":"20180803145115","is_ascension_mode":true,"campfire_choices":[{"data":"Bash","floor":12,"key":"SMITH"},{"data":"True Grit","floor":15,"key":"SMITH"},{"data":"Feel No Pain","floor":23,"key":"SMITH"}],"neow_cost":"NONE","seed_source_timestamp":106521305683468,"circlet_count":0,"master_deck":["Strike_R","Strike_R","Strike_R","Strike_R","Defend_R","Defend_R","Defend_R","Defend_R","Bash+1","AscendersBane","True Grit+1","Anger","Warcry","Corruption","True Grit","Pommel Strike","Clothesline","Metallicize","Warcry","Immolate","Feel No Pain+1","Feel No Pain","Ghostly+1","Ghostly+1","Ghostly+1","Ghostly+1","Ghostly+1"],"relics":["Burning Blood","NeowsBlessing","Old Coin","Letter Opener","Velvet Choker","DollysMirror","Toxic Egg 2"],"potions_floor_usage":[10,16,16,24],"damage_taken":[{"damage":0,"enemies":"Cultist","floor":1,"turns":1},{"damage":0,"enemies":"2 Louse","floor":2,"turns":1},{"damage":0,"enemies":"Jaw Worm","floor":4,"turns":1},{"damage":38,"enemies":"Lagavulin","floor":6,"turns":8},{"damage":9,"enemies":"3 Louse","floor":7,"turns":6},{"damage":14,"enemies":"Exordium Wildlife","floor":10,"turns":4},{"damage":6,"enemies":"Blue Slaver","floor":13,"turns":4},{"damage":31,"enemies":"Gremlin Gang","floor":14,"turns":7},{"damage":31,"enemies":"Slime Boss","floor":16,"turns":16},{"damage":27,"enemies":"Shell Parasite","floor":18,"turns":9},{"damage":38,"enemies":"3 Byrds","floor":24,"turns":4}],"seed_played":"5636859229955711474","potions_obtained":[{"floor":1,"key":"EssenceOfSteel"},{"floor":2,"key":"Fire Potion"},{"floor":10,"key":"Weak Potion"},{"floor":14,"key":"PowerPotion"},{"floor":18,"key":"Weak Potion"}],"is_trial":false,"path_per_floor":["M","M","?","M","$","E","M","?","T","M","?","R","M","M","R","B",null,"M","?","$","?","?","R"],"character_chosen":"IRONCLAD","items_purchased":["Corruption","True Grit","Feel No Pain","DollysMirror","Toxic Egg 2"],"campfire_rested":0,"item_purchase_floors":[5,5,20,20,20],"current_hp_per_floor":[74,75,75,75,75,43,40,40,40,32,57,57,57,32,32,7,58,37,37,37,37,37,37,0],"gold":45,"neow_bonus":"THREE_ENEMY_KILL","is_prod":false,"is_daily":false,"chose_seed":false,"campfire_upgraded":3,"win_rate":0,"timestamp":1533333075,"path_taken":["M","?","?","M","$","E","M","?","T","M","?","R","?","M","R","BOSS","M","?","$","?","?","R","M"],"build_version":"2018-08-01","purchased_purges":0,"victory":false,"max_hp_per_floor":[75,75,75,75,75,75,75,75,75,75,75,75,75,75,75,75,75,75,75,75,37,37,37,37],"card_choices":[{"not_picked":["Dropkick","Perfected Strike"],"picked":"True Grit","floor":1},{"not_picked":["Perfected Strike","Pummel"],"picked":"Anger","floor":2},{"not_picked":["Burning Pact","Reckless Charge"],"picked":"Warcry","floor":4},{"not_picked":["Clash","Blood for Blood"],"picked":"Pommel Strike","floor":6},{"not_picked":["Flex","Evolve"],"picked":"Clothesline","floor":7},{"not_picked":["Rage","Cleave"],"picked":"Metallicize","floor":10},{"not_picked":["Dark Embrace","Flex","Carnage"],"picked":"SKIP","floor":13},{"not_picked":["Anger","Perfected Strike"],"picked":"Warcry","floor":14},{"not_picked":["Double Tap","Bludgeon"],"picked":"Immolate","floor":16},{"not_picked":["Clash","Flex","Blood for Blood"],"picked":"SKIP","floor":18}],"player_experience":835312,"relics_obtained":[{"floor":6,"key":"Old Coin"},{"floor":9,"key":"Letter Opener"}],"event_choices":[{"event_name":"Shining Light","player_choice":"Ignored","floor":3,"damage_taken":0},{"event_name":"Living Wall","player_choice":"Forget","floor":8,"damage_taken":0},{"event_name":"Big Fish","player_choice":"Banana","floor":11,"damage_taken":0},{"event_name":"Drug Dealer","player_choice":"Ignored","floor":19,"damage_taken":0},{"event_name":"Ghosts","player_choice":"Became a Ghost","floor":21,"damage_taken":0},{"event_name":"Beggar","player_choice":"Ignored","floor":22,"damage_taken":0}],"is_beta":true,"boss_relics":[{"not_picked":["Philosopher\u0027s Stone","Black Star"],"picked":"Velvet Choker"}],"items_purged_floors":[],"is_endless":false,"potions_floor_spawned":[1,2,10,13,14,18],"killed_by":"3 Byrds","ascension_level":15}