{"gold_per_floor":[117,117,128,53,67,67,10,41,41,41,6,40,40,50,50,122,122,75,87,107,27,27,27,27,27,53,53,53],"floor_reached":28,"playtime":1461,"items_purged":["Normality"],"score":648,"play_id":"77ef0568-b4aa-4952-8125-a79c777e63ba","local_time":"20190406202720","is_ascension_mode":true,"campfire_choices":[{"data":"Neutralize","floor":6,"key":"SMITH"},{"data":"Leg Sweep","floor":10,"key":"SMITH"},{"data":"Cloak And Dagger","floor":15,"key":"SMITH"},{"data":"Noxious Fumes","floor":23,"key":"SMITH"},{"data":"Doppelganger","floor":25,"key":"SMITH"},{"data":"Predator","floor":27,"key":"SMITH"}],"neow_cost":"CURSE","seed_source_timestamp":0,"circlet_count":0,"master_deck":["AscendersBane","Defend_G","Defend_G","Defend_G","Defend_G","Defend_G","Strike_G","Strike_G","Strike_G","Strike_G","Strike_G","Survivor","Neutralize+1","Dash","Leg Sweep+1","Dodge and Roll","Cloak And Dagger+1","Escape Plan","Doppelganger+1","Well Laid Plans+1","Predator+1","Noxious Fumes+1"],"special_seed":0,"relics":["Ring of the Snake","Du-Vu Doll","Thread and Needle","Lantern","Pocketwatch","Pantograph","NlothsMask","Sozu"],"potions_floor_usage":[8,16,28,28],"damage_taken":[{"damage":2,"enemies":"Small Slimes","floor":1,"turns":4},{"damage":0,"enemies":"Cultist","floor":3,"turns":6},{"damage":0,"enemies":"2 Louse","floor":5,"turns":2},{"damage":15,"enemies":"Lagavulin","floor":8,"turns":7},{"damage":15,"enemies":"Gremlin Nob","floor":12,"turns":5},{"damage":0,"enemies":"Looter","floor":14,"turns":2},{"damage":63,"enemies":"Slime Boss","floor":16,"turns":23},{"damage":0,"enemies":"2 Thieves","floor":18,"turns":5},{"damage":0,"enemies":"Chosen","floor":19,"turns":7},{"damage":1,"enemies":"Snecko","floor":20,"turns":8},{"damage":67,"enemies":"Slavers","floor":28,"turns":6}],"seed_played":"-6451788557717103765","potions_obtained":[{"floor":5,"key":"GhostInAJar"},{"floor":12,"key":"SteroidPotion"},{"floor":16,"key":"FearPotion"}],"is_trial":false,"path_per_floor":["M","?","M","$","M","R","$","E","T","R","?","E","?","M","R","B",null,"M","M","M","$","?","R","$","R","T","R","E"],"character_chosen":"THE_SILENT","items_purchased":["AttackPotion","Noxious Fumes"],"campfire_rested":0,"item_purchase_floors":[7,21],"current_hp_per_floor":[57,57,57,57,57,57,57,42,42,42,58,43,43,43,43,3,50,50,50,49,49,62,62,62,62,62,62,0],"gold":53,"neow_bonus":"ONE_RARE_RELIC","is_prod":false,"is_daily":false,"chose_seed":false,"campfire_upgraded":6,"win_rate":0,"timestamp":1554596840,"path_taken":["M","?","?","$","M","R","?","E","T","R","?","E","?","M","R","BOSS","M","M","?","?","?","R","$","R","T","R","E"],"build_version":"2019-01-23","purchased_purges":1,"victory":false,"max_hp_per_floor":[66,66,66,66,66,66,66,66,66,66,66,66,66,66,66,66,66,66,66,66,66,66,66,66,66,66,66,66],"card_choices":[{"not_picked":["Deflect","Sucker Punch"],"picked":"PiercingWail","floor":1},{"not_picked":["Slice","Dodge and Roll"],"picked":"Dash","floor":3},{"not_picked":["Endless Agony","Slice"],"picked":"Leg Sweep","floor":5},{"not_picked":["Flying Knee","Slice"],"picked":"Dodge and Roll","floor":8},{"not_picked":["Prepared","Reflex"],"picked":"Cloak And Dagger","floor":12},{"not_picked":["Concentrate","Bane"],"picked":"Escape Plan","floor":14},{"not_picked":["Unload","Bullet Time"],"picked":"Doppelganger","floor":16},{"not_picked":["Blur","Deadly Poison"],"picked":"Well Laid Plans+1","floor":18},{"not_picked":["Underhanded Strike","Prepared","Reflex"],"picked":"SKIP","floor":19},{"not_picked":["Poisoned Stab","Sucker Punch"],"picked":"Predator","floor":20}],"player_experience":1658696,"relics_obtained":[{"floor":8,"key":"Lantern"},{"floor":9,"key":"Pocketwatch"},{"floor":12,"key":"Pantograph"}],"event_choices":[{"cards_removed":["PiercingWail"],"damage_healed":0,"gold_gain":0,"player_choice":"Gave Card","damage_taken":0,"relics_obtained":["Thread and Needle"],"max_hp_gain":0,"max_hp_loss":0,"event_name":"WeMeetAgain","floor":2,"gold_loss":0},{"damage_healed":16,"gold_gain":0,"player_choice":"Healed","damage_taken":0,"max_hp_gain":0,"max_hp_loss":0,"event_name":"The Cleric","floor":11,"gold_loss":35},{"damage_healed":0,"gold_gain":0,"player_choice":"Trade","damage_taken":0,"relics_obtained":["NlothsMask"],"max_hp_gain":0,"max_hp_loss":0,"event_name":"FaceTrader","floor":13,"gold_loss":0},{"damage_healed":13,"gold_gain":0,"player_choice":"Heal","damage_taken":0,"max_hp_gain":0,"max_hp_loss":0,"event_name":"The Library","floor":22,"gold_loss":0}],"is_beta":false,"boss_relics":[{"not_picked":["Fusion Hammer","Coffee Dripper"],"picked":"Sozu"}],"items_purged_floors":[4],"is_endless":false,"potions_floor_spawned":[5,12,16,20],"killed_by":"Slavers","ascension_level":20}