{"gold_per_floor":[365,365,381,221,241,241,274,274,345,345,345,270,302,320,320,392,392,404,404],"floor_reached":19,"playtime":468,"items_purged":["Strike_R"],"score":350,"play_id":"49278cd0-f068-469c-9f3c-9d13b27aa71e","local_time":"20190505125426","is_ascension_mode":true,"campfire_choices":[{"data":"Whirlwind","floor":6,"key":"SMITH"},{"data":"Uppercut","floor":8,"key":"SMITH"},{"data":"Bash","floor":10,"key":"SMITH"},{"data":"Inflame","floor":15,"key":"SMITH"}],"neow_cost":"CURSE","seed_source_timestamp":363019570004076,"circlet_count":0,"master_deck":["AscendersBane","Strike_R","Strike_R","Strike_R","Defend_R","Defend_R","Defend_R","Defend_R","Bash+1","True Grit","Carnage","Uppercut+1","Whirlwind+1","Immolate","Inflame+1","Double Tap","Pommel Strike"],"relics":["Burning Blood","Omamori","Pantograph","Shuriken","Black Star"],"potions_floor_usage":[16,16],"damage_taken":[{"damage":9,"enemies":"Jaw Worm","floor":1,"turns":5},{"damage":2,"enemies":"2 Louse","floor":3,"turns":3},{"damage":0,"enemies":"Small Slimes","floor":5,"turns":4},{"damage":33,"enemies":"Lagavulin","floor":7,"turns":7},{"damage":15,"enemies":"3 Sentries","floor":13,"turns":3},{"damage":0,"enemies":"3 Louse","floor":14,"turns":1},{"damage":57,"enemies":"Hexaghost","floor":16,"turns":8},{"damage":51,"enemies":"Shell Parasite","floor":18,"turns":10},{"damage":18,"enemies":"Chosen","floor":19,"turns":3}],"seed_played":"-1953330077663240412","potions_obtained":[{"floor":1,"key":"LiquidBronze"},{"floor":7,"key":"SteroidPotion"}],"is_trial":false,"path_per_floor":["M","?","M","$","M","R","E","R","T","R","?","?","E","M","R","B",null,"M","M"],"character_chosen":"IRONCLAD","items_purchased":["Uppercut"],"campfire_rested":0,"item_purchase_floors":[4],"current_hp_per_floor":[65,58,62,62,68,68,41,41,41,41,41,41,32,38,38,12,59,14,0],"gold":404,"neow_bonus":"TWO_FIFTY_GOLD","is_prod":false,"is_daily":false,"chose_seed":false,"campfire_upgraded":4,"win_rate":0,"timestamp":1557086066,"path_taken":["M","?","M","$","M","R","E","R","T","R","?","?","E","M","R","BOSS","M","M"],"build_version":"2019-04-23","purchased_purges":1,"victory":false,"max_hp_per_floor":[75,75,75,75,75,75,75,75,75,75,75,75,75,75,75,75,75,75,75],"card_choices":[{"not_picked":["Clash","Havoc"],"picked":"True Grit","floor":1},{"not_picked":["True Grit","Bloodletting"],"picked":"Carnage","floor":3},{"not_picked":["Pummel","Anger"],"picked":"Whirlwind","floor":5},{"not_picked":["Cleave","Body Slam"],"picked":"Immolate","floor":7},{"not_picked":["Shrug It Off","Intimidate"],"picked":"Inflame","floor":13},{"not_picked":["Cleave","Evolve","Entrench"],"picked":"SKIP","floor":14},{"not_picked":["Berserk","Exhume"],"picked":"Double Tap","floor":16},{"not_picked":["Clash","Inflame"],"picked":"Pommel Strike","floor":18}],"player_experience":1217857,"relics_obtained":[{"floor":7,"key":"Omamori"},{"floor":9,"key":"Pantograph"},{"floor":13,"key":"Shuriken"}],"event_choices":[{"cards_removed":["Normality"],"damage_healed":0,"gold_gain":0,"player_choice":"Card Removal","damage_taken":7,"max_hp_gain":0,"max_hp_loss":0,"event_name":"Golden Wing","floor":2,"gold_loss":0},{"damage_healed":0,"gold_gain":0,"player_choice":"Ignored","damage_taken":0,"max_hp_gain":0,"max_hp_loss":0,"event_name":"Liars Game","floor":11,"gold_loss":0},{"cards_removed":["Strike_R"],"damage_healed":0,"gold_gain":0,"player_choice":"Card Removal","damage_taken":0,"max_hp_gain":0,"max_hp_loss":0,"event_name":"The Cleric","floor":12,"gold_loss":75}],"is_beta":true,"boss_relics":[{"not_picked":["Black Blood","Lizard Tail"],"picked":"Black Star"}],"items_purged_floors":[4],"is_endless":false,"potions_floor_spawned":[1,7],"killed_by":"Chosen","ascension_level":20}