{"path_per_floor":["M","?","$","M","T","R","M","R","T","R","M","M","M","?","R","B",null,"M","M","?","$","?","R","?","R","T","R","$"],"character_chosen":"THE_SILENT","items_purchased":["Concentrate","Membership Card","Noxious Fumes","Bandage Up"],"gold_per_floor":[114,114,36,54,54,54,68,68,146,146,161,175,185,185,185,290,290,301,318,318,58,58,58,58,58,132,132,23],"floor_reached":29,"campfire_rested":2,"playtime":1019,"current_hp_per_floor":[26,12,12,12,12,33,29,29,29,29,28,25,19,36,57,44,64,57,51,35,35,35,35,35,35,35,35,35],"items_purged":["Parasite"],"gold":23,"score":317,"play_id":"14d5ece9-d8b3-463a-9254-9b8b1b726d36","local_time":"20180315195807","is_prod":false,"is_daily":false,"is_ascension_mode":true,"campfire_upgraded":5,"timestamp":1521158287,"path_taken":["M","?","$","?","?","R","M","R","T","R","M","M","?","?","R","BOSS","M","M","?","?","?","R","?","R","T","R","$","E"],"build_version":"2018-03-09","purchased_purges":1,"victory":false,"master_deck":["Defend_G","Defend_G","Defend_G","Defend_G","Defend_G","Strike_G+1","Strike_G","Strike_G","Strike_G","Strike_G","Survivor+1","Neutralize+1","Parasite","Wraith Form+1","Concentrate","Terror","Dodge and Roll","Well Laid Plans+1","Blade Dance+1","Storm of Steel","Bouncing Flask+1","Noxious Fumes","Bandage Up"],"max_hp_per_floor":[70,70,70,70,70,70,70,70,70,70,70,70,70,70,70,70,70,70,70,70,67,67,67,67,67,67,67,67],"relics":["Ring of the Snake","Unceasing Top","Toolbox","Question Card","Nilry\u0027s Codex","Membership Card","Bottled Tornado"],"card_choices":[{"not_picked":["Phantasmal Killer","Corpse Explosion"],"picked":"Wraith Form"},{"not_picked":["Catalyst","Glass Knife"],"picked":"Terror"},{"not_picked":["Concentrate","Backflip"],"picked":"Dodge and Roll"},{"not_picked":["Backflip","Prepared"],"picked":"Well Laid Plans"},{"not_picked":["Acrobatics","Flechettes"],"picked":"Blade Dance"},{"not_picked":["Venomology","Die Die Die"],"picked":"Storm of Steel"},{"not_picked":["Flying Knee","Terror","Masterful Stab"],"picked":"Bouncing Flask"}],"player_experience":519980,"potions_floor_usage":[13,18,18,29,29],"damage_taken":[{"damage":6,"enemies":"Jaw Worm","floor":1,"turns":6},{"damage":0,"enemies":"Small Slimes","floor":4,"turns":5},{"damage":4,"enemies":"2 Louse","floor":7,"turns":3},{"damage":1,"enemies":"Red Slaver","floor":11,"turns":3},{"damage":3,"enemies":"Exordium Thugs","floor":12,"turns":4},{"damage":6,"enemies":"Looter","floor":13,"turns":3},{"damage":13,"enemies":"The Guardian","floor":16,"turns":10},{"damage":7,"enemies":"Chosen","floor":18,"turns":4},{"damage":6,"enemies":"3 Byrds","floor":19,"turns":6},{"damage":43,"enemies":"Gremlin Leader","floor":29,"turns":2}],"event_choices":[{"event_name":"Shining Light","player_choice":"Entered Light","floor":2,"damage_taken":0},{"event_name":"Mushrooms","player_choice":"Healed and dodged fight","floor":14,"damage_taken":0},{"event_name":"Cursed Tome","player_choice":"Obtained Book","floor":20,"damage_taken":0},{"event_name":"Drug Dealer","player_choice":"Ignored","floor":22,"damage_taken":0},{"event_name":"Beggar","player_choice":"Ignored","floor":24,"damage_taken":0}],"boss_relics":[{"not_picked":["Cursed Key","White Beast Statue"],"picked":"Question Card"}],"potions_floor_spawned":[7,11,13,16,19],"seed_played":"-2604596912175905487","killed_by":"Gremlin Leader","ascension_level":10,"is_trial":false}