{"gold_per_floor":[115,132,132,57,57,57,82,82,82,82,82,157,175,199,199,292,292,311,311,322,243,259,259,272,272,350,350,361,361,57,70,70,70],"floor_reached":33,"playtime":1150,"items_purged":[],"score":462,"play_id":"e2fb9954-1ad6-437f-b1dd-d1abf6953af7","local_time":"20180826010824","is_ascension_mode":true,"campfire_choices":[{"data":"Neutralize","floor":6,"key":"SMITH"},{"data":"Dodge and Roll","floor":8,"key":"SMITH"},{"data":"Defend_G","floor":10,"key":"SMITH"},{"data":"Neutralize","floor":15,"key":"SMITH"},{"data":"Adrenaline","floor":23,"key":"SMITH"},{"floor":25,"key":"REST"},{"data":"Leg Sweep","floor":27,"key":"SMITH"},{"data":"Defend_G","floor":29,"key":"SMITH"},{"floor":32,"key":"REST"}],"neow_cost":"NONE","seed_source_timestamp":918619528450262,"circlet_count":0,"master_deck":["Defend_G","Defend_G","Defend_G","Defend_G+1","Defend_G+1","Strike_G","Strike_G","Strike_G","Strike_G","Survivor","Neutralize+1","AscendersBane","Dodge and Roll+1","Quick Slash","Flying Knee","Neutralize+1","Poisoned Stab","Infinite Blades","Adrenaline+1","Leg Sweep+1","Noxious Fumes","Dash","Malaise"],"relics":["Ring of the Snake","Happy Flower","Bloody Idol","Blood Vial","Sozu","Bronze Scales","Dodecahedron","Oddly Smooth Stone"],"potions_floor_usage":[16,20],"damage_taken":[{"damage":3,"enemies":"Cultist","floor":1,"turns":5},{"damage":3,"enemies":"Small Slimes","floor":2,"turns":5},{"damage":0,"enemies":"2 Louse","floor":7,"turns":3},{"damage":2,"enemies":"Looter","floor":13,"turns":4},{"damage":0,"enemies":"Large Slime","floor":14,"turns":6},{"damage":25,"enemies":"The Guardian","floor":16,"turns":15},{"damage":13,"enemies":"Spheric Guardian","floor":18,"turns":7},{"damage":1,"enemies":"3 Byrds","floor":20,"turns":3},{"damage":0,"enemies":"Centurion and Healer","floor":22,"turns":12},{"damage":35,"enemies":"Sentry and Sphere","floor":24,"turns":8},{"damage":9,"enemies":"Snake Plant","floor":28,"turns":5},{"damage":21,"enemies":"Chosen and Byrds","floor":31,"turns":6},{"damage":63,"enemies":"Champ","floor":33,"turns":17}],"seed_played":"4486609112928134355","potions_obtained":[{"floor":1,"key":"Poison Potion"},{"floor":2,"key":"LiquidBronze"}],"is_trial":false,"path_per_floor":["M","M","?","?","$","R","M","R","T","R","?","?","M","M","R","B",null,"M","?","M","?","M","R","M","R","T","R","M","R","$","M","R"],"character_chosen":"THE_SILENT","items_purchased":["Noxious Fumes","Dash","Oddly Smooth Stone"],"campfire_rested":2,"item_purchase_floors":[30,30,30],"current_hp_per_floor":[56,53,53,53,53,53,53,53,53,53,53,42,42,44,44,21,50,39,39,45,45,52,52,24,42,47,47,45,45,45,31,49,0],"gold":70,"neow_bonus":"RANDOM_COMMON_RELIC","is_prod":false,"is_daily":false,"chose_seed":false,"campfire_upgraded":7,"win_rate":0,"timestamp":1535270904,"path_taken":["M","M","?","?","$","R","M","R","T","R","?","?","M","?","R","BOSS","M","?","M","?","M","R","M","R","T","R","M","R","$","M","R","BOSS"],"build_version":"2018-08-23v2","purchased_purges":0,"victory":false,"max_hp_per_floor":[66,66,60,60,60,60,60,60,60,60,60,60,60,60,60,60,60,60,60,60,60,60,60,60,60,60,60,60,60,60,60,60,60],"card_choices":[{"not_picked":["Blur","Expertise"],"picked":"Dodge and Roll","floor":1},{"not_picked":["Blade Dance","Calculated Gamble"],"picked":"Quick Slash","floor":2},{"not_picked":["Eviscerate","Tactician"],"picked":"Flying Knee","floor":7},{"not_picked":["Dagger Throw","Slice"],"picked":"Poisoned Stab","floor":13},{"not_picked":["Bouncing Flask","Predator"],"picked":"Infinite Blades","floor":14},{"not_picked":["Phantasmal Killer","Envenom"],"picked":"Adrenaline","floor":16},{"not_picked":["Finisher","Quick Slash"],"picked":"Leg Sweep","floor":18},{"not_picked":["Acrobatics","Flying Knee","Quick Slash"],"picked":"SKIP","floor":20},{"not_picked":["Poisoned Stab","Deflect","Slice"],"picked":"SKIP","floor":22},{"not_picked":["Sucker Punch","Outmaneuver","Tactician"],"picked":"SKIP","floor":24},{"not_picked":["Underhanded Strike","Sucker Punch","Deflect"],"picked":"SKIP","floor":28},{"not_picked":["Calculated Gamble","Poisoned Stab"],"picked":"Malaise","floor":31}],"player_experience":899974,"relics_obtained":[{"floor":9,"key":"Blood Vial"},{"floor":26,"key":"Dodecahedron"}],"event_choices":[{"event_name":"Golden Idol","player_choice":"Lose Max HP","floor":3,"damage_taken":0},{"event_name":"The Cleric","player_choice":"Card Removal","floor":4,"damage_taken":0},{"event_name":"Match and Keep!","player_choice":"1 cards matched","floor":11,"damage_taken":0},{"event_name":"World of Goop","player_choice":"Gather Gold","floor":12,"damage_taken":0},{"event_name":"Forgotten Altar","player_choice":"Gave Idol","floor":19,"damage_taken":0},{"event_name":"WeMeetAgain","player_choice":"Gold","floor":21,"damage_taken":0}],"is_beta":true,"boss_relics":[{"not_picked":["Lizard Tail","Busted Crown"],"picked":"Sozu"}],"items_purged_floors":[],"is_endless":false,"potions_floor_spawned":[1,2,13,18,24,31],"killed_by":"Champ","ascension_level":19}