{"gold_per_floor":[116,116,130,130,140,172,172,172,196,196,226,226,241,271,271,271],"floor_reached":16,"playtime":428,"items_purged":[],"score":140,"play_id":"4f48cf5d-381e-48a3-8dbf-5fd498d9bffb","local_time":"20190313020223","is_ascension_mode":true,"campfire_choices":[{"data":"Static Discharge","floor":7,"key":"SMITH"},{"data":"Hyperbeam","floor":12,"key":"SMITH"},{"data":"Darkness","floor":15,"key":"SMITH"}],"neow_cost":"NONE","seed_source_timestamp":831733603875347,"circlet_count":0,"master_deck":["Strike_B","Strike_B","Strike_B","Defend_B","Defend_B","Defend_B","Defend_B","Zap+1","Dualcast","Static Discharge+1","Defragment","Defragment","Consume+1","Hyperbeam+1","Darkness+1"],"relics":["Cracked Core","NeowsBlessing","Juzu Bracelet","Boot","War Paint","Dead Branch","Meat on the Bone"],"potions_floor_usage":[11,14,16],"damage_taken":[{"damage":0,"enemies":"Small Slimes","floor":1,"turns":1},{"damage":0,"enemies":"2 Louse","floor":3,"turns":1},{"damage":0,"enemies":"Jaw Worm","floor":5,"turns":1},{"damage":30,"enemies":"3 Sentries","floor":6,"turns":7},{"damage":20,"enemies":"Lagavulin","floor":11,"turns":4},{"damage":3,"enemies":"Exordium Thugs","floor":13,"turns":3},{"damage":0,"enemies":"Lagavulin Event","floor":14,"turns":1},{"damage":36,"enemies":"The Guardian","floor":16,"turns":2}],"seed_played":"4496882992972423757","potions_obtained":[{"floor":6,"key":"SkillPotion"},{"floor":11,"key":"SmokeBomb"},{"floor":13,"key":"PowerPotion"}],"is_trial":false,"path_per_floor":["M","?","M","?","M","E","R","?","T","T","E","R","M","?","R","B"],"character_chosen":"DEFECT","items_purchased":[],"campfire_rested":0,"item_purchase_floors":[],"current_hp_per_floor":[68,61,61,49,49,19,19,24,24,24,4,4,13,25,25,0],"gold":271,"neow_bonus":"THREE_ENEMY_KILL","is_prod":false,"is_daily":false,"chose_seed":false,"campfire_upgraded":3,"win_rate":0,"timestamp":1552456943,"path_taken":["M","?","M","?","M","E","R","?","T","?","E","R","M","?","R","BOSS"],"build_version":"2019-01-23","purchased_purges":0,"victory":false,"max_hp_per_floor":[75,75,75,75,75,75,75,80,80,80,80,80,80,80,80,80],"card_choices":[{"not_picked":["Go for the Eyes","Streamline"],"picked":"Static Discharge","floor":1},{"not_picked":["Go for the Eyes","Redo"],"picked":"Defragment","floor":3},{"not_picked":["Rebound","Conserve Battery"],"picked":"Defragment","floor":5},{"not_picked":["Hologram","Glacier"],"picked":"Consume","floor":6},{"not_picked":["Skim","Rebound"],"picked":"Hyperbeam","floor":11},{"not_picked":["Conserve Battery","Double Energy"],"picked":"Darkness","floor":13}],"player_experience":1068872,"relics_obtained":[{"floor":6,"key":"Boot"},{"floor":9,"key":"War Paint"},{"floor":10,"key":"Dead Branch"},{"floor":11,"key":"Meat on the Bone"}],"event_choices":[{"cards_removed":["Strike_B"],"damage_healed":0,"gold_gain":0,"player_choice":"Card Removal","damage_taken":7,"max_hp_gain":0,"max_hp_loss":0,"event_name":"Golden Wing","floor":2,"gold_loss":0},{"damage_healed":0,"gold_gain":0,"player_choice":"Success","damage_taken":12,"relics_obtained":["Juzu Bracelet"],"max_hp_gain":0,"max_hp_loss":0,"event_name":"Scrap Ooze","floor":4,"gold_loss":0},{"damage_healed":0,"gold_gain":0,"player_choice":"Donut","damage_taken":0,"max_hp_gain":5,"max_hp_loss":0,"event_name":"Big Fish","floor":8,"gold_loss":0},{"damage_healed":0,"gold_gain":30,"player_choice":"Searched \u00272\u0027 times","damage_taken":0,"max_hp_gain":0,"max_hp_loss":0,"event_name":"Dead Adventurer","floor":14,"gold_loss":0}],"is_beta":false,"boss_relics":[],"items_purged_floors":[],"is_endless":false,"potions_floor_spawned":[6,11,13],"killed_by":"The Guardian","ascension_level":6}