{"path_per_floor":["M","?","$","M","M","E","T","R","T","T","E","M","M","?","R","B",null,"M","?","M","M","M","E","R","$","T","R","M","T","?","M","R","B",null,"M","M","?","M","$","M","R","M","T","?","R","?","$","?","R","B"],"character_chosen":"DEFECT","items_purchased":["Defragment","War Paint"],"gold_per_floor":[113,113,3,17,31,57,57,57,81,81,114,130,144,94,94,199,199,212,212,231,251,269,302,302,50,50,50,62,62,62,79,79,180,180,194,212,0,11,11,29,29,41,41,41,41,41,41,41,41,41],"floor_reached":51,"campfire_rested":1,"playtime":2293,"item_purchase_floors":[3,25],"current_hp_per_floor":[76,81,81,81,80,53,53,53,53,53,45,34,29,29,29,25,87,80,63,63,48,43,12,12,12,12,39,39,39,69,48,48,30,92,69,69,69,50,50,50,50,47,47,70,70,70,70,70,70,43],"items_purged":["Strike_B","Defend_B"],"gold":41,"score":702,"play_id":"58f0b7ce-acfc-4127-8038-9124546a0235","local_time":"20180609162204","is_prod":false,"is_daily":false,"chose_seed":false,"is_ascension_mode":false,"campfire_upgraded":2,"win_rate":0.0,"timestamp":1528575724,"campfire_choices":[{"data":"1","floor":8,"key":"LIFT"},{"data":"2","floor":15,"key":"LIFT"},{"data":"3","floor":24,"key":"LIFT"},{"floor":27,"key":"REST"},{"data":"Echo Form","floor":32,"key":"SMITH"},{"floor":41,"key":"DIG"},{"data":"Defragment","floor":45,"key":"SMITH"},{"floor":49,"key":"DIG"}],"path_taken":["M","?","$","M","?","E","?","R","T","?","E","M","M","?","R","BOSS","M","?","?","M","M","E","R","?","T","R","M","?","?","M","R","BOSS","M","M","?","M","$","M","R","M","T","?","R","?","$","?","R","BOSS"],"build_version":"2018-06-07v3","seed_source_timestamp":284689922741300,"purchased_purges":2,"victory":true,"master_deck":["Strike_B+1","Strike_B+1","Defend_B+1","Defend_B+1","Defend_B+1","Zap+1","Dualcast+1","Storm+1","Defragment+1","Lockon+1","Sweeping Beam+1","Cold Snap+1","Ball Lightning+1","Static Discharge+1","Electrodynamics+1","Cold Snap+1","Rebound+1","Heatsinks+1","Lockon+1","Conserve Battery+1","Echo Form+1","Thunder Strike+1","Heatsinks+1","Redo+1","Force Field+1","Beam Cell+1","Writhe"],"max_hp_per_floor":[82,87,87,87,87,87,87,87,87,87,87,87,87,87,87,87,87,87,92,92,92,92,92,92,92,92,92,92,92,92,92,92,92,92,92,92,92,92,92,92,92,92,92,92,92,92,92,92,92,92],"relics":["Cracked Core","Shovel","Girya","Boot","Mummified Hand","Bag of Preparation","Cursed Key","Happy Flower","War Paint","White Beast Statue","Red Mask","Art of War","Mark of the Bloom","Bottled Tornado"],"card_choices":[{"not_picked":["Stack","Steam"],"picked":"Storm","floor":1},{"not_picked":["Beam Cell","Compile Driver"],"picked":"Lockon","floor":4},{"not_picked":["Reprogram","Streamline"],"picked":"Sweeping Beam","floor":5},{"not_picked":["Coolheaded","Glacier"],"picked":"Cold Snap","floor":6},{"not_picked":["Steam Power","Cold Snap"],"picked":"Ball Lightning","floor":11},{"not_picked":["Auto Shields","Sweeping Beam","Force Field"],"picked":"SKIP","floor":12},{"not_picked":["Hologram","Compile Driver"],"picked":"Static Discharge","floor":13},{"not_picked":["Echo Form","Seek"],"picked":"Electrodynamics","floor":16},{"not_picked":["Conserve Battery+1","Compile Driver"],"picked":"Cold Snap+1","floor":18},{"not_picked":["Aggregate","Go for the Eyes"],"picked":"Rebound","floor":20},{"not_picked":["BootSequence","Leap","Hologram"],"picked":"SKIP","floor":21},{"not_picked":["Ball Lightning","Conserve Battery+1"],"picked":"Heatsinks","floor":22},{"not_picked":["Fission","Beam Cell"],"picked":"Lockon+1","floor":23},{"not_picked":["Double Energy","Hello World"],"picked":"Conserve Battery+1","floor":28},{"not_picked":["Barrage+1","Go for the Eyes"],"picked":"Echo Form","floor":31},{"not_picked":["Creative AI","Fission"],"picked":"Thunder Strike","floor":33},{"not_picked":["Barrage","Conserve Battery+1"],"picked":"Heatsinks+1","floor":35},{"not_picked":["Conserve Battery+1","Gash+1"],"picked":"Redo","floor":36},{"not_picked":["Reinforced Body+1","Steam+1"],"picked":"Force Field+1","floor":38},{"not_picked":["Steam+1","Rip and Tear","Auto Shields"],"picked":"SKIP","floor":40},{"not_picked":["Scrape","Heatsinks"],"picked":"Beam Cell+1","floor":42}],"player_experience":927809,"potions_floor_usage":[11,16,22,33,33,33,40,50,50],"damage_taken":[{"damage":6,"enemies":"2 Louse","floor":1,"turns":3},{"damage":0,"enemies":"Small Slimes","floor":4,"turns":2},{"damage":1,"enemies":"Cultist","floor":5,"turns":3},{"damage":27,"enemies":"3 Sentries","floor":6,"turns":5},{"damage":8,"enemies":"Lagavulin","floor":11,"turns":6},{"damage":11,"enemies":"Exordium Thugs","floor":12,"turns":4},{"damage":5,"enemies":"Blue Slaver","floor":13,"turns":2},{"damage":4,"enemies":"Slime Boss","floor":16,"turns":6},{"damage":7,"enemies":"Shell Parasite","floor":18,"turns":3},{"damage":0,"enemies":"Chosen","floor":20,"turns":4},{"damage":15,"enemies":"Snecko","floor":21,"turns":3},{"damage":5,"enemies":"Cultist and Chosen","floor":22,"turns":4},{"damage":31,"enemies":"Gremlin Leader","floor":23,"turns":4},{"damage":0,"enemies":"Centurion and Healer","floor":28,"turns":2},{"damage":21,"enemies":"Snake Plant","floor":31,"turns":2},{"damage":18,"enemies":"Collector","floor":33,"turns":6},{"damage":23,"enemies":"3 Darklings","floor":35,"turns":3},{"damage":0,"enemies":"3 Shapes","floor":36,"turns":3},{"damage":19,"enemies":"Maw","floor":38,"turns":5},{"damage":0,"enemies":"3 Darklings","floor":40,"turns":2},{"damage":3,"enemies":"Sphere and 2 Shapes","floor":42,"turns":1},{"damage":27,"enemies":"Time Eater","floor":50,"turns":5}],"relics_obtained":[{"floor":6,"key":"Shovel"},{"floor":7,"key":"Girya"},{"floor":9,"key":"Boot"},{"floor":10,"key":"Mummified Hand"},{"floor":11,"key":"Bag of Preparation"},{"floor":23,"key":"Happy Flower"},{"floor":41,"key":"Art of War"},{"floor":49,"key":"Bottled Tornado"}],"event_choices":[{"event_name":"Big Fish","player_choice":"Donut","floor":2,"damage_taken":0},{"event_name":"The Cleric","player_choice":"Card Removal","floor":14,"damage_taken":0},{"event_name":"Forgotten Altar","player_choice":"Shed Blood","floor":19,"damage_taken":0},{"event_name":"The Library","player_choice":"Heal","floor":30,"damage_taken":0},{"event_name":"Tomb of Lord Red Mask","player_choice":"Paid","floor":37,"damage_taken":0},{"event_name":"Winding Halls","player_choice":"Writhe","floor":44,"damage_taken":0},{"event_name":"MindBloom","player_choice":"Upgrade","floor":46,"damage_taken":0},{"event_name":"Upgrade Shrine","player_choice":"Skipped","floor":48,"damage_taken":0}],"boss_relics":[{"not_picked":["Ectoplasm","Philosopher\u0027s Stone"],"picked":"Cursed Key"},{"not_picked":["Runic Dome","Black Star"],"picked":"White Beast Statue"}],"items_purged_floors":[3,25],"potions_floor_spawned":[4,11,12,13,21,22,23,35,36,38,40,42],"seed_played":"7693604268481737505","ascension_level":0,"potions_obtained":[{"floor":4,"key":"Weak Potion"},{"floor":11,"key":"Poison Potion"},{"floor":12,"key":"SteroidPotion"},{"floor":13,"key":"SpeedPotion"},{"floor":21,"key":"AttackPotion"},{"floor":22,"key":"Strength Potion"},{"floor":23,"key":"Poison Potion"},{"floor":35,"key":"Ancient Potion"},{"floor":36,"key":"Fire Potion"},{"floor":38,"key":"Ancient Potion"},{"floor":40,"key":"SteroidPotion"},{"floor":42,"key":"EssenceOfSteel"}],"is_trial":false}