{"gold_per_floor":[114,125,144,144,13,13,40,40,40,40,40,72,72,88,88,163,163,180,198,198,209,209,209,209,239,239,239,257,275,275],"floor_reached":30,"playtime":1210,"items_purged":["Strike_R"],"score":591,"play_id":"b63110fd-ef4b-4133-b853-6efac37a927d","local_time":"20190430223219","is_ascension_mode":true,"campfire_choices":[{"data":"Bash","floor":6,"key":"SMITH"},{"data":"Wild Strike","floor":10,"key":"SMITH"},{"data":"Inflame","floor":13,"key":"SMITH"},{"data":"Clothesline","floor":15,"key":"SMITH"},{"data":"Disarm","floor":23,"key":"SMITH"},{"floor":27,"key":"REST"}],"neow_cost":"NONE","seed_source_timestamp":706920267946824,"circlet_count":0,"master_deck":["AscendersBane","Defend_R","Defend_R","Defend_R","Defend_R","Bash+1","Immolate+1","Anger","Wild Strike+1","True Grit","Disarm+1","Inflame+1","Clothesline+1","Limit Break","Shrug It Off","Body Slam+1","Bite","Bite","Bite","Bite","Bite","Uppercut","Shrug It Off"],"relics":["Burning Blood","Shuriken","Pantograph","Self Forming Clay","Sozu","Bronze Scales","Happy Flower"],"potions_floor_usage":[7,30],"damage_taken":[{"damage":12,"enemies":"Small Slimes","floor":1,"turns":4},{"damage":6,"enemies":"Jaw Worm","floor":2,"turns":4},{"damage":0,"enemies":"2 Louse","floor":3,"turns":1},{"damage":0,"enemies":"Gremlin Nob","floor":7,"turns":2},{"damage":3,"enemies":"3 Sentries","floor":12,"turns":4},{"damage":12,"enemies":"2 Fungi Beasts","floor":14,"turns":3},{"damage":46,"enemies":"Slime Boss","floor":16,"turns":9},{"damage":26,"enemies":"Shell Parasite","floor":18,"turns":4},{"damage":24,"enemies":"2 Thieves","floor":19,"turns":4},{"damage":10,"enemies":"Snecko","floor":21,"turns":5},{"damage":36,"enemies":"Slavers","floor":25,"turns":5},{"damage":19,"enemies":"Centurion and Healer","floor":28,"turns":19},{"damage":0,"enemies":"Chosen and Byrds","floor":29,"turns":3},{"damage":62,"enemies":"Gremlin Leader","floor":30,"turns":4}],"seed_played":"7608654640128397106","potions_obtained":[{"floor":2,"key":"FearPotion"},{"floor":12,"key":"Energy Potion"},{"floor":16,"key":"LiquidBronze"}],"is_trial":false,"path_per_floor":["M","M","M","?","$","R","E","?","T","R","?","E","R","M","R","B",null,"M","M","?","M","?","R","?","E","T","R","M","M","E"],"character_chosen":"IRONCLAD","items_purchased":["Energy Potion"],"campfire_rested":1,"item_purchase_floors":[5],"current_hp_per_floor":[62,62,68,68,68,68,74,79,79,79,79,80,80,74,74,40,70,50,32,48,44,44,44,44,20,20,36,56,56,0],"gold":275,"neow_bonus":"ONE_RANDOM_RARE_CARD","is_prod":false,"is_daily":false,"chose_seed":false,"campfire_upgraded":5,"win_rate":0,"timestamp":1556677939,"path_taken":["M","M","M","?","$","R","E","?","T","R","?","E","R","M","R","BOSS","M","M","?","M","?","R","?","E","T","R","M","?","E"],"build_version":"2019-01-23","purchased_purges":1,"victory":false,"max_hp_per_floor":[75,75,75,75,75,75,75,80,80,80,80,80,80,80,80,80,80,80,80,80,80,56,56,56,56,56,56,56,56,56],"card_choices":[{"not_picked":["Heavy Blade","Iron Wave"],"picked":"Anger","floor":1},{"not_picked":["Body Slam","Armaments"],"picked":"Wild Strike","floor":2},{"not_picked":["Headbutt","Anger"],"picked":"True Grit","floor":3},{"not_picked":["Body Slam","Second Wind"],"picked":"Disarm","floor":7},{"not_picked":["Armaments","Warcry"],"picked":"Inflame","floor":12},{"not_picked":["Carnage","Anger"],"picked":"Clothesline","floor":14},{"not_picked":["Bludgeon","Double Tap"],"picked":"Limit Break","floor":16},{"not_picked":["Cleave","Power Through"],"picked":"Shrug It Off","floor":18},{"not_picked":["Evolve","True Grit"],"picked":"Body Slam+1","floor":19},{"not_picked":["Havoc","Armaments","Cleave"],"picked":"SKIP","floor":21},{"not_picked":["Heavy Blade","Bludgeon"],"picked":"Uppercut","floor":25},{"not_picked":["Cleave","Armaments","Perfected Strike"],"picked":"SKIP","floor":28},{"not_picked":["Flex","Clash"],"picked":"Shrug It Off","floor":29}],"player_experience":2170072,"relics_obtained":[{"floor":7,"key":"Shuriken"},{"floor":9,"key":"Pantograph"},{"floor":12,"key":"Self Forming Clay"},{"floor":25,"key":"Bronze Scales"},{"floor":26,"key":"Happy Flower"}],"event_choices":[{"damage_healed":0,"gold_gain":0,"player_choice":"Grow","damage_taken":0,"max_hp_gain":0,"max_hp_loss":0,"event_name":"Living Wall","floor":4,"gold_loss":0,"cards_upgraded":["Immolate"]},{"damage_healed":0,"gold_gain":0,"player_choice":"Donut","damage_taken":0,"max_hp_gain":5,"max_hp_loss":0,"event_name":"Big Fish","floor":8,"gold_loss":0},{"damage_healed":0,"gold_gain":0,"player_choice":"Leave","damage_taken":0,"max_hp_gain":0,"max_hp_loss":0,"event_name":"The Cleric","floor":11,"gold_loss":0},{"damage_healed":16,"gold_gain":0,"player_choice":"Heal","damage_taken":0,"max_hp_gain":0,"max_hp_loss":0,"event_name":"The Library","floor":20,"gold_loss":0},{"damage_healed":0,"gold_gain":0,"player_choice":"Became a vampire","damage_taken":0,"max_hp_gain":0,"max_hp_loss":24,"event_name":"Vampires","floor":22,"gold_loss":0,"cards_obtained":["Bite","Bite","Bite","Bite","Bite"]},{"damage_healed":0,"gold_gain":0,"player_choice":"Ignored","damage_taken":0,"max_hp_gain":0,"max_hp_loss":0,"event_name":"N\u0027loth","floor":24,"gold_loss":0}],"is_beta":false,"boss_relics":[{"not_picked":["Astrolabe","Orrery"],"picked":"Sozu"}],"items_purged_floors":[5],"is_endless":false,"potions_floor_spawned":[2,12,16,21,25],"killed_by":"Gremlin Leader","ascension_level":20}