{"gold_per_floor":[112,112,124,142,15,50,50,68,92,108,108,128,128,143,143,241,241,257,257,267,267,14,14],"floor_reached":23,"playtime":1446,"items_purged":["Strike_R","Injury"],"score":218,"play_id":"d861193b-a025-4566-9e69-4d663bbb7554","local_time":"20181127145938","is_ascension_mode":false,"campfire_choices":[{"floor":7,"key":"RECALL"},{"data":"Shrug It Off","floor":11,"key":"SMITH"},{"data":"Body Slam","floor":13,"key":"SMITH"},{"data":"Shrug It Off","floor":15,"key":"SMITH"}],"neow_cost":"NONE","seed_source_timestamp":110334352483822,"circlet_count":0,"master_deck":["Strike_R","Strike_R","Strike_R","Strike_R+1","Defend_R","Defend_R","Defend_R","Defend_R","Bash","Spot Weakness+1","Pommel Strike","Shrug It Off+1","Shrug It Off+1","Feed+1","Cleave","Body Slam+1","Spot Weakness","Offering","Clumsy","Armaments","Clothesline+1","Bash","Entrench"],"relics":["Burning Blood","NeowsBlessing","Strawberry","Calling Bell","Juzu Bracelet","Frozen Egg 2","Peace Pipe","Whetstone"],"potions_floor_usage":[6,20,23,23],"damage_taken":[{"damage":0,"enemies":"Jaw Worm","floor":1,"turns":1},{"damage":0,"enemies":"Small Slimes","floor":3,"turns":1},{"damage":0,"enemies":"Cultist","floor":4,"turns":1},{"damage":28,"enemies":"Gremlin Nob","floor":6,"turns":4},{"damage":7,"enemies":"Blue Slaver","floor":8,"turns":3},{"damage":9,"enemies":"Exordium Wildlife","floor":10,"turns":4},{"damage":1,"enemies":"Exordium Thugs","floor":12,"turns":4},{"damage":12,"enemies":"Blue Slaver","floor":14,"turns":3},{"damage":40,"enemies":"Hexaghost","floor":16,"turns":11},{"damage":37,"enemies":"Chosen","floor":18,"turns":8},{"damage":39,"enemies":"Shell Parasite","floor":20,"turns":6},{"damage":44,"enemies":"Slavers","floor":23,"turns":4}],"seed_played":"-6806759692836489109","potions_obtained":[{"floor":3,"key":"SteroidPotion"},{"floor":4,"key":"Block Potion"},{"floor":10,"key":"Strength Potion"},{"floor":14,"key":"BloodPotion"}],"is_trial":false,"path_per_floor":["M","?","M","M","$","E","R","M","T","M","R","M","R","M","R","B",null,"M","?","M","?","$","E"],"character_chosen":"IRONCLAD","items_purchased":["Shrug It Off","Whetstone"],"campfire_rested":0,"item_purchase_floors":[5,22],"current_hp_per_floor":[80,80,80,80,80,65,65,67,67,67,67,75,75,69,69,35,96,65,65,44,44,44,0],"gold":14,"neow_bonus":"THREE_ENEMY_KILL","is_prod":false,"is_daily":false,"chose_seed":false,"campfire_upgraded":3,"win_rate":0,"timestamp":1543348778,"path_taken":["M","?","M","M","?","E","R","M","T","M","R","M","R","M","R","BOSS","M","?","M","?","$","E"],"build_version":"2018-11-15","purchased_purges":2,"victory":false,"max_hp_per_floor":[80,80,80,80,80,87,87,90,90,93,93,96,96,96,96,96,96,96,96,99,99,99,99],"card_choices":[{"not_picked":["Body Slam","Dual Wield"],"picked":"Spot Weakness","floor":1},{"not_picked":["Carnage","Ghostly Armor"],"picked":"Pommel Strike","floor":3},{"not_picked":["Iron Wave","Armaments"],"picked":"Shrug It Off","floor":4},{"not_picked":["Sword Boomerang","Exhume"],"picked":"Feed","floor":6},{"not_picked":["Anger","Intimidate","Combust"],"picked":"SKIP","floor":8},{"not_picked":["Havoc","Sword Boomerang"],"picked":"Cleave","floor":10},{"not_picked":["Twin Strike","Searing Blow"],"picked":"Body Slam","floor":12},{"not_picked":["Havoc","Evolve"],"picked":"Spot Weakness","floor":14},{"not_picked":["Exhume","Berserk"],"picked":"Offering","floor":16},{"not_picked":["Sentinel","Clash"],"picked":"Armaments","floor":18},{"not_picked":["Intimidate","Shockwave"],"picked":"Clothesline+1","floor":20}],"player_experience":385509,"relics_obtained":[{"floor":6,"key":"Strawberry"},{"floor":17,"key":"Juzu Bracelet"},{"floor":17,"key":"Frozen Egg 2"},{"floor":17,"key":"Peace Pipe"}],"event_choices":[{"damage_healed":0,"gold_gain":0,"player_choice":"Grow","damage_taken":0,"max_hp_gain":0,"max_hp_loss":0,"event_name":"Living Wall","floor":2,"gold_loss":0,"cards_upgraded":["Spot Weakness"]},{"cards_removed":["Doubt"],"damage_healed":0,"gold_gain":0,"player_choice":"Elegance","damage_taken":0,"max_hp_gain":0,"max_hp_loss":0,"event_name":"Back to Basics","floor":19,"gold_loss":0},{"damage_healed":0,"gold_gain":0,"player_choice":"2 cards matched","damage_taken":0,"max_hp_gain":0,"max_hp_loss":0,"event_name":"Match and Keep!","floor":21,"gold_loss":0,"cards_obtained":["Bash","Entrench"]}],"is_beta":false,"boss_relics":[{"not_picked":["Snecko Eye","Fusion Hammer"],"picked":"Calling Bell"}],"items_purged_floors":[5,22],"is_endless":false,"potions_floor_spawned":[3,4,10,14,18],"killed_by":"Slavers","ascension_level":0}