{"path_per_floor":["M","?","M","?","?","R","E","R","T","$","T","M","$","M","R","B",null,"M","?","M","$","?","R","M","E","T","?","R","M","$","?","R","B",null,"M","?","?","?","$","R","E","M","T","R","M","M","$","M","R","B"],"character_chosen":"DEFECT","items_purchased":["Lantern","Capacitor","Thunder Strike"],"gold_per_floor":[112,112,128,128,128,128,156,156,208,58,108,126,101,114,114,210,210,165,165,165,165,165,165,165,165,165,90,90,90,15,15,15,15,15,15,15,15,15,15,15,15,15,15,15,15,15,15,15,15,15],"floor_reached":51,"campfire_rested":3,"playtime":1770,"current_hp_per_floor":[75,75,75,75,75,75,75,75,75,75,75,74,74,73,73,73,75,67,67,46,46,30,30,32,6,6,6,29,29,29,29,52,42,81,81,81,81,71,71,71,72,57,57,57,23,21,21,12,40,5],"items_purged":[],"gold":15,"score":802,"play_id":"7026d805-4d6a-4eeb-9da3-fbef97e446af","local_time":"20180427155630","is_prod":false,"is_daily":false,"chose_seed":false,"is_ascension_mode":true,"campfire_upgraded":6,"timestamp":1524869790,"path_taken":["M","?","M","?","?","R","E","R","T","$","?","M","?","M","R","BOSS","M","?","M","$","?","R","M","E","T","?","R","?","$","?","R","BOSS","M","?","?","?","$","R","E","M","T","R","M","M","?","M","R","BOSS"],"build_version":"2018-04-26v2","seed_source_timestamp":166718891864637,"purchased_purges":1,"victory":true,"master_deck":["Strike_B+1","Defend_B+1","Defend_B+1","Defend_B+1","Defend_B+1","Zap+1","Cold Snap+1","Creative AI+1","White Noise","Ball Lightning+1","Capacitor+1","Storm","Thunder Strike+1","Leap+1","Necronomicurse","Loop+1","Buffer+1","Thunder Strike","Loop+1","Axe Kick","Madness","Madness","Capacitor+1","Stack+1"],"max_hp_per_floor":[75,75,75,75,75,75,75,75,75,75,75,75,75,75,75,75,75,77,77,77,77,77,77,79,79,79,79,79,79,79,79,79,81,81,81,81,81,81,81,81,90,90,90,90,90,92,92,94,94,94],"relics":["Cracked Core","NeowsBlessing","Peace Pipe","Singing Bowl","Lantern","Orichalcum","Ectoplasm","Necronomicon","Mercury Hourglass","Whetstone","Inserter","Strawberry","Bottled Flame"],"card_choices":[{"not_picked":["Turbo","Tempest"],"picked":"Cold Snap","floor":1},{"not_picked":["Stack","Hologram"],"picked":"Creative AI","floor":3},{"not_picked":["Self Repair","Buffer"],"picked":"White Noise","floor":7},{"not_picked":["Stack","Cold Snap"],"picked":"Ball Lightning","floor":12},{"not_picked":["Melter","Reinforced Body"],"picked":"Storm","floor":14},{"not_picked":["Redo","Biased Cognition"],"picked":"Thunder Strike","floor":16},{"not_picked":["Barrage","Rip and Tear"],"picked":"Leap","floor":20},{"not_picked":["Skim","Steam Power"],"picked":"Loop","floor":25},{"not_picked":["Heatsinks","Doom and Gloom"],"picked":"Buffer","floor":29},{"not_picked":["Steam Power","Go for the Eyes"],"picked":"Loop","floor":35},{"not_picked":["Reprogram","Impulse"],"picked":"Capacitor","floor":42},{"not_picked":["Axe Kick","Skim"],"picked":"Stack","floor":45}],"player_experience":527311,"potions_floor_usage":[18,18,24,29,33,50,50],"damage_taken":[{"damage":0,"enemies":"Cultist","floor":1,"turns":1},{"damage":0,"enemies":"2 Louse","floor":3,"turns":1},{"damage":0,"enemies":"Lagavulin","floor":7,"turns":1},{"damage":1,"enemies":"Jaw Worm","floor":12,"turns":3},{"damage":8,"enemies":"Large Slime","floor":14,"turns":5},{"damage":0,"enemies":"Slime Boss","floor":16,"turns":5},{"damage":10,"enemies":"2 Thieves","floor":18,"turns":3},{"damage":21,"enemies":"Spheric Guardian","floor":20,"turns":4},{"damage":0,"enemies":"Snake Plant","floor":24,"turns":2},{"damage":26,"enemies":"Book of Stabbing","floor":25,"turns":4},{"damage":0,"enemies":"Chosen and Byrds","floor":29,"turns":3},{"damage":12,"enemies":"Collector","floor":33,"turns":8},{"damage":0,"enemies":"Orb Walker","floor":35,"turns":4},{"damage":8,"enemies":"Giant Head","floor":41,"turns":6},{"damage":15,"enemies":"3 Darklings","floor":42,"turns":5},{"damage":34,"enemies":"4 Shapes","floor":45,"turns":5},{"damage":4,"enemies":"Flame Bruiser 2 Orb","floor":46,"turns":5},{"damage":18,"enemies":"Maw","floor":48,"turns":7},{"damage":35,"enemies":"Donu and Deca","floor":50,"turns":6}],"event_choices":[{"event_name":"The Lab","player_choice":"Got Potions","floor":2,"damage_taken":0},{"event_name":"Liars Game","player_choice":"disagreed","floor":4,"damage_taken":0},{"event_name":"Purifier","player_choice":"One Purge","floor":5,"damage_taken":0},{"event_name":"The Mausoleum","player_choice":"No","floor":19,"damage_taken":0},{"event_name":"Cursed Tome","player_choice":"Obtained Book","floor":22,"damage_taken":0},{"event_name":"Beggar","player_choice":"Gave Gold","floor":27,"damage_taken":0},{"event_name":"Back to Basics","player_choice":"Simplicity","floor":31,"damage_taken":0},{"event_name":"Bonfire Elementals","player_choice":"BASIC","floor":36,"damage_taken":0},{"event_name":"Transmorgrifier","player_choice":"Transform","floor":37,"damage_taken":0},{"event_name":"Winding Halls","player_choice":"Embrace Madness","floor":38,"damage_taken":0}],"boss_relics":[{"not_picked":["White Beast Statue","Pandora\u0027s Box"],"picked":"Ectoplasm"},{"not_picked":["Orrery","Eternal Feather"],"picked":"Inserter"}],"potions_floor_spawned":[3,14,16,20,29,35,41,48],"seed_played":"-5968145859280935950","ascension_level":1,"is_trial":false}