{"gold_per_floor":[109,120,49,49,59,91,91,91,91,106,125,125,136,153,153,251,251,262,262,281,293,293],"floor_reached":22,"playtime":772,"items_purged":[],"score":209,"play_id":"66155e99-dd3e-4c42-b226-24a0f5d52c0e","local_time":"20190501160017","is_ascension_mode":true,"campfire_choices":[{"floor":8,"key":"REST"},{"floor":12,"key":"REST"},{"floor":15,"key":"REST"}],"neow_cost":"NONE","seed_source_timestamp":451325546354398,"circlet_count":0,"master_deck":["Strike_B","Strike_B","Strike_B","Strike_B","Defend_B","Defend_B","Defend_B","Zap","Dualcast","FTL","White Noise","Ball Lightning","Conserve Battery","Coolheaded","Thunder Strike","Thunder Strike","Doubt","Injury","Injury","Redo+1"],"relics":["Cracked Core","NeowsBlessing","Symbiotic Virus","Calling Bell","DataDisk","Ornamental Fan","Torii","Nloth\u0027s Gift"],"potions_floor_usage":[6,16],"damage_taken":[{"damage":0,"enemies":"Cultist","floor":1,"turns":1},{"damage":0,"enemies":"Small Slimes","floor":2,"turns":1},{"damage":0,"enemies":"2 Louse","floor":5,"turns":1},{"damage":35,"enemies":"3 Sentries","floor":6,"turns":6},{"damage":21,"enemies":"Exordium Thugs","floor":10,"turns":4},{"damage":21,"enemies":"Lots of Slimes","floor":11,"turns":3},{"damage":0,"enemies":"2 Fungi Beasts","floor":13,"turns":2},{"damage":6,"enemies":"Looter","floor":14,"turns":2},{"damage":15,"enemies":"Slime Boss","floor":16,"turns":7},{"damage":7,"enemies":"Chosen","floor":18,"turns":3},{"damage":36,"enemies":"3 Byrds","floor":20,"turns":4},{"damage":16,"enemies":"Snecko","floor":21,"turns":5},{"damage":22,"enemies":"Sentry and Sphere","floor":22,"turns":3}],"seed_played":"6319846789341687856","potions_obtained":[{"floor":5,"key":"Energy Potion"},{"floor":11,"key":"FearPotion"},{"floor":13,"key":"Strength Potion"},{"floor":14,"key":"PowerPotion"}],"is_trial":false,"path_per_floor":["M","M","$","?","M","E","?","R","T","M","M","R","M","M","R","B",null,"M","?","M","M","M"],"character_chosen":"DEFECT","items_purchased":["White Noise"],"campfire_rested":3,"item_purchase_floors":[3],"current_hp_per_floor":[75,75,75,68,68,33,30,52,52,31,10,32,32,26,48,33,75,68,68,32,16,0],"gold":293,"neow_bonus":"THREE_ENEMY_KILL","is_prod":false,"is_daily":false,"chose_seed":false,"campfire_upgraded":0,"win_rate":0,"timestamp":1556740817,"path_taken":["M","?","$","?","M","E","?","R","T","M","?","R","M","M","R","BOSS","M","?","M","M","?"],"build_version":"2019-01-23","purchased_purges":0,"victory":false,"max_hp_per_floor":[75,75,75,75,75,75,75,75,75,75,75,75,75,75,75,75,75,75,75,75,75,75],"card_choices":[{"not_picked":["Beam Cell","Rebound"],"picked":"FTL","floor":1},{"not_picked":["FTL","Turbo","Hologram"],"picked":"SKIP","floor":2},{"not_picked":["Hologram","Beam Cell","Streamline"],"picked":"SKIP","floor":5},{"not_picked":["Seek","Doom and Gloom"],"picked":"Ball Lightning","floor":6},{"not_picked":["Barrage","Skim"],"picked":"Conserve Battery","floor":10},{"not_picked":["Double Energy","Turbo","Skim"],"picked":"SKIP","floor":11},{"not_picked":["Leap","Blizzard"],"picked":"Coolheaded","floor":13},{"not_picked":["Scrape","Beam Cell"],"picked":"Thunder Strike","floor":14},{"not_picked":["Hyperbeam","Fission"],"picked":"Thunder Strike","floor":16},{"not_picked":["Tempest+1","Beam Cell"],"picked":"Redo+1","floor":18},{"not_picked":["Leap","Redo","Recycle"],"picked":"SKIP","floor":20},{"not_picked":["FTL","Reboot","Steam Power"],"picked":"SKIP","floor":21}],"player_experience":931812,"relics_obtained":[{"floor":6,"key":"Shovel"},{"floor":17,"key":"DataDisk"},{"floor":17,"key":"Ornamental Fan"},{"floor":17,"key":"Torii"}],"event_choices":[{"cards_removed":["Defend_B"],"damage_healed":0,"gold_gain":0,"player_choice":"Card Removal","damage_taken":7,"max_hp_gain":0,"max_hp_loss":0,"event_name":"Golden Wing","floor":4,"gold_loss":0},{"damage_healed":0,"gold_gain":0,"player_choice":"Success","damage_taken":3,"relics_obtained":["Symbiotic Virus"],"max_hp_gain":0,"max_hp_loss":0,"event_name":"Scrap Ooze","floor":7,"gold_loss":0},{"damage_healed":0,"gold_gain":0,"player_choice":"Traded Relic","damage_taken":0,"relics_obtained":["Nloth\u0027s Gift"],"max_hp_gain":0,"max_hp_loss":0,"event_name":"N\u0027loth","floor":19,"relics_lost":["Shovel"],"gold_loss":0}],"is_beta":false,"boss_relics":[{"not_picked":["Lizard Tail","Nuclear Battery"],"picked":"Calling Bell"}],"items_purged_floors":[],"is_endless":false,"potions_floor_spawned":[5,11,13,14],"killed_by":"Sentry and Sphere","ascension_level":2}