{"gold_per_floor":[112,112,11,24,24,49,49,74,74,90,110,135,27,39,39,118,118,131,1,1,13,24,24,24,50,50,100,100,7,35,46,46,46],"floor_reached":33,"playtime":1533,"items_purged":[],"score":731,"play_id":"56f6f822-1085-4af6-bc3c-a4384377b649","local_time":"20190429063150","is_ascension_mode":true,"campfire_choices":[{"data":"Masterful Stab","floor":7,"key":"SMITH"},{"data":"Cloak And Dagger","floor":15,"key":"SMITH"},{"floor":24,"key":"REST"},{"floor":28,"key":"RECALL"},{"floor":32,"key":"REST"}],"neow_cost":"NONE","seed_source_timestamp":562558484382999,"circlet_count":0,"master_deck":["AscendersBane","Defend_G","Defend_G","Defend_G","Defend_G","Defend_G","Strike_G","Strike_G","Strike_G","Strike_G","Strike_G","Survivor","Neutralize","Caltrops","Backflip","Masterful Stab+1","Caltrops","Deflect","Cloak And Dagger+1","Backflip","Slice","Swift Strike","After Image","Wraith Form v2+1","Blade Dance+1","Terror","Infinite Blades","Footwork+1","Sucker Punch","RitualDagger","Choke","Leg Sweep","Slice","Die Die Die","Deadly Poison+1"],"relics":["Ring of the Snake","NeowsBlessing","Paper Crane","Mercury Hourglass","Ornamental Fan","Orichalcum","Fusion Hammer","Ancient Tea Set","Bronze Scales","Centennial Puzzle"],"potions_floor_usage":[8,16,18,22,30],"damage_taken":[{"damage":0,"enemies":"Small Slimes","floor":1,"turns":1},{"damage":0,"enemies":"Cultist","floor":4,"turns":1},{"damage":0,"enemies":"Gremlin Nob","floor":6,"turns":1},{"damage":20,"enemies":"3 Sentries","floor":8,"turns":7},{"damage":0,"enemies":"Jaw Worm","floor":10,"turns":4},{"damage":6,"enemies":"Large Slime","floor":11,"turns":6},{"damage":0,"enemies":"Lagavulin","floor":12,"turns":7},{"damage":4,"enemies":"Lots of Slimes","floor":14,"turns":4},{"damage":22,"enemies":"Slime Boss","floor":16,"turns":11},{"damage":0,"enemies":"2 Thieves","floor":18,"turns":5},{"damage":0,"enemies":"Spheric Guardian","floor":21,"turns":4},{"damage":4,"enemies":"Centurion and Healer","floor":22,"turns":6},{"damage":1,"enemies":"Gremlin Leader","floor":25,"turns":7},{"damage":20,"enemies":"Book of Stabbing","floor":30,"turns":5},{"damage":0,"enemies":"Snake Plant","floor":31,"turns":3},{"damage":74,"enemies":"Collector","floor":33,"turns":8}],"seed_played":"7507832217653801565","potions_obtained":[{"floor":4,"key":"SkillPotion"},{"floor":14,"key":"Poison Potion"},{"floor":16,"key":"Poison Potion"},{"floor":21,"key":"AttackPotion"},{"floor":25,"key":"Poison Potion"}],"is_trial":false,"path_per_floor":["M","?","$","M","?","E","R","E","T","M","M","E","$","M","R","B",null,"M","$","?","M","M","?","R","E","T","?","R","$","E","M","R","B"],"character_chosen":"THE_SILENT","items_purchased":["Caltrops","Backflip","Swift Strike","Terror","Infinite Blades","Leg Sweep","Slice"],"campfire_rested":2,"item_purchase_floors":[3,3,13,19,19,29,29],"current_hp_per_floor":[59,59,59,59,64,64,64,44,44,44,38,38,38,34,34,12,56,56,56,56,56,52,46,67,66,66,66,66,66,46,46,67,0],"gold":46,"neow_bonus":"THREE_ENEMY_KILL","is_prod":false,"is_daily":false,"chose_seed":false,"campfire_upgraded":2,"win_rate":0,"timestamp":1556533910,"path_taken":["M","?","$","?","?","E","R","E","T","M","M","E","?","M","R","BOSS","M","$","?","?","M","?","R","E","T","?","R","$","E","M","R","BOSS"],"build_version":"2019-01-23","purchased_purges":0,"victory":false,"max_hp_per_floor":[66,66,66,66,71,71,71,71,71,71,71,71,71,71,71,71,71,71,71,71,71,71,71,71,71,71,71,71,71,71,71,71,71],"card_choices":[{"not_picked":["Poisoned Stab","Backflip"],"picked":"Masterful Stab","floor":1},{"not_picked":["Dagger Spray","Reflex"],"picked":"Masterful Stab","floor":4},{"not_picked":["Acrobatics","Blur"],"picked":"Caltrops","floor":6},{"not_picked":["Flying Knee","Outmaneuver"],"picked":"Deflect","floor":8},{"not_picked":["Finisher","Dagger Throw"],"picked":"Cloak And Dagger","floor":10},{"not_picked":["Masterful Stab","Predator"],"picked":"Backflip","floor":11},{"not_picked":["Acrobatics","Quick Slash"],"picked":"Slice","floor":12},{"not_picked":["Eviscerate","Dagger Throw"],"picked":"After Image","floor":14},{"not_picked":["Storm of Steel","Phantasmal Killer"],"picked":"Wraith Form v2","floor":16},{"not_picked":["Footwork","Heel Hook+1"],"picked":"Blade Dance+1","floor":18},{"not_picked":["Blade Dance","Deadly Poison"],"picked":"Footwork+1","floor":21},{"not_picked":["Deadly Poison","Acrobatics"],"picked":"Sucker Punch","floor":22},{"not_picked":["Prepared","Dagger Throw"],"picked":"Choke","floor":25},{"not_picked":["Caltrops","Slice"],"picked":"Die Die Die","floor":30},{"not_picked":["Infinite Blades","Poisoned Stab"],"picked":"Deadly Poison+1","floor":31}],"player_experience":2083740,"relics_obtained":[{"floor":6,"key":"Mercury Hourglass"},{"floor":8,"key":"Ornamental Fan"},{"floor":12,"key":"Orichalcum"},{"floor":25,"key":"Ancient Tea Set"},{"floor":26,"key":"Bronze Scales"},{"floor":30,"key":"Centennial Puzzle"}],"event_choices":[{"cards_removed":["Masterful Stab"],"damage_healed":0,"gold_gain":0,"player_choice":"Gave Card","damage_taken":0,"relics_obtained":["Paper Crane"],"max_hp_gain":0,"max_hp_loss":0,"event_name":"WeMeetAgain","floor":2,"gold_loss":0},{"damage_healed":0,"gold_gain":0,"player_choice":"Donut","damage_taken":0,"max_hp_gain":5,"max_hp_loss":0,"event_name":"Big Fish","floor":5,"gold_loss":0},{"damage_healed":0,"gold_gain":0,"player_choice":"Upgraded","damage_taken":0,"max_hp_gain":0,"max_hp_loss":0,"event_name":"Upgrade Shrine","floor":20,"gold_loss":0,"cards_upgraded":["Wraith Form v2"]},{"damage_healed":0,"gold_gain":0,"player_choice":"Joined the Cult","damage_taken":6,"max_hp_gain":0,"max_hp_loss":0,"event_name":"Nest","floor":23,"gold_loss":0,"cards_obtained":["RitualDagger"]},{"damage_healed":0,"gold_gain":100,"player_choice":"Bet on Murderer","damage_taken":0,"max_hp_gain":0,"max_hp_loss":0,"event_name":"The Joust","floor":27,"gold_loss":50}],"is_beta":false,"boss_relics":[{"not_picked":["Lizard Tail","Tiny House"],"picked":"Fusion Hammer"}],"items_purged_floors":[],"is_endless":false,"potions_floor_spawned":[4,14,16,21,25],"killed_by":"Collector","ascension_level":20}