{"gold_per_floor":[20,20,69,69,85,85,95,130,130,157,12,29,29,56,56,135,135,153,167,24,40,52,52,52,85,108,127,127,158,168,186,186,263,263,277,277,277,294,2,2,34,50,50,50,84,97,127,137,137,137,137,137,91,119,119],"floor_reached":56,"playtime":3241,"items_purged":["Strike_G"],"score":2326,"play_id":"22139af4-352e-4410-bd41-612387ae4d3e","local_time":"20190418235535","is_ascension_mode":true,"campfire_choices":[{"data":"Apotheosis","floor":6.0,"key":"SMITH"},{"data":"Night Terror","floor":15.0,"key":"SMITH"},{"data":"Crippling Poison","floor":23.0,"key":"SMITH"},{"floor":28.0,"key":"REST"},{"data":"After Image","floor":32.0,"key":"SMITH"},{"floor":40.0,"key":"RECALL"},{"floor":44.0,"key":"REST"},{"data":"Well Laid Plans","floor":49.0,"key":"SMITH"},{"data":"Adrenaline","floor":52.0,"key":"SMITH"}],"neow_cost":"NO_GOLD","seed_source_timestamp":0,"circlet_count":0,"master_deck":["AscendersBane","Defend_G","Defend_G","Defend_G","Defend_G+1","Defend_G","Strike_G","Strike_G","Survivor","Neutralize","Apotheosis+1","Finesse+1","Sucker Punch","Catalyst","Night Terror+1","Crippling Poison+1","Well Laid Plans+1","Deadly Poison","After Image+1","Backflip","Footwork","Backflip","PiercingWail","Adrenaline+1","Acrobatics","Choke+1","Die Die Die","Corpse Explosion","Crippling Poison","Leg Sweep","Backflip","Infinite Blades","PiercingWail"],"special_seed":0,"relics":["Ring of the Snake","Orichalcum","Paper Crane","Dead Branch","Tingsha","Ornamental Fan","HoveringKite","Pocketwatch","War Paint","Centennial Puzzle","Lizard Tail","Anchor","Gambling Chip","Bag of Preparation","Pantograph","Prayer Wheel","Gremlin Horn"],"potions_floor_usage":[55,55],"damage_taken":[{"damage":2.0,"enemies":"Cultist","floor":1.0,"turns":6.0},{"damage":0.0,"enemies":"Jaw Worm","floor":5.0,"turns":4.0},{"damage":0.0,"enemies":"2 Louse","floor":7.0,"turns":3.0},{"damage":0.0,"enemies":"Gremlin Nob","floor":8.0,"turns":3.0},{"damage":2.0,"enemies":"3 Sentries","floor":10.0,"turns":9.0},{"damage":5.0,"enemies":"Blue Slaver","floor":12.0,"turns":5.0},{"damage":3.0,"enemies":"Gremlin Nob","floor":14.0,"turns":4.0},{"damage":0.0,"enemies":"The Guardian","floor":16.0,"turns":7.0},{"damage":0.0,"enemies":"Shell Parasite","floor":18.0,"turns":3.0},{"damage":3.0,"enemies":"3 Byrds","floor":19.0,"turns":4.0},{"damage":4.0,"enemies":"Centurion and Healer","floor":21.0,"turns":7.0},{"damage":2.0,"enemies":"Cultist and Chosen","floor":22.0,"turns":8.0},{"damage":6.0,"enemies":"Book of Stabbing","floor":25.0,"turns":5.0},{"damage":13.0,"enemies":"Snake Plant","floor":27.0,"turns":6.0},{"damage":6.0,"enemies":"Gremlin Leader","floor":29.0,"turns":5.0},{"damage":0.0,"enemies":"Snecko","floor":30.0,"turns":6.0},{"damage":0.0,"enemies":"Centurion and Healer","floor":31.0,"turns":6.0},{"damage":13.0,"enemies":"Champ","floor":33.0,"turns":12.0},{"damage":0.0,"enemies":"3 Shapes","floor":35.0,"turns":2.0},{"damage":1.0,"enemies":"Orb Walker","floor":38.0,"turns":4.0},{"damage":23.0,"enemies":"Nemesis","floor":41.0,"turns":7.0},{"damage":0.0,"enemies":"Maw","floor":42.0,"turns":5.0},{"damage":0.0,"enemies":"Giant Head","floor":45.0,"turns":6.0},{"damage":0.0,"enemies":"4 Shapes","floor":46.0,"turns":2.0},{"damage":0.0,"enemies":"Reptomancer","floor":47.0,"turns":5.0},{"damage":2.0,"enemies":"Jaw Worm Horde","floor":48.0,"turns":3.0},{"damage":38.0,"enemies":"Donu and Deca","floor":50.0,"turns":7.0},{"damage":4.0,"enemies":"Shield and Spear","floor":54.0,"turns":4.0},{"damage":0,"enemies":"The Heart","floor":55,"turns":10}],"seed_played":"234716913623554245","potions_obtained":[{"floor":7.0,"key":"SkillPotion"},{"floor":12.0,"key":"Strength Potion"},{"floor":13.0,"key":"EssenceOfSteel"},{"floor":14.0,"key":"EssenceOfSteel"},{"floor":22.0,"key":"AttackPotion"},{"floor":27.0,"key":"AttackPotion"},{"floor":30.0,"key":"Poison Potion"},{"floor":38.0,"key":"GhostInAJar"},{"floor":48.0,"key":"GhostInAJar"}],"is_trial":false,"path_per_floor":["M","?","T","?","M","R","M","E","T","E","$","M","?","E","R","B",null,"M","M","$","M","M","R","?","E","T","M","R","E","M","M","R","B",null,"M","?","?","M","$","R","E","M","T","R","E","M","E","M","R","B",null,"R","$","E","B",null],"character_chosen":"THE_SILENT","items_purchased":["Crippling Poison","Well Laid Plans","Footwork","Gambling Chip","PiercingWail"],"campfire_rested":2,"item_purchase_floors":[11,11,20,39,53],"current_hp_per_floor":[57,57,57,50,50,50,50,50,50,48,48,43,43,40,40,40,60,60,57,57,53,51,51,51,45,45,32,51,45,45,45,45,32,58,58,58,58,57,57,57,34,34,34,53,53,53,53,51,51,28,57,57,57,53,66],"gold":119,"neow_bonus":"RANDOM_COLORLESS_2","is_prod":false,"is_daily":false,"chose_seed":false,"campfire_upgraded":6,"win_rate":0,"timestamp":1555646135,"path_taken":["M","?","?","?","M","R","M","E","T","E","?","?","?","E","R","BOSS","M","?","?","M","M","R","?","E","T","M","R","E","M","M","R","BOSS","M","?","?","M","$","R","E","?","T","R","E","M","E","M","R","BOSS","R","$","E","BOSS"],"build_version":"2019-04-04","purchased_purges":1,"victory":true,"max_hp_per_floor":[66,66,66,66,66,66,66,66,66,66,66,66,66,66,66,66,66,66,66,66,66,66,66,66,66,66,66,66,66,66,66,66,66,66,66,66,66,66,66,66,66,66,66,66,66,66,66,66,66,66,66,66,66,66,66],"card_choices":[{"not_picked":["Underhanded Strike","Prepared"],"picked":"Sucker Punch","floor":1.0},{"not_picked":["Deflect","PiercingWail"],"picked":"Catalyst","floor":5.0},{"not_picked":["Acrobatics","Heel Hook","Blade Dance"],"picked":"SKIP","floor":7.0},{"not_picked":["Finisher","Slice","Bane"],"picked":"SKIP","floor":8.0},{"not_picked":["Riddle With Holes","Outmaneuver"],"picked":"Night Terror","floor":10.0},{"not_picked":["Flechettes","Deflect"],"picked":"Deadly Poison","floor":12.0},{"not_picked":["Dagger Spray","Riddle With Holes","Dodge and Roll"],"picked":"SKIP","floor":14.0},{"not_picked":["A Thousand Cuts","Phantasmal Killer"],"picked":"After Image","floor":16.0},{"not_picked":["Flying Knee","Choke","Deadly Poison"],"picked":"SKIP","floor":18.0},{"not_picked":["Poisoned Stab","Escape Plan"],"picked":"Backflip","floor":19.0},{"not_picked":["Setup","Slice"],"picked":"Backflip","floor":21.0},{"not_picked":["Blade Dance","Dagger Throw"],"picked":"PiercingWail","floor":22.0},{"not_picked":["Skewer","Backflip+1"],"picked":"Adrenaline","floor":25.0},{"not_picked":["Deadly Poison","Choke","Slice"],"picked":"SKIP","floor":27.0},{"not_picked":["Blade Dance","Quick Slash"],"picked":"Acrobatics","floor":29.0},{"not_picked":["Quick Slash","Flying Knee+1"],"picked":"Choke+1","floor":30.0},{"not_picked":["Accuracy","Outmaneuver"],"picked":"Die Die Die","floor":31.0},{"not_picked":["Bullet Time","Venomology"],"picked":"Corpse Explosion","floor":33.0},{"not_picked":["Prepared","Poisoned Stab+1","Quick Slash"],"picked":"SKIP","floor":35.0},{"not_picked":["Blade Dance","Deflect","Dagger Spray"],"picked":"SKIP","floor":38.0},{"not_picked":["Predator","Dagger Spray","Deadly Poison"],"picked":"SKIP","floor":41.0},{"not_picked":["Dagger Spray","Blade Dance"],"picked":"Crippling Poison","floor":42.0},{"not_picked":["Underhanded Strike","Bouncing Flask+1"],"picked":"Leg Sweep","floor":45.0},{"not_picked":["Endless Agony+1","Heel Hook"],"picked":"Backflip","floor":46.0},{"not_picked":["Masterful Stab","Endless Agony"],"picked":"Infinite Blades","floor":47.0},{"not_picked":["Deflect","Skewer","Dagger Spray"],"picked":"SKIP","floor":48.0},{"not_picked":["Leg Sweep","Underhanded Strike+1","Endless Agony"],"picked":"SKIP","floor":48.0},{"not_picked":["Leg Sweep","Tools of the Trade","Endless Agony+1"],"picked":"SKIP","floor":54.0}],"player_experience":2420304,"relics_obtained":[{"floor":3.0,"key":"Orichalcum"},{"floor":8.0,"key":"Paper Crane"},{"floor":9.0,"key":"Dead Branch"},{"floor":10.0,"key":"Tingsha"},{"floor":14.0,"key":"Ornamental Fan"},{"floor":25.0,"key":"Pocketwatch"},{"floor":26.0,"key":"War Paint"},{"floor":29.0,"key":"Centennial Puzzle"},{"floor":41.0,"key":"Bag of Preparation"},{"floor":45.0,"key":"Pantograph"},{"floor":47.0,"key":"Prayer Wheel"},{"floor":54.0,"key":"Gremlin Horn"}],"event_choices":[{"damage_healed":0.0,"max_hp_gain":0.0,"max_hp_loss":0.0,"gold_gain":0.0,"event_name":"Shining Light","player_choice":"Ignored","floor":2.0,"gold_loss":0.0,"damage_taken":0.0},{"cards_removed":["Strike_G"],"damage_healed":0.0,"max_hp_gain":0.0,"max_hp_loss":0.0,"gold_gain":0.0,"event_name":"Golden Wing","player_choice":"Card Removal","floor":4.0,"gold_loss":0.0,"damage_taken":7.0},{"damage_healed":0.0,"max_hp_gain":0.0,"max_hp_loss":0.0,"gold_gain":0.0,"event_name":"Lab","player_choice":"Got Potions","floor":13.0,"gold_loss":0.0,"damage_taken":0.0},{"damage_healed":0.0,"max_hp_gain":0.0,"max_hp_loss":0.0,"gold_gain":0.0,"event_name":"The Mausoleum","player_choice":"Ignored","floor":24.0,"gold_loss":0.0,"damage_taken":0.0},{"cards_removed":["Strike_G"],"damage_healed":0.0,"max_hp_gain":0.0,"max_hp_loss":0.0,"gold_gain":0.0,"event_name":"Falling","player_choice":"Removed Attack","floor":36.0,"gold_loss":0.0,"damage_taken":0.0},{"damage_healed":0.0,"max_hp_gain":0.0,"max_hp_loss":0.0,"gold_gain":0.0,"event_name":"WeMeetAgain","player_choice":"Gave Potion","floor":37.0,"gold_loss":0.0,"damage_taken":0.0,"relics_obtained":["Anchor"]}],"is_beta":true,"boss_relics":[{"not_picked":["Black Star","Calling Bell"],"picked":"HoveringKite"},{"not_picked":["Runic Dome","Tiny House"],"picked":"Lizard Tail"}],"items_purged_floors":[20],"is_endless":false,"potions_floor_spawned":[7,12,14,16,18,22,27,30,35,38,42,47,48,54],"ascension_level":15}