{"gold_per_floor":[12,12,12,62,73,73,83,94,167,177,194,194,207,217,217,217],"floor_reached":16,"playtime":499,"items_purged":[],"score":192,"play_id":"c23369e5-369c-4d09-b1f2-8b8339e238a4","local_time":"20181109152337","is_ascension_mode":true,"campfire_choices":[{"data":"Neutralize","floor":6,"key":"SMITH"},{"floor":12,"key":"REST"},{"data":"Adrenaline","floor":15,"key":"SMITH"}],"neow_cost":"NO_GOLD","seed_source_timestamp":496700678443361,"circlet_count":0,"master_deck":["AscendersBane","Defend_G","Defend_G","Defend_G","Defend_G","Defend_G","Strike_G","Strike_G","Strike_G","Strike_G","Strike_G","Survivor","Neutralize+1","Adrenaline+1","Dagger Throw","Predator","Sucker Punch","PiercingWail","Backflip","Flying Knee"],"relics":["Ring of the Snake","Lantern","Darkstone Periapt"],"potions_floor_usage":[16,16],"damage_taken":[{"damage":9,"enemies":"2 Louse","floor":1,"turns":4},{"damage":0,"enemies":"Small Slimes","floor":5,"turns":3},{"damage":0,"enemies":"Cultist","floor":7,"turns":3},{"damage":15,"enemies":"Gremlin Gang","floor":8,"turns":6},{"damage":0,"enemies":"Blue Slaver","floor":10,"turns":4},{"damage":14,"enemies":"Exordium Wildlife","floor":11,"turns":6},{"damage":4,"enemies":"3 Louse","floor":13,"turns":3},{"damage":0,"enemies":"Exordium Thugs","floor":14,"turns":4},{"damage":33,"enemies":"The Guardian","floor":16,"turns":20}],"seed_played":"8009536329360778278","potions_obtained":[{"floor":5,"key":"SpeedPotion"},{"floor":10,"key":"Weak Potion"}],"is_trial":false,"path_per_floor":["M","?","$","?","M","R","M","M","T","M","M","R","M","M","R","B"],"character_chosen":"THE_SILENT","items_purchased":[],"campfire_rested":1,"item_purchase_floors":[],"current_hp_per_floor":[50,39,39,39,39,39,39,24,24,24,10,29,25,25,25,0],"gold":217,"neow_bonus":"THREE_RARE_CARDS","is_prod":false,"is_daily":false,"chose_seed":false,"campfire_upgraded":2,"win_rate":0,"timestamp":1541802217,"path_taken":["M","?","$","?","M","R","?","?","T","M","?","R","M","M","R","BOSS"],"build_version":"2018-11-08","purchased_purges":0,"victory":false,"max_hp_per_floor":[66,66,66,66,66,66,66,66,66,66,66,66,66,66,66,66],"card_choices":[{"not_picked":["Night Terror","Grand Finale"],"picked":"Adrenaline","floor":0},{"not_picked":["Dodge and Roll","Slice"],"picked":"Dagger Throw","floor":1},{"not_picked":["Finisher","Bane"],"picked":"Predator","floor":5},{"not_picked":["Outmaneuver","Escape Plan"],"picked":"Sucker Punch","floor":7},{"not_picked":["Crippling Poison","Underhanded Strike"],"picked":"PiercingWail","floor":8},{"not_picked":["Predator","Outmaneuver"],"picked":"Backflip","floor":10},{"not_picked":["Expertise","Concentrate"],"picked":"Flying Knee","floor":11},{"not_picked":["Endless Agony","PiercingWail","Distraction"],"picked":"SKIP","floor":13},{"not_picked":["Quick Slash","Flying Knee","Outmaneuver"],"picked":"SKIP","floor":14}],"player_experience":962948,"relics_obtained":[{"floor":9,"key":"Darkstone Periapt"}],"event_choices":[{"damage_healed":0,"gold_gain":0,"player_choice":"Success","damage_taken":11,"relics_obtained":["Lantern"],"max_hp_gain":0,"max_hp_loss":0,"event_name":"Scrap Ooze","floor":2,"gold_loss":0},{"damage_healed":0,"gold_gain":50,"player_choice":"Pray","damage_taken":0,"max_hp_gain":0,"max_hp_loss":0,"event_name":"Golden Shrine","floor":4,"gold_loss":0}],"is_beta":true,"boss_relics":[],"items_purged_floors":[],"is_endless":false,"potions_floor_spawned":[5,10,11],"killed_by":"The Guardian","ascension_level":20}