{"gold_per_floor":[113,113,128,33,53,53,72,107,107,141,141,17,41,76,76,173,173,192,192,211,224,244,277,39,39,64,74,35,35,66,78,78,78],"floor_reached":33,"playtime":2101,"items_purged":[],"score":487,"play_id":"c8072265-08d8-42ab-a7a8-a86c9d64656f","local_time":"20190314005806","is_ascension_mode":true,"campfire_choices":[{"data":"Defragment","floor":6,"key":"SMITH"},{"data":"Static Discharge","floor":15,"key":"SMITH"},{"data":"Machine Learning","floor":29,"key":"SMITH"},{"data":"Blizzard","floor":32,"key":"SMITH"}],"neow_cost":"CURSE","seed_source_timestamp":48098326394690,"circlet_count":0,"master_deck":["Strike_B","Strike_B","Strike_B","Strike_B","Defend_B","Defend_B","Defend_B+1","Defend_B","Zap+1","Dualcast","Static Discharge+1","Ball Lightning","Defragment+1","Cold Snap","Coolheaded+1","Machine Learning+1","Loop","Steam+1","Force Field+1","Conserve Battery+1","Blizzard+1","Machine Learning","Hologram+1","Tempest+1","Auto Shields+1","Glacier+1","Self Repair","Compile Driver+1","Reinforced Body+1","Stack+1"],"relics":["Cracked Core","Vajra","Pen Nib","Toxic Egg 2","Centennial Puzzle","Ornamental Fan","Coffee Dripper","Strawberry","Chemical X","Blood Vial","PreservedInsect"],"potions_floor_usage":[10,18,21,21,30,30],"damage_taken":[{"damage":2,"enemies":"2 Louse","floor":1,"turns":2},{"damage":0,"enemies":"Cultist","floor":3,"turns":3},{"damage":7,"enemies":"Jaw Worm","floor":5,"turns":3},{"damage":4,"enemies":"Exordium Wildlife","floor":7,"turns":2},{"damage":10,"enemies":"Lagavulin","floor":8,"turns":6},{"damage":20,"enemies":"3 Sentries","floor":10,"turns":5},{"damage":0,"enemies":"Lagavulin","floor":14,"turns":6},{"damage":2,"enemies":"Hexaghost","floor":16,"turns":11},{"damage":9,"enemies":"2 Thieves","floor":18,"turns":5},{"damage":2,"enemies":"Chosen","floor":20,"turns":6},{"damage":5,"enemies":"Centurion and Healer","floor":21,"turns":4},{"damage":18,"enemies":"Shelled Parasite and Fungi","floor":22,"turns":6},{"damage":13,"enemies":"Book of Stabbing","floor":23,"turns":6},{"damage":4,"enemies":"Chosen and Byrds","floor":27,"turns":7},{"damage":14,"enemies":"Gremlin Leader","floor":30,"turns":6},{"damage":10,"enemies":"Cultist and Chosen","floor":31,"turns":5},{"damage":39,"enemies":"Champ","floor":33,"turns":7}],"seed_played":"-6631177434662431936","potions_obtained":[{"floor":3,"key":"Fire Potion"},{"floor":8,"key":"Block Potion"},{"floor":10,"key":"SteroidPotion"},{"floor":14,"key":"GamblersBrew"},{"floor":18,"key":"SteroidPotion"},{"floor":20,"key":"Fire Potion"},{"floor":23,"key":"FocusPotion"}],"is_trial":false,"path_per_floor":["M","?","M","$","M","R","M","E","T","E","?","$","T","E","R","B",null,"M","?","M","M","M","E","$","?","T","M","$","R","E","M","R","B"],"character_chosen":"DEFECT","items_purchased":["Defragment","Cold Snap","Force Field+1","Conserve Battery+1","Chemical X","Self Repair","Reinforced Body+1"],"campfire_rested":0,"item_purchase_floors":[4,4,12,12,24,24,28],"current_hp_per_floor":[80,80,80,80,73,73,69,59,59,39,21,21,21,21,21,19,72,63,63,61,56,38,32,32,32,32,37,37,37,32,31,31,0],"gold":78,"neow_bonus":"TWENTY_PERCENT_HP_BONUS","is_prod":false,"is_daily":false,"chose_seed":false,"campfire_upgraded":4,"win_rate":0,"timestamp":1552539486,"path_taken":["M","?","M","$","M","R","?","E","T","E","?","?","?","E","R","BOSS","M","?","M","?","M","E","$","?","T","M","?","R","E","M","R","BOSS"],"build_version":"2019-01-23","purchased_purges":0,"victory":false,"max_hp_per_floor":[89,89,89,89,89,89,89,89,89,89,89,89,89,89,89,89,89,89,89,89,89,89,96,96,96,96,96,96,96,96,96,96,96],"card_choices":[{"not_picked":["Go for the Eyes","Sweeping Beam"],"picked":"Static Discharge","floor":1},{"not_picked":["Stack","Hologram"],"picked":"Ball Lightning","floor":3},{"not_picked":["Steam","Double Energy"],"picked":"Coolheaded","floor":5},{"not_picked":["Sweeping Beam","Aggregate"],"picked":"Machine Learning","floor":7},{"not_picked":["Barrage","Doom and Gloom"],"picked":"Loop","floor":8},{"not_picked":["Undo","Streamline"],"picked":"Steam","floor":10},{"not_picked":["Reinforced Body+1","Sweeping Beam"],"picked":"Blizzard","floor":14},{"not_picked":["Core Surge","All For One"],"picked":"Machine Learning","floor":16},{"not_picked":["Rip and Tear","Barrage+1"],"picked":"Hologram+1","floor":18},{"not_picked":["Rebound","Leap+1"],"picked":"Tempest+1","floor":20},{"not_picked":["Aggregate+1","Doom and Gloom","Beam Cell"],"picked":"SKIP","floor":21},{"not_picked":["Doom and Gloom","Self Repair"],"picked":"Auto Shields+1","floor":22},{"not_picked":["Ball Lightning","Blizzard"],"picked":"Glacier+1","floor":23},{"not_picked":["Hologram+1","Rebound"],"picked":"Compile Driver+1","floor":27},{"not_picked":["Compile Driver","Hello World","Doom and Gloom"],"picked":"SKIP","floor":30},{"not_picked":["Streamline","Barrage"],"picked":"Stack+1","floor":31}],"player_experience":1103566,"relics_obtained":[{"floor":8,"key":"Vajra"},{"floor":9,"key":"Pen Nib"},{"floor":10,"key":"Toxic Egg 2"},{"floor":13,"key":"Centennial Puzzle"},{"floor":14,"key":"Ornamental Fan"},{"floor":23,"key":"Strawberry"},{"floor":26,"key":"Blood Vial"},{"floor":30,"key":"PreservedInsect"}],"event_choices":[{"cards_removed":["Regret"],"damage_healed":0,"gold_gain":0,"player_choice":"Removed Curses","damage_taken":0,"max_hp_gain":0,"max_hp_loss":0,"event_name":"Fountain of Cleansing","floor":2,"gold_loss":0},{"damage_healed":0,"gold_gain":0,"player_choice":"Entered Light","damage_taken":18,"max_hp_gain":0,"max_hp_loss":0,"event_name":"Shining Light","floor":11,"gold_loss":0,"cards_upgraded":["Defend_B","Coolheaded"]},{"damage_healed":0,"gold_gain":0,"player_choice":"Ignored","damage_taken":0,"max_hp_gain":0,"max_hp_loss":0,"event_name":"N\u0027loth","floor":19,"gold_loss":0},{"damage_healed":0,"gold_gain":0,"player_choice":"Forge","damage_taken":0,"max_hp_gain":0,"max_hp_loss":0,"event_name":"Accursed Blacksmith","floor":25,"gold_loss":0,"cards_upgraded":["Zap"]}],"is_beta":false,"boss_relics":[{"not_picked":["Pandora\u0027s Box","Velvet Choker"],"picked":"Coffee Dripper"}],"items_purged_floors":[],"is_endless":false,"potions_floor_spawned":[3,8,10,14,16,18,20,23],"killed_by":"Champ","ascension_level":8}