{"gold_per_floor":[12,12,26,37,187,187,112,128,177,19,30,30,48,81,81,81],"floor_reached":16,"playtime":493,"items_purged":[],"score":229,"play_id":"ff1bf5c2-42ab-4faf-ae5c-4fbf0d40a6bb","local_time":"20190330043008","is_ascension_mode":true,"campfire_choices":[{"data":"Doom and Gloom","floor":6,"key":"SMITH"},{"data":"Barrage","floor":12,"key":"SMITH"},{"data":"Static Discharge","floor":15,"key":"SMITH"}],"neow_cost":"NO_GOLD","seed_source_timestamp":1133900712057229,"circlet_count":0,"master_deck":["AscendersBane","Strike_B+1","Strike_B","Strike_B","Strike_B+1","Defend_B","Defend_B","Defend_B","Defend_B","Zap","Dualcast","Conserve Battery","Doom and Gloom+1","Coolheaded","Ball Lightning","Barrage+1","Undo","Static Discharge+1"],"relics":["Cracked Core","Pen Nib","Strawberry","Ancient Tea Set"],"potions_floor_usage":[8,14],"damage_taken":[{"damage":7,"enemies":"Jaw Worm","floor":1,"turns":3},{"damage":1,"enemies":"2 Louse","floor":3,"turns":2},{"damage":0,"enemies":"Small Slimes","floor":4,"turns":3},{"damage":7,"enemies":"Exordium Wildlife","floor":8,"turns":3},{"damage":0,"enemies":"2 Fungi Beasts","floor":11,"turns":2},{"damage":1,"enemies":"Blue Slaver","floor":13,"turns":4},{"damage":2,"enemies":"3 Sentries","floor":14,"turns":3},{"damage":45,"enemies":"Hexaghost","floor":16,"turns":9}],"seed_played":"5471067353304181463","potions_obtained":[{"floor":1,"key":"Block Potion"},{"floor":4,"key":"AttackPotion"},{"floor":14,"key":"Strength Potion"}],"is_trial":false,"path_per_floor":["M","?","M","M","?","R","?","M","T","$","M","R","M","E","R","B"],"character_chosen":"DEFECT","items_purchased":["Strawberry"],"campfire_rested":0,"item_purchase_floors":[10],"current_hp_per_floor":[71,45,44,44,44,44,44,37,37,44,44,44,43,41,41,0],"gold":81,"neow_bonus":"TWENTY_PERCENT_HP_BONUS","is_prod":false,"is_daily":false,"chose_seed":false,"campfire_upgraded":3,"win_rate":0,"timestamp":1553934608,"path_taken":["M","?","M","M","?","R","?","M","T","$","M","R","M","E","R","BOSS"],"build_version":"2019-01-23","purchased_purges":0,"victory":false,"max_hp_per_floor":[85,85,85,85,85,85,85,85,85,92,92,92,92,92,92,92],"card_choices":[{"not_picked":["Sweeping Beam","Redo"],"picked":"Conserve Battery","floor":1},{"not_picked":["Darkness","Streamline"],"picked":"Doom and Gloom","floor":3},{"not_picked":["Rebound","Blizzard"],"picked":"Coolheaded","floor":4},{"not_picked":["Skim","Leap"],"picked":"Ball Lightning","floor":8},{"not_picked":["Streamline","Turbo"],"picked":"Barrage","floor":11},{"not_picked":["Reprogram","Scrape"],"picked":"Undo","floor":13},{"not_picked":["Chaos","Storm"],"picked":"Static Discharge","floor":14}],"player_experience":1494197,"relics_obtained":[{"floor":9,"key":"Pen Nib"},{"floor":14,"key":"Ancient Tea Set"}],"event_choices":[{"damage_healed":0,"gold_gain":0,"player_choice":"Entered Light","damage_taken":26,"max_hp_gain":0,"max_hp_loss":0,"event_name":"Shining Light","floor":2,"gold_loss":0,"cards_upgraded":["Strike_B","Strike_B"]},{"damage_healed":0,"gold_gain":150,"player_choice":"AGREE","damage_taken":0,"max_hp_gain":0,"max_hp_loss":0,"event_name":"Liars Game","floor":5,"gold_loss":0,"cards_obtained":["Doubt"]},{"cards_removed":["Doubt"],"damage_healed":0,"gold_gain":0,"player_choice":"Card Removal","damage_taken":0,"max_hp_gain":0,"max_hp_loss":0,"event_name":"The Cleric","floor":7,"gold_loss":75}],"is_beta":false,"boss_relics":[],"items_purged_floors":[],"is_endless":false,"potions_floor_spawned":[1,4,14],"killed_by":"Hexaghost","ascension_level":20}