{"path_per_floor":["M","?","?","M","$","E","M","?","T","M","?","M","M","?","R","B",null,"M","?","?","M","?","M","R","E","T","R","M","$","?","M","R"],"character_chosen":"IRONCLAD","items_purchased":["Uppercut","Apotheosis"],"gold_per_floor":[114,114,114,128,50,83,97,62,62,72,134,149,165,165,165,264,264,264,179,179,179,179,179,179,179,179,179,179,10,10,10,10],"floor_reached":33,"campfire_rested":2,"playtime":1622,"current_hp_per_floor":[76,76,60,59,59,46,45,65,65,55,55,27,21,21,45,19,80,73,73,73,65,50,37,37,22,22,47,21,21,50,32,32],"items_purged":[],"gold":10,"score":267,"play_id":"c3df4b55-22c3-4faa-9257-088472b71cbe","is_prod":false,"is_daily":false,"is_ascension_mode":false,"campfire_upgraded":2,"path_taken":["M","?","?","M","?","E","M","?","T","?","?","M","M","?","R","BOSS","M","?","?","M","?","M","R","E","T","R","?","$","?","M","R","BOSS"],"build_version":"2018-02-22-PROD2","purchased_purges":0,"victory":false,"master_deck":["Strike_R+1","Strike_R+1","Strike_R+1","Strike_R+1","Strike_R+1","Defend_R+1","Defend_R+1","Defend_R+1","Defend_R+1","Bash+1","Headbutt","Intimidate","Uppercut","Inflame","Clothesline","Sever Soul","Inflame+1","Flex","Limit Break+1","Thunderclap+1","Sword Boomerang","Infernal Blade+1","Apotheosis+1"],"max_hp_per_floor":[80,80,80,80,80,80,80,80,80,80,80,80,80,80,80,80,80,80,80,80,80,85,85,85,85,85,85,87,87,87,89,89],"relics":["Runic Pyramid","The Courier","Ancient Tea Set","Ectoplasm","Bag of Preparation","Art of War","Singing Bowl"],"card_choices":[{"not_picked":["Clothesline","Shrug It Off"],"picked":"Headbutt"},{"not_picked":["Blood for Blood","Clash"],"picked":"Intimidate"},{"not_picked":["Twin Strike","True Grit"],"picked":"Inflame"},{"not_picked":["Heavy Blade","Clash"],"picked":"Clothesline"},{"not_picked":["Headbutt","Warcry"],"picked":"Sever Soul"},{"not_picked":["Feel No Pain","Thunderclap"],"picked":"Inflame"},{"not_picked":["Cleave","Iron Wave"],"picked":"Flex"},{"not_picked":["Juggernaut","Berserk"],"picked":"Limit Break"},{"not_picked":["Combust","True Grit"],"picked":"Thunderclap"},{"not_picked":["Clash","Wild Strike"],"picked":"Sword Boomerang"},{"not_picked":["Intimidate","Whirlwind"],"picked":"Infernal Blade"}],"player_experience":404620,"potions_floor_usage":[7,16,18,21,25,33],"damage_taken":[{"damage":4,"enemies":"2 Louse","floor":1,"turns":4},{"damage":1,"enemies":"Cultist","floor":4,"turns":3},{"damage":13,"enemies":"Gremlin Nob","floor":6,"turns":4},{"damage":1,"enemies":"Jaw Worm","floor":7,"turns":2},{"damage":10,"enemies":"2 Fungi Beasts","floor":10,"turns":3},{"damage":28,"enemies":"Gremlin Gang","floor":12,"turns":4},{"damage":6,"enemies":"Exordium Wildlife","floor":13,"turns":3},{"damage":26,"enemies":"Hexaghost","floor":16,"turns":7},{"damage":7,"enemies":"3 Byrds","floor":18,"turns":6},{"damage":8,"enemies":"Shell Parasite","floor":21,"turns":4},{"damage":13,"enemies":"Snake Plant","floor":23,"turns":3},{"damage":15,"enemies":"Book of Stabbing","floor":25,"turns":4},{"damage":28,"enemies":"Centurion and Healer","floor":28,"turns":4},{"damage":20,"enemies":"Cultist and Chosen","floor":31,"turns":5},{"damage":38,"enemies":"Collector","floor":33,"turns":6}],"event_choices":[{"event_name":"Match and Keep!","player_choice":"0 cards matched","floor":2,"damage_taken":0},{"event_name":"Shining Light","player_choice":"Entered Light","floor":3,"damage_taken":0},{"event_name":"The Cleric","player_choice":"Healed","floor":8,"damage_taken":0},{"event_name":"Golden Wing","player_choice":"Gained Gold","floor":11,"damage_taken":0},{"event_name":"Living Wall","player_choice":"Grow","floor":14,"damage_taken":0},{"event_name":"Addict","player_choice":"Obtained Relic","floor":19,"damage_taken":0},{"event_name":"Back to Basics","player_choice":"Simplicity","floor":20,"damage_taken":0},{"event_name":"Forgotten Altar","player_choice":"Shed Blood","floor":22,"damage_taken":0},{"event_name":"The Library","player_choice":"Heal","floor":30,"damage_taken":0}],"boss_relics":[{"not_picked":["Velvet Choker","Tiny House"],"picked":"Ectoplasm"}],"potions_floor_spawned":[1,6,7,16,23,25,28],"seed_played":"-6817167495645216695","killed_by":"Collector","ascension_level":0,"is_trial":false}