{"gold_per_floor":[118,118,268,268,287,321,321,357,381,55,89,89,130,130,130,130],"floor_reached":16,"playtime":628,"items_purged":["Strike_G"],"score":298,"play_id":"ba614e00-df97-43be-b373-108aac9ecfe0","local_time":"20190407002001","is_ascension_mode":true,"campfire_choices":[{"data":"Infinite Blades","floor":7,"key":"SMITH"},{"data":"Noxious Fumes","floor":12,"key":"SMITH"},{"data":"Neutralize","floor":15,"key":"SMITH"}],"neow_cost":"NONE","seed_source_timestamp":482711862485466,"circlet_count":0,"master_deck":["AscendersBane","Defend_G","Defend_G","Defend_G","Defend_G","Defend_G","Strike_G","Strike_G","Strike_G","Strike_G","Survivor","Neutralize+1","Deflect","Infinite Blades+1","Quick Slash","Dagger Throw","Caltrops+1","Noxious Fumes+1","Cloak And Dagger"],"relics":["Ring of the Snake","NeowsBlessing","Golden Idol","Orichalcum","Ice Cream","Centennial Puzzle","PreservedInsect","Singing Bowl","Mummified Hand"],"potions_floor_usage":[8,11,16],"damage_taken":[{"damage":0,"enemies":"Small Slimes","floor":1,"turns":1},{"damage":0,"enemies":"2 Louse","floor":5,"turns":1},{"damage":0,"enemies":"Lagavulin","floor":6,"turns":1},{"damage":16,"enemies":"3 Sentries","floor":8,"turns":11},{"damage":14,"enemies":"Lagavulin","floor":11,"turns":5},{"damage":2,"enemies":"Gremlin Nob","floor":13,"turns":3},{"damage":6,"enemies":"Hexaghost","floor":16,"turns":9}],"seed_played":"7662420214901799697","potions_obtained":[{"floor":5,"key":"Poison Potion"},{"floor":6,"key":"SkillPotion"},{"floor":11,"key":"GhostInAJar"}],"is_trial":false,"path_per_floor":["M","?","?","?","M","E","R","E","T","$","E","R","E","?","R","B"],"character_chosen":"THE_SILENT","items_purchased":["PreservedInsect","Caltrops"],"campfire_rested":0,"item_purchase_floors":[10,10],"current_hp_per_floor":[59,36,36,36,36,36,36,20,20,20,6,6,4,4,4,0],"gold":130,"neow_bonus":"THREE_ENEMY_KILL","is_prod":false,"is_daily":false,"chose_seed":false,"campfire_upgraded":3,"win_rate":0,"timestamp":1554610801,"path_taken":["M","?","?","?","?","E","R","E","T","$","E","R","E","?","R","BOSS"],"build_version":"2019-01-23","purchased_purges":1,"victory":false,"max_hp_per_floor":[66,66,66,66,66,66,66,66,66,66,66,66,66,66,66,66],"card_choices":[{"not_picked":["Flechettes","Heel Hook"],"picked":"Deflect","floor":1},{"not_picked":["Poisoned Stab","Expertise"],"picked":"Infinite Blades","floor":5},{"not_picked":["All Out Attack","Blade Dance"],"picked":"Quick Slash","floor":6},{"not_picked":["Quick Slash","Venomology"],"picked":"Dagger Throw","floor":8},{"not_picked":["PiercingWail","Flying Knee"],"picked":"Noxious Fumes","floor":11},{"not_picked":["Riddle With Holes","Blade Dance"],"picked":"Cloak And Dagger","floor":13}],"player_experience":1673400,"relics_obtained":[{"floor":6,"key":"Orichalcum"},{"floor":8,"key":"Ice Cream"},{"floor":9,"key":"Centennial Puzzle"},{"floor":11,"key":"Singing Bowl"},{"floor":13,"key":"Mummified Hand"}],"event_choices":[{"damage_healed":0,"gold_gain":0,"player_choice":"Take Damage","damage_taken":23,"relics_obtained":["Golden Idol"],"max_hp_gain":0,"max_hp_loss":0,"event_name":"Golden Idol","floor":2,"gold_loss":0},{"damage_healed":0,"gold_gain":150,"player_choice":"AGREE","damage_taken":0,"max_hp_gain":0,"max_hp_loss":0,"event_name":"Liars Game","floor":3,"gold_loss":0,"cards_obtained":["Doubt"]},{"cards_removed":["Doubt"],"damage_healed":0,"gold_gain":0,"player_choice":"Removed Curses","damage_taken":0,"max_hp_gain":0,"max_hp_loss":0,"event_name":"Fountain of Cleansing","floor":4,"gold_loss":0},{"damage_healed":0,"gold_gain":0,"player_choice":"Forge","damage_taken":0,"max_hp_gain":0,"max_hp_loss":0,"event_name":"Accursed Blacksmith","floor":14,"gold_loss":0,"cards_upgraded":["Caltrops"]}],"is_beta":false,"boss_relics":[],"items_purged_floors":[10],"is_endless":false,"potions_floor_spawned":[5,6,11],"killed_by":"Hexaghost","ascension_level":20}