{"gold_per_floor":[117,117,117,134,114,147,34,34,34,5,5,23,43,68,68,142,142,157,168,10,10,10,10,44,58,58,58,75,100,100,100,100,100],"floor_reached":33,"playtime":1009,"items_purged":[],"score":632,"play_id":"2d3b4d0e-1369-4975-895b-1cb6dce10a78","local_time":"20190402150643","is_ascension_mode":true,"campfire_choices":[{"data":"Defragment","floor":8,"key":"SMITH"},{"data":"Doom and Gloom","floor":11,"key":"SMITH"},{"data":"Defragment","floor":15,"key":"SMITH"},{"floor":23,"key":"REST"},{"floor":27,"key":"REST"},{"floor":32,"key":"REST"}],"neow_cost":"NONE","seed_source_timestamp":103475689629398,"circlet_count":0,"master_deck":["AscendersBane","Strike_B+1","Defend_B","Defend_B","Defend_B","Defend_B","Zap+1","Dualcast","Doom and Gloom+1","Streamline+1","Barrage","Defragment+1","Auto Shields","Ball Lightning","Defragment+1","Compile Driver","Hologram","Electrodynamics","FTL+1","Rebound","Biased Cognition"],"relics":["Cracked Core","NeowsBlessing","Ancient Tea Set","Darkstone Periapt","Kunai","Busted Crown","Regal Pillow","Whetstone","PreservedInsect","Meat on the Bone","Question Card"],"potions_floor_usage":[6,14,18,25,29,33],"damage_taken":[{"damage":0,"enemies":"Cultist","floor":1,"turns":1},{"damage":0,"enemies":"Small Slimes","floor":4,"turns":1},{"damage":0,"enemies":"Lagavulin","floor":6,"turns":1},{"damage":2,"enemies":"Jaw Worm","floor":12,"turns":2},{"damage":0,"enemies":"Blue Slaver","floor":13,"turns":3},{"damage":30,"enemies":"3 Sentries","floor":14,"turns":4},{"damage":22,"enemies":"The Guardian","floor":16,"turns":8},{"damage":17,"enemies":"Shell Parasite","floor":18,"turns":3},{"damage":18,"enemies":"Spheric Guardian","floor":19,"turns":4},{"damage":28,"enemies":"Gremlin Leader","floor":24,"turns":4},{"damage":26,"enemies":"Shelled Parasite and Fungi","floor":25,"turns":4},{"damage":26,"enemies":"Sentry and Sphere","floor":28,"turns":4},{"damage":17,"enemies":"Slavers","floor":29,"turns":3},{"damage":42,"enemies":"Automaton","floor":33,"turns":4}],"seed_played":"-6559050557937977960","potions_obtained":[{"floor":4,"key":"Fire Potion"},{"floor":5,"key":"Fruit Juice"},{"floor":6,"key":"FearPotion"},{"floor":21,"key":"FearPotion"},{"floor":21,"key":"FairyPotion"},{"floor":24,"key":"Block Potion"},{"floor":29,"key":"PowerPotion"}],"is_trial":false,"path_per_floor":["M","?","?","M","?","E","$","R","T","$","R","M","M","E","R","B",null,"M","M","$","?","$","R","E","M","T","R","M","E","?","T","R","B"],"character_chosen":"DEFECT","items_purchased":["Defragment","Auto Shields","Ball Lightning","Regal Pillow"],"campfire_rested":3,"item_purchase_floors":[7,7,10,20],"current_hp_per_floor":[64,57,57,57,57,62,62,62,62,62,62,60,60,30,30,8,59,42,24,24,24,24,61,33,7,7,44,18,1,1,1,38,0],"gold":100,"neow_bonus":"THREE_ENEMY_KILL","is_prod":false,"is_daily":false,"chose_seed":false,"campfire_upgraded":3,"win_rate":0,"timestamp":1554232003,"path_taken":["M","?","?","M","?","E","$","R","T","$","R","M","M","E","R","BOSS","M","?","?","?","$","R","E","?","T","R","M","E","?","?","R","BOSS"],"build_version":"2019-01-23","purchased_purges":0,"victory":false,"max_hp_per_floor":[71,71,71,71,71,76,76,76,76,76,76,76,76,76,76,76,76,76,76,76,76,76,76,76,76,76,76,76,76,76,76,76,76],"card_choices":[{"not_picked":["Leap","Barrage"],"picked":"Doom and Gloom","floor":1},{"not_picked":["Tempest","Barrage"],"picked":"Streamline","floor":4},{"not_picked":["Auto Shields","Meteor Strike"],"picked":"Barrage","floor":6},{"not_picked":["Self Repair","Steam Power"],"picked":"Defragment","floor":12},{"not_picked":["Conserve Battery","Auto Shields"],"picked":"Compile Driver","floor":13},{"not_picked":["Stack","Blizzard"],"picked":"Hologram","floor":14},{"not_picked":["Biased Cognition","Meteor Strike"],"picked":"Electrodynamics","floor":16},{"not_picked":["Beam Cell"],"picked":"SKIP","floor":18},{"not_picked":["Redo"],"picked":"SKIP","floor":19},{"not_picked":["Genetic Algorithm"],"picked":"SKIP","floor":24},{"not_picked":[],"picked":"FTL+1","floor":25},{"not_picked":["Steam"],"picked":"SKIP","floor":28},{"not_picked":["Fusion"],"picked":"SKIP","floor":29}],"player_experience":1529741,"relics_obtained":[{"floor":6,"key":"Ancient Tea Set"},{"floor":9,"key":"Darkstone Periapt"},{"floor":14,"key":"Kunai"},{"floor":24,"key":"Whetstone"},{"floor":26,"key":"PreservedInsect"},{"floor":29,"key":"Meat on the Bone"},{"floor":31,"key":"Question Card"}],"event_choices":[{"cards_removed":["Strike_B"],"damage_healed":0,"gold_gain":0,"player_choice":"Card Removal","damage_taken":7,"max_hp_gain":0,"max_hp_loss":0,"event_name":"Golden Wing","floor":2,"gold_loss":0},{"damage_healed":0,"gold_gain":0,"player_choice":"Grow","damage_taken":0,"max_hp_gain":0,"max_hp_loss":0,"event_name":"Living Wall","floor":3,"gold_loss":0,"cards_upgraded":["Zap"]},{"damage_healed":0,"gold_gain":0,"player_choice":"Bought 1 Potion","damage_taken":0,"max_hp_gain":0,"max_hp_loss":0,"event_name":"The Woman in Blue","floor":5,"gold_loss":0},{"damage_healed":0,"gold_gain":0,"player_choice":"Got Potions","damage_taken":0,"max_hp_gain":0,"max_hp_loss":0,"event_name":"Lab","floor":21,"gold_loss":0},{"damage_healed":0,"gold_gain":0,"cards_transformed":["Strike_B","Strike_B"],"player_choice":"Became Test Subject","damage_taken":0,"max_hp_gain":0,"max_hp_loss":0,"event_name":"Drug Dealer","floor":30,"gold_loss":0,"cards_obtained":["Rebound","Biased Cognition"]}],"is_beta":false,"boss_relics":[{"not_picked":["Nuclear Battery","Philosopher\u0027s Stone"],"picked":"Busted Crown"}],"items_purged_floors":[],"is_endless":false,"potions_floor_spawned":[4,6,12,24,29],"killed_by":"Automaton","ascension_level":20}