{"gold_per_floor":[114,264,264,339,2,30,30,59,59,59,92,104,118,134,134,211,211,226,116,41,41,66,101,101,120,198,225,225,225,12,30,30,102,102,116,131,131],"floor_reached":37,"playtime":1392,"items_purged":["Defend_B"],"score":971,"play_id":"38904350-208d-4bb1-9a3d-02bd17c21117","local_time":"20190328153057","is_ascension_mode":true,"campfire_choices":[{"data":"Dualcast","floor":7,"key":"SMITH"},{"data":"Sweeping Beam","floor":10,"key":"SMITH"},{"data":"FTL","floor":15,"key":"SMITH"},{"data":"Thunder Strike","floor":24,"key":"SMITH"},{"floor":28,"key":"REST"},{"data":"Sunder","floor":32,"key":"SMITH"}],"neow_cost":"NONE","seed_source_timestamp":999848026129760,"circlet_count":0,"master_deck":["AscendersBane","Defend_B","Defend_B","Defend_B","Zap+1","Dualcast+1","Ball Lightning","Defragment+1","Ball Lightning","Sweeping Beam+1","Leap+1","Sunder+1","Coolheaded","FTL+1","Thunder Strike+1","Storm+1","Bite","Bite","Bite","Bite","Bite","Defragment+1","Buffer+1"],"relics":["Cracked Core","NeowsBlessing","Frozen Egg 2","Bird Faced Urn","Bag of Preparation","Lantern","Busted Crown","Orichalcum","Singing Bowl","Pear","Mercury Hourglass","Oddly Smooth Stone","Black Star"],"potions_floor_usage":[11,16,16,23,27,27,33,33,37],"damage_taken":[{"damage":0,"enemies":"Small Slimes","floor":1,"turns":1},{"damage":0,"enemies":"3 Sentries","floor":6,"turns":1},{"damage":0,"enemies":"Gremlin Nob","floor":8,"turns":1},{"damage":25,"enemies":"Lagavulin","floor":11,"turns":5},{"damage":0,"enemies":"Jaw Worm","floor":12,"turns":2},{"damage":0,"enemies":"2 Louse","floor":13,"turns":1},{"damage":1,"enemies":"Exordium Wildlife","floor":14,"turns":2},{"damage":12,"enemies":"Hexaghost","floor":16,"turns":8},{"damage":7,"enemies":"Spheric Guardian","floor":18,"turns":3},{"damage":38,"enemies":"Book of Stabbing","floor":23,"turns":4},{"damage":16,"enemies":"3 Byrds","floor":25,"turns":3},{"damage":38,"enemies":"Slavers","floor":27,"turns":3},{"damage":16,"enemies":"Cultist and Chosen","floor":31,"turns":5},{"damage":45,"enemies":"Collector","floor":33,"turns":7},{"damage":0,"enemies":"3 Shapes","floor":35,"turns":3},{"damage":10,"enemies":"Orb Walker","floor":36,"turns":3},{"damage":81,"enemies":"2 Orb Walkers","floor":37,"turns":4}],"seed_played":"7109142048158910027","potions_obtained":[{"floor":6,"key":"GamblersBrew"},{"floor":12,"key":"SpeedPotion"},{"floor":13,"key":"GamblersBrew"},{"floor":16,"key":"FearPotion"},{"floor":18,"key":"GamblersBrew"},{"floor":25,"key":"FearPotion"},{"floor":27,"key":"Poison Potion"},{"floor":31,"key":"Dexterity Potion"},{"floor":35,"key":"Explosive Potion"}],"is_trial":false,"path_per_floor":["M","?","?","?","$","E","R","E","T","R","E","M","M","M","R","B",null,"M","?","$","?","T","E","R","M","T","E","R","?","$","M","R","B",null,"M","M","?"],"character_chosen":"DEFECT","items_purchased":["Frozen Egg 2","Defragment+1","Storm+1","Defragment+1","Strength Potion"],"campfire_rested":1,"item_purchase_floors":[5,5,20,30,30],"current_hp_per_floor":[64,64,64,53,53,53,53,55,55,55,32,34,36,37,37,27,60,55,55,55,49,49,25,25,23,33,9,28,28,28,30,30,9,53,65,63,0],"gold":131,"neow_bonus":"THREE_ENEMY_KILL","is_prod":false,"is_daily":false,"chose_seed":false,"campfire_upgraded":5,"win_rate":0,"timestamp":1553801457,"path_taken":["M","?","?","?","$","E","R","E","T","R","E","M","?","?","R","BOSS","M","?","?","?","?","E","R","M","T","E","R","?","$","M","R","BOSS","M","?","?"],"build_version":"2019-01-23","purchased_purges":1,"victory":false,"max_hp_per_floor":[71,71,71,71,71,71,71,71,71,71,71,71,71,71,71,71,71,71,71,71,49,49,51,51,53,63,65,65,65,65,67,67,67,67,69,71,71],"card_choices":[{"not_picked":["Heatsinks","Beam Cell"],"picked":"Ball Lightning","floor":1},{"not_picked":["Conserve Battery","Hello World+1"],"picked":"Ball Lightning","floor":6},{"not_picked":["Barrage","Lockon"],"picked":"Sweeping Beam","floor":8},{"not_picked":["Redo","Streamline"],"picked":"Leap","floor":11},{"not_picked":["Lockon","Ball Lightning"],"picked":"Sunder","floor":12},{"not_picked":["Compile Driver","Steam"],"picked":"Coolheaded","floor":13},{"not_picked":["Undo","Streamline"],"picked":"FTL","floor":14},{"not_picked":["Core Surge","Multi-Cast"],"picked":"Thunder Strike","floor":16},{"not_picked":["Sunder"],"picked":"SKIP","floor":18},{"not_picked":["Ball Lightning"],"picked":"Singing Bowl","floor":23},{"not_picked":["Rebound"],"picked":"Singing Bowl","floor":25},{"not_picked":["Ball Lightning"],"picked":"Singing Bowl","floor":27},{"not_picked":["Streamline"],"picked":"Singing Bowl","floor":31},{"not_picked":[],"picked":"Buffer+1","floor":33},{"not_picked":["Darkness"],"picked":"Singing Bowl","floor":35},{"not_picked":["Go for the Eyes"],"picked":"Singing Bowl","floor":36}],"player_experience":1468066,"relics_obtained":[{"floor":6,"key":"Bird Faced Urn"},{"floor":8,"key":"Bag of Preparation"},{"floor":11,"key":"Lantern"},{"floor":22,"key":"Orichalcum"},{"floor":23,"key":"Singing Bowl"},{"floor":26,"key":"Pear"},{"floor":27,"key":"Mercury Hourglass"}],"event_choices":[{"damage_healed":0,"gold_gain":150,"player_choice":"AGREE","damage_taken":0,"max_hp_gain":0,"max_hp_loss":0,"event_name":"Liars Game","floor":2,"gold_loss":0,"cards_obtained":["Doubt"]},{"damage_healed":0,"gold_gain":0,"player_choice":"Grow","damage_taken":0,"max_hp_gain":0,"max_hp_loss":0,"event_name":"Living Wall","floor":3,"gold_loss":0,"cards_upgraded":["Zap"]},{"damage_healed":0,"gold_gain":75,"player_choice":"Gather Gold","damage_taken":11,"max_hp_gain":0,"max_hp_loss":0,"event_name":"World of Goop","floor":4,"gold_loss":0},{"cards_removed":["Doubt"],"damage_healed":0,"gold_gain":0,"player_choice":"Upgrade and Remove","damage_taken":0,"max_hp_gain":0,"max_hp_loss":0,"event_name":"Designer","floor":19,"gold_loss":110,"cards_upgraded":["Leap"]},{"damage_healed":0,"gold_gain":0,"player_choice":"Became a vampire","damage_taken":0,"max_hp_gain":0,"max_hp_loss":22,"event_name":"Vampires","floor":21,"gold_loss":0,"cards_obtained":["Bite","Bite","Bite","Bite","Bite"]},{"damage_healed":0,"gold_gain":0,"player_choice":"Gave Potion","damage_taken":0,"relics_obtained":["Oddly Smooth Stone"],"max_hp_gain":0,"max_hp_loss":0,"event_name":"WeMeetAgain","floor":29,"gold_loss":0},{"damage_healed":0,"gold_gain":0,"player_choice":"Fight","damage_taken":0,"max_hp_gain":0,"max_hp_loss":0,"event_name":"Mysterious Sphere","floor":37,"gold_loss":0}],"is_beta":false,"boss_relics":[{"not_picked":["Astrolabe","Sozu"],"picked":"Busted Crown"},{"not_picked":["Cursed Key","Snecko Eye"],"picked":"Black Star"}],"items_purged_floors":[30],"is_endless":false,"potions_floor_spawned":[6,12,13,16,18,25,27,31,35],"killed_by":"2 Orb Walkers","ascension_level":20}