{"gold_per_floor":[113,263,263,282,47,65,82,98,154,119,131,146,176,189,189,267,267,282,298,298],"floor_reached":20,"playtime":866,"items_purged":["Doubt"],"score":351,"play_id":"d677b8c6-0595-49ef-9848-bd8614a699ab","local_time":"20190327014437","is_ascension_mode":true,"campfire_choices":[{"data":"Loop","floor":15,"key":"SMITH"}],"neow_cost":"NONE","seed_source_timestamp":864385945175672,"circlet_count":0,"master_deck":["AscendersBane","Strike_B","Strike_B","Strike_B","Strike_B","Defend_B","Defend_B","Defend_B","Defend_B","Zap","Dualcast","Ball Lightning","Self Repair","Loop+1","Leap","Sweeping Beam","Cold Snap","Ball Lightning","Reboot","Compile Driver","Buffer","Hologram","Coolheaded+1"],"relics":["FrozenCore","NeowsBlessing","Bronze Scales","Tiny Chest","Orichalcum"],"potions_floor_usage":[8,11,13,14,16],"damage_taken":[{"damage":0,"enemies":"2 Louse","floor":1,"turns":1},{"damage":0,"enemies":"Jaw Worm","floor":4,"turns":1},{"damage":0,"enemies":"Small Slimes","floor":6,"turns":1},{"damage":26,"enemies":"Exordium Wildlife","floor":7,"turns":5},{"damage":14,"enemies":"Lots of Slimes","floor":8,"turns":3},{"damage":22,"enemies":"Exordium Thugs","floor":11,"turns":4},{"damage":8,"enemies":"3 Louse","floor":12,"turns":3},{"damage":8,"enemies":"Gremlin Nob","floor":13,"turns":3},{"damage":25,"enemies":"Gremlin Gang","floor":14,"turns":4},{"damage":8,"enemies":"The Guardian","floor":16,"turns":11},{"damage":6,"enemies":"3 Byrds","floor":18,"turns":2},{"damage":13,"enemies":"Chosen","floor":19,"turns":4},{"damage":62,"enemies":"3 Cultists","floor":20,"turns":5}],"seed_played":"4890566085081949937","potions_obtained":[{"floor":1,"key":"SteroidPotion"},{"floor":7,"key":"AttackPotion"},{"floor":12,"key":"Swift Potion"},{"floor":13,"key":"FearPotion"},{"floor":14,"key":"Regen Potion"},{"floor":19,"key":"Strength Potion"}],"is_trial":false,"path_per_floor":["M","?","?","M","$","M","M","M","T","?","M","M","E","M","R","B",null,"M","M","M"],"character_chosen":"DEFECT","items_purchased":["Bronze Scales"],"campfire_rested":0,"item_purchase_floors":[5],"current_hp_per_floor":[64,64,69,69,69,69,50,43,43,62,47,46,38,20,20,34,66,60,54,0],"gold":298,"neow_bonus":"THREE_ENEMY_KILL","is_prod":false,"is_daily":false,"chose_seed":false,"campfire_upgraded":1,"win_rate":0,"timestamp":1553665477,"path_taken":["M","?","?","M","$","M","M","M","T","?","M","M","E","?","R","BOSS","M","?","M"],"build_version":"2019-01-23","purchased_purges":1,"victory":false,"max_hp_per_floor":[71,71,76,76,76,76,76,76,76,76,76,76,76,76,76,76,76,76,76,76],"card_choices":[{"not_picked":["Stack","Turbo"],"picked":"Ball Lightning","floor":1},{"not_picked":["Scrape","Tempest"],"picked":"Self Repair","floor":4},{"not_picked":["Turbo","Gash"],"picked":"Loop","floor":6},{"not_picked":["Steam","Chaos"],"picked":"Leap","floor":7},{"not_picked":["Heatsinks","Steam Power"],"picked":"Sweeping Beam","floor":8},{"not_picked":["Streamline","Hologram"],"picked":"Cold Snap","floor":11},{"not_picked":["Aggregate","Coolheaded"],"picked":"Ball Lightning","floor":12},{"not_picked":["Blizzard","Lockon"],"picked":"Reboot","floor":13},{"not_picked":["Reprogram","Storm"],"picked":"Compile Driver","floor":14},{"not_picked":["Core Surge","Machine Learning"],"picked":"Buffer","floor":16},{"not_picked":["Barrage","Beam Cell"],"picked":"Hologram","floor":18},{"not_picked":["Sweeping Beam","Self Repair"],"picked":"Coolheaded+1","floor":19}],"player_experience":1447160,"relics_obtained":[{"floor":9,"key":"Tiny Chest"},{"floor":13,"key":"Orichalcum"}],"event_choices":[{"damage_healed":0,"gold_gain":150,"player_choice":"AGREE","damage_taken":0,"max_hp_gain":0,"max_hp_loss":0,"event_name":"Liars Game","floor":2,"gold_loss":0,"cards_obtained":["Doubt"]},{"damage_healed":0,"gold_gain":0,"player_choice":"Donut","damage_taken":0,"max_hp_gain":5,"max_hp_loss":0,"event_name":"Big Fish","floor":3,"gold_loss":0},{"damage_healed":19,"gold_gain":0,"player_choice":"Healed","damage_taken":0,"max_hp_gain":0,"max_hp_loss":0,"event_name":"The Cleric","floor":10,"gold_loss":35}],"is_beta":false,"boss_relics":[{"not_picked":["Pandora\u0027s Box","Lizard Tail"],"picked":"FrozenCore"}],"items_purged_floors":[5],"is_endless":false,"potions_floor_spawned":[1,7,12,13,14,19],"killed_by":"3 Cultists","ascension_level":19}