{"gold_per_floor":[214,233,83,102,114,114,74,74,74,99,112,129,146,175,175,250,250,262,177,177,189,189,189,207,207,233,233,247,262,282,300,300,379,379,390,390,401,418,418,418],"floor_reached":40,"playtime":1483,"items_purged":["Strike_R"],"score":794,"play_id":"0e7a9e57-4907-4f7a-9019-da4fb52ac489","local_time":"20190119120848","is_ascension_mode":true,"campfire_choices":[{"data":"Inflame","floor":6.0,"key":"SMITH"},{"data":"Metallicize","floor":8.0,"key":"SMITH"},{"data":"Barricade","floor":15.0,"key":"SMITH"},{"data":"Metallicize","floor":23.0,"key":"SMITH"},{"data":"True Grit","floor":25.0,"key":"SMITH"},{"data":"Armaments","floor":27.0,"key":"SMITH"},{"data":"Demon Form","floor":32.0,"key":"SMITH"}],"neow_cost":"NONE","seed_source_timestamp":2967261756427,"circlet_count":0,"master_deck":["AscendersBane","Defend_R","Defend_R","Defend_R","Defend_R","Bash","Sword Boomerang","Metallicize+1","Inflame+1","Iron Wave","Armaments+1","Metallicize+1","Shrug It Off","Shockwave","Clothesline","Barricade+1","Demon Form+1","Second Wind+1","Rupture+1","Havoc+1","Twin Strike","Sword Boomerang","True Grit+1","Shrug It Off","Warcry+1","Flame Barrier","Exhume","Sword Boomerang+1","Writhe"],"special_seed":0,"relics":["Burning Blood","Vajra","Mercury Hourglass","Meat on the Bone","Astrolabe","Strawberry","Art of War","Busted Crown"],"potions_floor_usage":[38],"damage_taken":[{"damage":15.0,"enemies":"Small Slimes","floor":1.0,"turns":6.0},{"damage":12.0,"enemies":"Jaw Worm","floor":2.0,"turns":2.0},{"damage":8.0,"enemies":"Cultist","floor":4.0,"turns":4.0},{"damage":18.0,"enemies":"3 Louse","floor":5.0,"turns":4.0},{"damage":7.0,"enemies":"3 Sentries","floor":10.0,"turns":9.0},{"damage":2.0,"enemies":"Looter","floor":11.0,"turns":2.0},{"damage":0.0,"enemies":"Blue Slaver","floor":12.0,"turns":5.0},{"damage":3.0,"enemies":"Large Slime","floor":13.0,"turns":4.0},{"damage":0.0,"enemies":"Lagavulin","floor":14.0,"turns":6.0},{"damage":16.0,"enemies":"Slime Boss","floor":16.0,"turns":11.0},{"damage":8.0,"enemies":"2 Thieves","floor":18.0,"turns":4.0},{"damage":12.0,"enemies":"Shell Parasite","floor":21.0,"turns":7.0},{"damage":40.0,"enemies":"3 Cultists","floor":24.0,"turns":5.0},{"damage":28.0,"enemies":"Sentry and Sphere","floor":28.0,"turns":8.0},{"damage":0.0,"enemies":"Cultist and Chosen","floor":29.0,"turns":6.0},{"damage":15.0,"enemies":"Snake Plant","floor":30.0,"turns":5.0},{"damage":10.0,"enemies":"Centurion and Healer","floor":31.0,"turns":7.0},{"damage":16.0,"enemies":"Automaton","floor":33.0,"turns":9.0},{"damage":0.0,"enemies":"Orb Walker","floor":35.0,"turns":3.0},{"damage":41,"enemies":"3 Darklings","floor":37,"turns":8},{"damage":42,"enemies":"Jaw Worm Horde","floor":38,"turns":6},{"damage":66,"enemies":"Reptomancer","floor":40,"turns":2}],"seed_played":"3066592762519475602","potions_obtained":[{"floor":2.0,"key":"Swift Potion"},{"floor":4.0,"key":"Swift Potion"},{"floor":14.0,"key":"SteroidPotion"},{"floor":16.0,"key":"Fire Potion"},{"floor":18.0,"key":"Weak Potion"},{"floor":24.0,"key":"PowerPotion"},{"floor":28.0,"key":"AttackPotion"},{"floor":29.0,"key":"EssenceOfSteel"},{"floor":37,"key":"Strength Potion"}],"is_trial":false,"path_per_floor":["M","M","$","M","M","R","$","R","T","E","M","M","M","E","R","B",null,"M","?","?","M","?","R","M","R","T","R","M","M","M","M","R","B",null,"M","?","M","M","?","E"],"character_chosen":"IRONCLAD","items_purchased":["Inflame","Metallicize"],"campfire_rested":0,"item_purchase_floors":[3,7],"current_hp_per_floor":[59,53,53,51,39,39,39,39,39,38,42,48,51,57,57,47,68,66,73,73,67,59,59,37,37,37,37,27,45,48,56,56,58,76,82,82,59,35,51,0],"gold":418,"neow_bonus":"HUNDRED_GOLD","is_prod":false,"is_daily":false,"chose_seed":false,"campfire_upgraded":7,"win_rate":0,"timestamp":1547924928,"path_taken":["M","M","$","M","M","R","$","R","T","E","M","M","M","E","R","BOSS","M","?","?","?","?","R","?","R","T","R","M","M","M","M","R","BOSS","M","?","M","M","?","E"],"build_version":"2019-01-17","purchased_purges":1,"victory":false,"max_hp_per_floor":[75,75,75,75,75,75,75,75,75,75,75,75,75,75,75,75,75,75,82,82,82,82,82,82,82,82,82,82,82,82,82,82,82,82,82,82,82,82,82,82],"card_choices":[{"not_picked":["Perfected Strike","Twin Strike"],"picked":"Sword Boomerang","floor":1.0},{"not_picked":["Rampage","Carnage"],"picked":"Metallicize","floor":2.0},{"not_picked":["Havoc","Reckless Charge"],"picked":"Iron Wave","floor":4.0},{"not_picked":["Dropkick","Heavy Blade"],"picked":"Armaments","floor":5.0},{"not_picked":["Dropkick","Armaments","Heavy Blade"],"picked":"SKIP","floor":10.0},{"not_picked":["Reaper","Inflame"],"picked":"Shrug It Off","floor":11.0},{"not_picked":["Havoc","Twin Strike"],"picked":"Shockwave","floor":12.0},{"not_picked":["Dropkick","Havoc"],"picked":"Clothesline","floor":13.0},{"not_picked":["Sword Boomerang","Power Through"],"picked":"Barricade","floor":14.0},{"not_picked":["Juggernaut","Fiend Fire"],"picked":"Demon Form","floor":16.0},{"not_picked":["Headbutt","Searing Blow"],"picked":"Twin Strike","floor":18.0},{"not_picked":["Clash","Anger"],"picked":"Sword Boomerang","floor":21.0},{"not_picked":["Cleave","Warcry+1"],"picked":"True Grit","floor":24.0},{"not_picked":["Iron Wave","Sword Boomerang"],"picked":"Shrug It Off","floor":28.0},{"not_picked":["Cleave+1","Sever Soul"],"picked":"Warcry+1","floor":29.0},{"not_picked":["Sword Boomerang","Sentinel","Rage"],"picked":"SKIP","floor":30.0},{"not_picked":["Anger","Exhume"],"picked":"Flame Barrier","floor":31.0},{"not_picked":["Immolate","Juggernaut"],"picked":"Exhume","floor":33.0},{"not_picked":["Flex"],"picked":"SKIP","floor":35.0},{"not_picked":["Shockwave"],"picked":"SKIP","floor":37},{"not_picked":[],"picked":"Sword Boomerang+1","floor":38}],"player_experience":1044042,"relics_obtained":[{"floor":9.0,"key":"Vajra"},{"floor":10.0,"key":"Mercury Hourglass"},{"floor":14.0,"key":"Meat on the Bone"},{"floor":26.0,"key":"Art of War"}],"event_choices":[{"damage_healed":0.0,"max_hp_gain":0.0,"max_hp_loss":0.0,"gold_gain":0.0,"event_name":"Addict","player_choice":"Obtained Relic","floor":19.0,"gold_loss":85.0,"damage_taken":0.0,"relics_obtained":["Strawberry"]},{"damage_healed":0.0,"max_hp_gain":0.0,"max_hp_loss":0.0,"gold_gain":0.0,"event_name":"The Mausoleum","player_choice":"Ignored","floor":20.0,"gold_loss":0.0,"damage_taken":0.0},{"damage_healed":0.0,"max_hp_gain":0.0,"max_hp_loss":0.0,"gold_gain":0.0,"event_name":"Knowing Skull","player_choice":"","floor":22.0,"potions_obtained":[],"gold_loss":0.0,"damage_taken":8.0,"cards_obtained":[]},{"cards_removed":["Strike_R"],"damage_healed":0.0,"max_hp_gain":0.0,"max_hp_loss":0.0,"gold_gain":0.0,"event_name":"Falling","player_choice":"Removed Attack","floor":36.0,"gold_loss":0.0,"damage_taken":0.0},{"damage_healed":16,"gold_gain":0,"player_choice":"Writhe","damage_taken":0,"max_hp_gain":0,"max_hp_loss":0,"event_name":"Winding Halls","floor":39,"gold_loss":0,"cards_obtained":["Writhe"]}],"is_beta":true,"boss_relics":[{"not_picked":["Black Star","Calling Bell"],"picked":"Astrolabe"},{"not_picked":["Lizard Tail","Coffee Dripper"],"picked":"Busted Crown"}],"items_purged_floors":[3],"is_endless":false,"potions_floor_spawned":[2,4,5,14,16,18,24,28,29,37],"killed_by":"Reptomancer","ascension_level":17}