{"path_per_floor":["M","M","?","M","$","R","M","R","T","E","M","M","E","?","R","B",null,"M","$","M","M","M","E","R","$","T","E","M","R","?","?","R","B",null,"M","?","M","?","M","R","E","R","T","R","$","M","M","?","R","B"],"character_chosen":"IRONCLAD","items_purchased":["Frozen Egg 2","Inflame","Toxic Egg 2","Shrug It Off","Flex","Shockwave","Vajra","Combust"],"gold_per_floor":[366,381,381,393,98,98,116,116,166,195,205,225,250,250,250,350,350,367,17,27,46,64,92,92,22,22,52,68,68,68,38,38,139,139,150,150,169,169,189,189,223,223,223,223,9,24,40,40,40,40],"floor_reached":51,"campfire_rested":2,"playtime":5364,"current_hp_per_floor":[72,72,72,72,72,72,72,72,72,72,72,67,70,70,70,55,72,72,72,71,72,72,65,65,65,65,65,69,69,69,69,72,54,72,72,72,72,72,68,68,72,72,72,72,72,72,72,62,72,72],"items_purged":[],"gold":40,"play_id":"e5256b9f-b176-4294-86ba-6d23a3e1cfaf","is_prod":false,"is_daily":false,"is_ascension_mode":false,"campfire_upgraded":8,"path_taken":["M","M","?","M","$","R","M","R","T","E","M","M","E","?","R","BOSS","M","?","M","M","M","E","R","$","T","E","?","R","?","?","R","BOSS","M","?","M","?","?","R","E","R","T","R","$","M","M","?","R","BOSS"],"build_version":"2018-02-01-PROD3","purchased_purges":0,"victory":true,"master_deck":["Bash+1","Armaments+1","Fire Breathing+1","Body Slam+1","Inflame+1","Metallicize+1","Shockwave+1","Evolve+1","Shrug It Off+1","Dark Embrace+1","Shrug It Off+1","Shrug It Off+1","Flex+1","Armaments+1","Combust+1","Intimidate+1","Spot Weakness+1","Shockwave+1","Disarm+1","Iron Wave+1","Demon Form+1","Inflame+1","Body Slam+1","Body Slam+1","Cleave+1","Inflame+1","Burning Pact+1","Dual Wield+1","Limit Break+1","Metallicize+1","Flame Barrier+1","Combust+1","Headbutt+1","Shrug It Off+1","Madness+1","Madness+1","True Grit+1"],"max_hp_per_floor":[72,72,72,72,72,72,72,72,72,72,72,72,72,72,72,72,72,72,72,72,72,72,72,72,72,72,72,72,72,72,72,72,72,72,72,72,72,72,72,72,72,72,72,72,72,72,72,72,72,72],"relics":["Burning Blood","Frozen Egg 2","Omamori","Mummified Hand","Bag of Marbles","Anchor","Mark of Pain","Toxic Egg 2","Bag of Preparation","Calipers","Dream Catcher","Pandora\u0027s Box","Ancient Tea Set","Bird Faced Urn","Vajra"],"card_choices":[{"not_picked":["Flex","Anger"],"picked":"Armaments"},{"not_picked":["Battle Trance","Wild Strike"],"picked":"Fire Breathing"},{"not_picked":["Reckless Charge","Hemokinesis"],"picked":"Body Slam"},{"not_picked":["Spot Weakness","Cleave"],"picked":"Metallicize"},{"not_picked":["Power Through","Perfected Strike"],"picked":"Shockwave"},{"not_picked":["Feel No Pain","Flex"],"picked":"Evolve"},{"not_picked":["Cleave","Armaments"],"picked":"Shrug It Off"},{"not_picked":["Fiend Fire","Limit Break"],"picked":"Dark Embrace"},{"not_picked":["Power Through","Reckless Charge"],"picked":"Shrug It Off"},{"not_picked":["Shrug It Off","Cleave"],"picked":"Armaments"},{"not_picked":["Wild Strike","Armaments"],"picked":"Combust"},{"not_picked":["Clash","Sentinel"],"picked":"Intimidate"},{"not_picked":["Pommel Strike","Perfected Strike"],"picked":"Spot Weakness"},{"not_picked":["Corruption","Bloodletting"],"picked":"Disarm"},{"not_picked":["Clothesline","Battle Trance"],"picked":"Iron Wave"},{"not_picked":["Brutality","Berserk"],"picked":"Demon Form"},{"not_picked":["Pommel Strike","Shrug It Off"],"picked":"Metallicize"},{"not_picked":["Warcry","Feed"],"picked":"Flame Barrier"},{"not_picked":["Hemokinesis","Infernal Blade"],"picked":"Headbutt"},{"not_picked":["Havoc","Headbutt"],"picked":"Shrug It Off"},{"not_picked":["Evolve","Wild Strike"],"picked":"True Grit"}],"player_experience":95882,"potions_floor_usage":[13,13,16,22,23,27,33,33,33,41,41,50],"damage_taken":[{"damage":2,"enemies":"2 Louse","floor":1,"turns":4},{"damage":0,"enemies":"Jaw Worm","floor":2,"turns":4},{"damage":6,"enemies":"Blue Slaver","floor":4,"turns":5},{"damage":5,"enemies":"Looter","floor":7,"turns":4},{"damage":6,"enemies":"Gremlin Nob","floor":10,"turns":3},{"damage":5,"enemies":"3 Louse","floor":11,"turns":3},{"damage":11,"enemies":"Lots of Slimes","floor":12,"turns":4},{"damage":3,"enemies":"3 Sentries","floor":13,"turns":6},{"damage":21,"enemies":"Hexaghost","floor":16,"turns":8},{"damage":3,"enemies":"Chosen","floor":18,"turns":5},{"damage":7,"enemies":"3 Byrds","floor":20,"turns":6},{"damage":1,"enemies":"Cultist and Chosen","floor":21,"turns":6},{"damage":2,"enemies":"Snake Plant","floor":22,"turns":3},{"damage":13,"enemies":"Slavers","floor":23,"turns":5},{"damage":21,"enemies":"Gremlin Leader","floor":27,"turns":6},{"damage":2,"enemies":"3 Cultists","floor":28,"turns":4},{"damage":24,"enemies":"Champ","floor":33,"turns":13},{"damage":2,"enemies":"3 Darklings","floor":35,"turns":3},{"damage":5,"enemies":"3 Shapes","floor":37,"turns":3},{"damage":10,"enemies":"Sphere and 2 Shapes","floor":39,"turns":6},{"damage":2,"enemies":"2 Orb Walkers","floor":41,"turns":4},{"damage":2,"enemies":"3 Darklings","floor":46,"turns":4},{"damage":6,"enemies":"4 Shapes","floor":47,"turns":3},{"damage":12,"enemies":"Donu and Deca","floor":50,"turns":5}],"event_choices":[{"event_name":"Living Wall","player_choice":"Grow","floor":3,"damage_taken":0},{"event_name":"Big Fish","player_choice":"Box","floor":14,"damage_taken":0},{"event_name":"Addict","player_choice":"Ignored","floor":30,"damage_taken":0},{"event_name":"The Woman in Blue","player_choice":"Bought 2 Potions","floor":31,"damage_taken":0},{"event_name":"Transmorgrifier","player_choice":"Transform","floor":36,"damage_taken":0},{"event_name":"Winding Halls","player_choice":"Embrace Madness","floor":48,"damage_taken":0}],"boss_relics":[{"not_picked":["Tiny House","Black Blood"],"picked":"Mark of Pain"},{"not_picked":["Eternal Feather","Question Card"],"picked":"Pandora\u0027s Box"}],"potions_floor_spawned":[2,7,10,11,13,18,20,28,37,39,47],"seed_played":"-8967236378209133512","ascension_level":0,"is_trial":false}