{"gold_per_floor":[116,134,134,134,114,135,154,154],"floor_reached":8,"playtime":366,"items_purged":[],"score":100,"play_id":"1825ba89-5d35-441c-8f2e-bd3f7582e5d9","local_time":"20190407131149","is_ascension_mode":true,"campfire_choices":[],"neow_cost":"PERCENT_DAMAGE","seed_source_timestamp":529294456562967,"circlet_count":0,"master_deck":["AscendersBane","Strike_R","Strike_R","Strike_R","Strike_R","Strike_R","Defend_R","Defend_R","Defend_R","Defend_R","Bash","Feel No Pain","Pommel Strike","Rage","Twin Strike"],"relics":["Burning Blood","Golden Idol"],"potions_floor_usage":[3,6,6,8],"damage_taken":[{"damage":18,"enemies":"Cultist","floor":1,"turns":5},{"damage":8,"enemies":"2 Louse","floor":2,"turns":4},{"damage":0,"enemies":"Small Slimes","floor":3,"turns":1},{"damage":32,"enemies":"Exordium Thugs","floor":6,"turns":8},{"damage":9,"enemies":"Blue Slaver","floor":7,"turns":6},{"damage":37,"enemies":"Lagavulin","floor":8,"turns":7}],"seed_played":"-2587294225849742938","potions_obtained":[{"floor":1,"key":"SmokeBomb"},{"floor":2,"key":"Dexterity Potion"},{"floor":5,"key":"BloodPotion"},{"floor":7,"key":"EssenceOfSteel"}],"is_trial":false,"path_per_floor":["M","M","M","?","?","M","M","E"],"character_chosen":"IRONCLAD","items_purchased":[],"campfire_rested":0,"item_purchase_floors":[],"current_hp_per_floor":[52,50,56,56,56,38,35,0],"gold":154,"neow_bonus":"TWENTY_PERCENT_HP_BONUS","is_prod":false,"is_daily":false,"chose_seed":false,"campfire_upgraded":0,"win_rate":0,"timestamp":1554657109,"path_taken":["M","M","?","?","?","M","?","E"],"build_version":"2019-01-23","purchased_purges":0,"victory":false,"max_hp_per_floor":[89,89,89,81,81,81,81,81],"card_choices":[{"not_picked":["Whirlwind","Perfected Strike"],"picked":"Feel No Pain","floor":1},{"not_picked":["Headbutt","Warcry"],"picked":"Pommel Strike","floor":2},{"not_picked":["Anger","Pommel Strike"],"picked":"Rage","floor":6},{"not_picked":["True Grit","Warcry"],"picked":"Twin Strike","floor":7}],"player_experience":1696321,"relics_obtained":[],"event_choices":[{"damage_healed":0,"gold_gain":0,"player_choice":"Lose Max HP","damage_taken":0,"relics_obtained":["Golden Idol"],"max_hp_gain":0,"max_hp_loss":8,"event_name":"Golden Idol","floor":4,"gold_loss":0},{"damage_healed":0,"gold_gain":0,"player_choice":"Bought 1 Potion","damage_taken":0,"max_hp_gain":0,"max_hp_loss":0,"event_name":"The Woman in Blue","floor":5,"gold_loss":0}],"is_beta":false,"boss_relics":[],"items_purged_floors":[],"is_endless":false,"potions_floor_spawned":[1,2,7],"killed_by":"Lagavulin","ascension_level":20}