{"gold_per_floor":[115,115,128,148,148,148,174,174,174,174,189,206,234,253,253,355,355,368,368,368,368,388,423,423,452,476,476],"floor_reached":27,"playtime":1095,"items_purged":[],"score":325,"play_id":"ec473ead-558a-475e-a0f9-1072eddd15f4","local_time":"20190506170550","is_ascension_mode":true,"campfire_choices":[{"data":"Ball Lightning","floor":6,"key":"SMITH"},{"data":"Zap","floor":8,"key":"SMITH"},{"data":"Cold Snap","floor":10,"key":"SMITH"},{"floor":15,"key":"REST"},{"data":"Blizzard","floor":24,"key":"SMITH"}],"neow_cost":"NONE","seed_source_timestamp":886938356556824,"circlet_count":0,"master_deck":["Strike_B","Strike_B","Strike_B+1","Strike_B+1","Defend_B+1","Defend_B","Defend_B","Defend_B","Zap+1","Dualcast+1","Cold Snap+1","Chill","Ball Lightning+1","Static Discharge","Self Repair","Ball Lightning","Blizzard+1","Seek","Cold Snap+1","Conserve Battery","Writhe","Ghostly","Ghostly","Ghostly","Ghostly","Ghostly","Conserve Battery","Turbo+1"],"relics":["Cracked Core","NeowsBlessing","Bottled Lightning","Pantograph","Centennial Puzzle","Eternal Feather","Meat on the Bone","Anchor","Toxic Egg 2","Whetstone"],"potions_floor_usage":[16,16,23],"damage_taken":[{"damage":0,"enemies":"Small Slimes","floor":1,"turns":1},{"damage":0,"enemies":"Cultist","floor":3,"turns":1},{"damage":0,"enemies":"Jaw Worm","floor":4,"turns":1},{"damage":11,"enemies":"3 Sentries","floor":7,"turns":6},{"damage":0,"enemies":"Large Slime","floor":11,"turns":5},{"damage":0,"enemies":"Exordium Wildlife","floor":12,"turns":2},{"damage":24,"enemies":"Lagavulin","floor":13,"turns":4},{"damage":1,"enemies":"3 Louse","floor":14,"turns":2},{"damage":33,"enemies":"Hexaghost","floor":16,"turns":5},{"damage":17,"enemies":"Chosen","floor":18,"turns":5},{"damage":3,"enemies":"3 Byrds","floor":22,"turns":4},{"damage":2,"enemies":"Gremlin Leader","floor":23,"turns":8},{"damage":35,"enemies":"Book of Stabbing","floor":25,"turns":8},{"damage":22,"enemies":"Gremlin Leader","floor":27,"turns":8}],"seed_played":"-8209177218581891845","potions_obtained":[{"floor":7,"key":"Ancient Potion"},{"floor":11,"key":"PowerPotion"},{"floor":12,"key":"AttackPotion"},{"floor":13,"key":"Fire Potion"}],"is_trial":false,"path_per_floor":["M","?","M","M","?","R","E","R","T","R","M","M","E","M","R","B",null,"M","?","?","?","M","E","R","E","T","E"],"character_chosen":"DEFECT","items_purchased":[],"campfire_rested":1,"item_purchase_floors":[],"current_hp_per_floor":[75,75,75,75,60,60,49,49,49,49,49,49,32,31,53,42,75,65,65,65,37,37,37,37,21,21,0],"gold":476,"neow_bonus":"THREE_ENEMY_KILL","is_prod":false,"is_daily":false,"chose_seed":false,"campfire_upgraded":4,"win_rate":0,"timestamp":1557176750,"path_taken":["M","?","M","?","?","R","E","R","T","R","M","M","E","M","R","BOSS","M","?","?","?","M","E","R","E","T","E"],"build_version":"2019-01-23","purchased_purges":0,"victory":false,"max_hp_per_floor":[75,75,75,75,75,75,75,75,75,75,75,75,75,75,75,75,75,75,75,75,37,37,37,37,37,37,37],"card_choices":[{"not_picked":["Redo","Steam"],"picked":"Cold Snap","floor":1},{"not_picked":["Leap","Darkness"],"picked":"Chill","floor":3},{"not_picked":["Scrape","Leap"],"picked":"Ball Lightning","floor":4},{"not_picked":["Hologram","Streamline","Lockon"],"picked":"SKIP","floor":7},{"not_picked":["Heatsinks","Conserve Battery"],"picked":"Static Discharge","floor":11},{"not_picked":["Turbo","Beam Cell"],"picked":"Self Repair","floor":12},{"not_picked":["Heatsinks","Hologram"],"picked":"Ball Lightning","floor":13},{"not_picked":["Sweeping Beam","Go for the Eyes"],"picked":"Blizzard","floor":14},{"not_picked":["Machine Learning","Meteor Strike"],"picked":"Seek","floor":16},{"not_picked":["Leap","Barrage+1"],"picked":"Cold Snap","floor":18},{"not_picked":["Reprogram","Rebound"],"picked":"Conserve Battery","floor":22},{"not_picked":["Meteor Strike","Gash","Leap"],"picked":"SKIP","floor":23},{"not_picked":["Reinforced Body","Self Repair"],"picked":"Turbo","floor":25}],"player_experience":954686,"relics_obtained":[{"floor":7,"key":"Bottled Lightning"},{"floor":9,"key":"Pantograph"},{"floor":13,"key":"Centennial Puzzle"},{"floor":23,"key":"Anchor"},{"floor":25,"key":"Toxic Egg 2"},{"floor":26,"key":"Whetstone"}],"event_choices":[{"damage_healed":0,"gold_gain":0,"player_choice":"Upgraded","damage_taken":0,"max_hp_gain":0,"max_hp_loss":0,"event_name":"Upgrade Shrine","floor":2,"gold_loss":0,"cards_upgraded":["Dualcast"]},{"damage_healed":0,"gold_gain":0,"player_choice":"Entered Light","damage_taken":15,"max_hp_gain":0,"max_hp_loss":0,"event_name":"Shining Light","floor":5,"gold_loss":0,"cards_upgraded":["Strike_B","Defend_B"]},{"damage_healed":0,"gold_gain":0,"player_choice":"Read","damage_taken":0,"max_hp_gain":0,"max_hp_loss":0,"event_name":"The Library","floor":19,"gold_loss":0,"cards_obtained":["Conserve Battery"]},{"damage_healed":0,"gold_gain":0,"player_choice":"Opened","damage_taken":0,"relics_obtained":["Meat on the Bone"],"max_hp_gain":0,"max_hp_loss":0,"event_name":"The Mausoleum","floor":20,"gold_loss":0,"cards_obtained":["Writhe"]},{"damage_healed":0,"gold_gain":0,"player_choice":"Became a Ghost","damage_taken":0,"max_hp_gain":0,"max_hp_loss":38,"event_name":"Ghosts","floor":21,"gold_loss":0,"cards_obtained":["Ghostly","Ghostly","Ghostly","Ghostly","Ghostly"]}],"is_beta":false,"boss_relics":[{"not_picked":["Velvet Choker","Runic Dome"],"picked":"Eternal Feather"}],"items_purged_floors":[],"is_endless":false,"potions_floor_spawned":[7,11,12,13],"killed_by":"Gremlin Leader","ascension_level":3}