{"gold_per_floor":[112,131,16,35,35,65,83,111,111,131,142,169,169,169],"floor_reached":14,"playtime":656,"items_purged":[],"score":224,"play_id":"5763f21e-fd6b-49ce-aaff-104637acacbb","local_time":"20190430040544","is_ascension_mode":true,"campfire_choices":[{"data":"Fiend Fire","floor":13,"key":"SMITH"}],"neow_cost":"PERCENT_DAMAGE","seed_source_timestamp":641071585127234,"circlet_count":0,"master_deck":["AscendersBane","Strike_R","Strike_R","Strike_R","Strike_R","Strike_R","Defend_R+1","Defend_R","Defend_R","Defend_R+1","Bash","Clash","Inflame","Hemokinesis+1","Fiend Fire+1","Clash","Anger","Iron Wave","Shrug It Off"],"relics":["Burning Blood","Orichalcum","Art of War","War Paint","Bottled Lightning"],"potions_floor_usage":[6,6,8,11,11],"damage_taken":[{"damage":11,"enemies":"Jaw Worm","floor":1,"turns":6},{"damage":9,"enemies":"Small Slimes","floor":2,"turns":4},{"damage":0,"enemies":"Cultist","floor":4,"turns":2},{"damage":24,"enemies":"3 Sentries","floor":6,"turns":10},{"damage":2,"enemies":"Gremlin Gang","floor":7,"turns":3},{"damage":44,"enemies":"Gremlin Nob","floor":8,"turns":5},{"damage":6,"enemies":"Looter","floor":10,"turns":4},{"damage":13,"enemies":"Exordium Wildlife","floor":11,"turns":4},{"damage":17,"enemies":"Lagavulin","floor":12,"turns":6},{"damage":9,"enemies":"Blue Slaver","floor":14,"turns":2}],"seed_played":"8104330339218398218","potions_obtained":[{"floor":2,"key":"Fire Potion"},{"floor":4,"key":"Regen Potion"},{"floor":6,"key":"EssenceOfSteel"},{"floor":7,"key":"PowerPotion"},{"floor":10,"key":"EssenceOfSteel"}],"is_trial":false,"path_per_floor":["M","M","$","M","?","E","M","E","T","M","M","E","R","M"],"character_chosen":"IRONCLAD","items_purchased":["Inflame","Hemokinesis"],"campfire_rested":0,"item_purchase_floors":[3,3],"current_hp_per_floor":[59,56,56,62,62,59,63,25,25,25,18,7,7,0],"gold":169,"neow_bonus":"TWENTY_PERCENT_HP_BONUS","is_prod":false,"is_daily":false,"chose_seed":false,"campfire_upgraded":1,"win_rate":0,"timestamp":1556611544,"path_taken":["M","M","$","M","?","E","M","E","T","M","M","E","R","M"],"build_version":"2019-01-23","purchased_purges":0,"victory":false,"max_hp_per_floor":[89,89,89,89,89,89,89,89,89,89,89,89,89,89],"card_choices":[{"not_picked":["Heavy Blade","Sword Boomerang"],"picked":"Clash","floor":1},{"not_picked":["Cleave","Body Slam","Sword Boomerang"],"picked":"SKIP","floor":2},{"not_picked":["Havoc","Pommel Strike"],"picked":"Fiend Fire","floor":4},{"not_picked":["Warcry","True Grit","Dual Wield"],"picked":"SKIP","floor":6},{"not_picked":["Sword Boomerang","Cleave"],"picked":"Clash","floor":7},{"not_picked":["Havoc","Double Tap"],"picked":"Anger","floor":8},{"not_picked":["Clothesline","Body Slam"],"picked":"Iron Wave","floor":10},{"not_picked":["Heavy Blade","Headbutt","Intimidate"],"picked":"SKIP","floor":11},{"not_picked":["Wild Strike","Anger"],"picked":"Shrug It Off","floor":12}],"player_experience":2136514,"relics_obtained":[{"floor":6,"key":"Orichalcum"},{"floor":8,"key":"Art of War"},{"floor":9,"key":"War Paint"},{"floor":12,"key":"Bottled Lightning"}],"event_choices":[{"damage_healed":0,"gold_gain":0,"player_choice":"Grow","damage_taken":0,"max_hp_gain":0,"max_hp_loss":0,"event_name":"Living Wall","floor":5,"gold_loss":0,"cards_upgraded":["Hemokinesis"]}],"is_beta":false,"boss_relics":[],"items_purged_floors":[],"is_endless":false,"potions_floor_spawned":[2,4,6,7,10],"killed_by":"Blue Slaver","ascension_level":20}