{"gold_per_floor":[113,129,28,28,48,48,48,48,71,71,121,121,137,151,151,223,223,178,178,178,178,178,128,128,48,48,48,48,48],"floor_reached":29,"playtime":778,"items_purged":[],"score":369,"play_id":"24b6bc7b-8bb8-4f7d-bdba-ba9439ef9384","local_time":"20180812104622","is_ascension_mode":true,"campfire_choices":[{"data":"Neutralize","floor":6,"key":"SMITH"},{"data":"Poisoned Stab","floor":8,"key":"SMITH"},{"data":"Defend_G","floor":10,"key":"SMITH"},{"floor":15,"key":"REST"},{"floor":24,"key":"REST"},{"data":"Footwork","floor":28,"key":"SMITH"}],"neow_cost":"TEN_PERCENT_HP_LOSS","seed_source_timestamp":819567498001,"circlet_count":0,"master_deck":["Defend_G+1","Defend_G+1","Defend_G+1","Defend_G+1","Defend_G+1","Strike_G+1","Strike_G+1","Strike_G+1","Survivor","Neutralize+1","AscendersBane","Quick Slash","Poisoned Stab+1","Infinite Blades","Backflip","Crippling Poison","Glass Knife","Backflip","Neutralize+1","Cloak And Dagger","Footwork+1","Deflect+1"],"relics":["Ring of the Snake","Potion Belt","Ectoplasm","Bottled Lightning"],"potions_floor_usage":[16,16,16,29,29],"damage_taken":[{"damage":0,"enemies":"Small Slimes","floor":1,"turns":3},{"damage":0,"enemies":"2 Louse","floor":2,"turns":3},{"damage":1,"enemies":"Cultist","floor":5,"turns":4},{"damage":18,"enemies":"Exordium Thugs","floor":13,"turns":6},{"damage":4,"enemies":"3 Louse","floor":14,"turns":5},{"damage":39,"enemies":"Slime Boss","floor":16,"turns":13},{"damage":16,"enemies":"2 Thieves","floor":18,"turns":4},{"damage":6,"enemies":"Shell Parasite","floor":21,"turns":5},{"damage":3,"enemies":"Centurion and Healer","floor":27,"turns":7},{"damage":35,"enemies":"Gremlin Leader","floor":29,"turns":18}],"seed_played":"1027200973750096663","potions_obtained":[{"floor":1,"key":"FearPotion"},{"floor":2,"key":"Block Potion"},{"floor":14,"key":"GhostInAJar"},{"floor":21,"key":"Dexterity Potion"}],"is_trial":false,"path_per_floor":["M","M","$","?","M","R","$","R","T","R","?","$","M","M","R","B",null,"M","?","?","M","?","$","R","$","T","M","R"],"character_chosen":"THE_SILENT","items_purchased":["Infinite Blades","Backflip","Dexterity Potion","Footwork"],"campfire_rested":2,"item_purchase_floors":[3,3,23,25],"current_hp_per_floor":[59,59,59,52,51,51,51,51,51,51,51,51,33,29,47,8,47,31,25,25,19,19,19,37,37,37,34,34,0],"gold":48,"neow_bonus":"TRANSFORM_TWO_CARDS","is_prod":false,"is_daily":false,"chose_seed":false,"campfire_upgraded":4,"win_rate":0,"timestamp":1534095982,"path_taken":["M","M","$","?","M","R","$","R","T","R","?","?","M","?","R","BOSS","M","?","?","M","?","?","R","$","T","?","R","E"],"build_version":"2018-08-08","purchased_purges":0,"victory":false,"max_hp_per_floor":[60,60,60,60,60,60,60,60,60,60,60,60,60,60,60,60,60,60,60,60,60,60,60,60,60,60,60,60,60],"card_choices":[{"not_picked":["Caltrops","Distraction","Accuracy"],"picked":"SKIP","floor":1},{"not_picked":["Finisher","Expertise"],"picked":"Poisoned Stab","floor":2},{"not_picked":["Slice","Catalyst","Flying Knee"],"picked":"SKIP","floor":5},{"not_picked":["Skewer","Deadly Poison","Slice"],"picked":"SKIP","floor":13},{"not_picked":["Tactician","Poisoned Stab"],"picked":"Crippling Poison","floor":14},{"not_picked":["Grand Finale","Unload"],"picked":"Glass Knife","floor":16},{"not_picked":["Dodge and Roll","Poisoned Stab"],"picked":"Backflip","floor":18},{"not_picked":["Escape Plan","Distraction+1"],"picked":"Cloak And Dagger","floor":21},{"not_picked":["Predator","Slice"],"picked":"Deflect+1","floor":27}],"player_experience":874687,"relics_obtained":[{"floor":9,"key":"Potion Belt"},{"floor":26,"key":"Bottled Lightning"}],"event_choices":[{"event_name":"Golden Wing","player_choice":"Card Removal","floor":4,"damage_taken":0},{"event_name":"Golden Shrine","player_choice":"Pray","floor":11,"damage_taken":0},{"event_name":"Knowing Skull","player_choice":"","floor":19,"damage_taken":0},{"event_name":"Duplicator","player_choice":"One dupe","floor":20,"damage_taken":0},{"event_name":"Back to Basics","player_choice":"Simplicity","floor":22,"damage_taken":0}],"is_beta":true,"boss_relics":[{"not_picked":["Eternal Feather","Empty Cage"],"picked":"Ectoplasm"}],"items_purged_floors":[],"is_endless":false,"potions_floor_spawned":[1,2,14,21],"killed_by":"Gremlin Leader","ascension_level":15}