{"gold_per_floor":[359,359,50,50,50,50,66,66,66,81,100,100,124,143,143,262,262,287,287,301,9,9,33,71,71,71,84,84,100,100,21,21,141,141,159,284,284,300,633,633,668,296,296,307,635,635,635,292,292,292,292,292,4,33,33],"floor_reached":55,"playtime":10525,"items_purged":[],"score":883,"play_id":"dea71a8e-0b6e-443f-b6b8-696abbf352a3","local_time":"20190217141020","is_ascension_mode":false,"campfire_choices":[{"data":"Burst","floor":8.0,"key":"SMITH"},{"data":"Blur","floor":12.0,"key":"SMITH"},{"data":"Noxious Fumes","floor":15.0,"key":"SMITH"},{"floor":25,"key":"REST"},{"data":"Adrenaline","floor":28,"key":"SMITH"},{"data":"Blade Dance","floor":30,"key":"SMITH"},{"data":"Caltrops","floor":32,"key":"SMITH"},{"data":"Cloak And Dagger","floor":40,"key":"SMITH"},{"floor":49,"key":"RECALL"},{"data":"Night Terror","floor":52,"key":"SMITH"}],"neow_cost":"PERCENT_DAMAGE","seed_source_timestamp":0,"circlet_count":0,"master_deck":["Defend_G","Defend_G","Defend_G","Defend_G","Defend_G","Strike_G","Strike_G","Strike_G+1","Strike_G","Strike_G+1","Survivor","Neutralize","Prepared","Burst+1","Noxious Fumes+1","Blur+1","Cloak And Dagger+1","Blade Dance+1","Adrenaline+1","PiercingWail+1","Distraction+1","Cloak And Dagger","Bane+1","Blade Dance+1","Caltrops+1","Corpse Explosion","Catalyst","Night Terror+1","Bouncing Flask","Infinite Blades+1"],"special_seed":0,"relics":["Ring of the Snake","Dead Branch","Orichalcum","Ornamental Fan","Philosopher\u0027s Stone","Kunai","Snake Skull","Pen Nib","Bottled Tornado","Busted Crown","Thread and Needle","Bronze Scales","Regal Pillow","Juzu Bracelet","Old Coin","Happy Flower","Whetstone","Shuriken","Bag of Preparation"],"potions_floor_usage":[20,24,33,33,33,50,50,54,54,55],"damage_taken":[{"damage":0.0,"enemies":"Small Slimes","floor":1.0,"turns":5.0},{"damage":3.0,"enemies":"2 Louse","floor":7.0,"turns":3.0},{"damage":0.0,"enemies":"Cultist","floor":10.0,"turns":4.0},{"damage":17.0,"enemies":"Lots of Slimes","floor":11.0,"turns":6.0},{"damage":1.0,"enemies":"Exordium Thugs","floor":13.0,"turns":7.0},{"damage":0.0,"enemies":"3 Louse","floor":14.0,"turns":3.0},{"damage":0.0,"enemies":"Slime Boss","floor":16.0,"turns":10.0},{"damage":1,"enemies":"2 Thieves","floor":18,"turns":5},{"damage":1,"enemies":"Shell Parasite","floor":20,"turns":4},{"damage":0,"enemies":"Centurion and Healer","floor":23,"turns":6},{"damage":32,"enemies":"Gremlin Leader","floor":24,"turns":8},{"damage":0,"enemies":"Cultist and Chosen","floor":27,"turns":3},{"damage":0,"enemies":"Snake Plant","floor":29,"turns":3},{"damage":3,"enemies":"Champ","floor":33,"turns":9},{"damage":8,"enemies":"3 Shapes","floor":35,"turns":2},{"damage":0,"enemies":"Mind Bloom Boss Battle","floor":36,"turns":4},{"damage":1,"enemies":"Orb Walker","floor":38,"turns":3},{"damage":0,"enemies":"Nemesis","floor":41,"turns":5},{"damage":13,"enemies":"3 Darklings","floor":44,"turns":2},{"damage":0,"enemies":"Giant Head","floor":45,"turns":3},{"damage":10,"enemies":"Donu and Deca","floor":50,"turns":6},{"damage":29,"enemies":"Shield and Spear","floor":54,"turns":5},{"damage":40,"enemies":"The Heart","floor":55,"turns":2}],"seed_played":"-5835429741552444625","potions_obtained":[{"floor":7.0,"key":"Ancient Potion"},{"floor":11.0,"key":"Block Potion"},{"floor":16.0,"key":"FearPotion"},{"floor":20,"key":"Energy Potion"},{"floor":24,"key":"Ancient Potion"},{"floor":27,"key":"Weak Potion"},{"floor":29,"key":"Block Potion"},{"floor":35,"key":"Fire Potion"},{"floor":36,"key":"SteroidPotion"},{"floor":44,"key":"LiquidBronze"},{"floor":54,"key":"Explosive Potion"}],"is_trial":false,"path_per_floor":["M","?","$","?","?","?","M","R","T","M","M","R","M","M","R","B",null,"M","?","M","$","?","M","E","R","T","M","R","M","R","$","R","B",null,"M","?","?","M","?","R","E","$","T","M","E","?","?","$","R","B",null,"R","$","E","B"],"character_chosen":"THE_SILENT","items_purchased":["Dead Branch","Kunai","Cloak And Dagger","Caltrops","Catalyst","Regal Pillow","Juzu Bracelet","Happy Flower","Bouncing Flask","Whetstone","Shuriken","Block Potion"],"campfire_rested":1,"item_purchase_floors":[3,21,21,31,42,42,42,48,48,48,53,53],"current_hp_per_floor":[49,49,49,49,42,63,60,60,60,60,43,43,42,42,42,42,65,64,64,63,63,63,63,31,50,50,50,50,50,50,50,50,47,65,57,57,57,56,56,56,56,56,56,43,43,43,43,43,43,33,62,62,62,33,0],"gold":33,"neow_bonus":"TWO_FIFTY_GOLD","is_prod":false,"is_daily":false,"chose_seed":false,"campfire_upgraded":8,"win_rate":0,"timestamp":1550430620,"path_taken":["M","?","$","?","?","?","M","R","T","M","M","R","M","M","R","BOSS","M","?","M","$","?","?","E","R","T","?","R","?","R","?","R","BOSS","M","?","?","M","?","R","E","$","T","M","E","?","?","$","R","BOSS","R","$","E","BOSS"],"build_version":"2019-01-23","purchased_purges":0,"victory":false,"max_hp_per_floor":[70,65,65,65,65,65,65,65,65,65,65,65,65,65,65,65,65,65,65,65,65,65,65,65,65,65,65,65,65,65,65,65,65,65,65,65,62,62,62,62,62,62,62,62,62,62,62,62,62,62,62,62,62,62,62],"card_choices":[{"not_picked":["Deflect","Outmaneuver"],"picked":"Flying Knee","floor":1.0},{"not_picked":["Underhanded Strike","Infinite Blades"],"picked":"Burst","floor":7.0},{"not_picked":["Catalyst","Quick Slash"],"picked":"Noxious Fumes","floor":10.0},{"not_picked":["Leg Sweep","Setup"],"picked":"Blur","floor":11.0},{"not_picked":["Dodge and Roll","Choke"],"picked":"Cloak And Dagger","floor":13.0},{"not_picked":["Distraction","Riddle With Holes"],"picked":"Blade Dance","floor":14.0},{"not_picked":["Burst","Tools of the Trade"],"picked":"Adrenaline","floor":16.0},{"not_picked":["Slice","Outmaneuver"],"picked":"PiercingWail+1","floor":18},{"not_picked":["Poisoned Stab","Slice+1"],"picked":"Distraction+1","floor":20},{"not_picked":["Eviscerate","Sucker Punch"],"picked":"Bane+1","floor":23},{"not_picked":["Setup","Infinite Blades"],"picked":"Blade Dance+1","floor":24},{"not_picked":["Dagger Spray","Terror","Poisoned Stab+1"],"picked":"SKIP","floor":27},{"not_picked":["Slice","Sucker Punch","Storm of Steel"],"picked":"SKIP","floor":29},{"not_picked":["Die Die Die","Tools of the Trade"],"picked":"Corpse Explosion","floor":33},{"not_picked":["Masterful Stab+1"],"picked":"SKIP","floor":35},{"not_picked":["Outmaneuver"],"picked":"SKIP","floor":38},{"not_picked":["Dagger Spray"],"picked":"SKIP","floor":41},{"not_picked":["Heel Hook"],"picked":"SKIP","floor":44},{"not_picked":[],"picked":"Night Terror","floor":45},{"not_picked":[],"picked":"Infinite Blades+1","floor":54}],"player_experience":579452,"relics_obtained":[{"floor":9.0,"key":"Ornamental Fan"},{"floor":24,"key":"Pen Nib"},{"floor":26,"key":"Bottled Tornado"},{"floor":36,"key":"Thread and Needle"},{"floor":41,"key":"Bronze Scales"},{"floor":45,"key":"Old Coin"},{"floor":54,"key":"Bag of Preparation"}],"event_choices":[{"damage_healed":0.0,"max_hp_gain":0.0,"max_hp_loss":5.0,"gold_gain":0.0,"event_name":"Golden Idol","player_choice":"Lose Max HP","floor":2.0,"gold_loss":0.0,"damage_taken":0.0,"relics_obtained":["Golden Idol"]},{"damage_healed":0.0,"max_hp_gain":0.0,"max_hp_loss":0.0,"gold_gain":0.0,"cards_transformed":["Flying Knee"],"event_name":"Living Wall","player_choice":"Change","floor":4.0,"gold_loss":0.0,"damage_taken":0.0,"cards_obtained":["Prepared"]},{"damage_healed":0.0,"max_hp_gain":0.0,"max_hp_loss":0.0,"gold_gain":0.0,"event_name":"Scrap Ooze","player_choice":"Success","floor":5.0,"gold_loss":0.0,"damage_taken":7.0,"relics_obtained":["Orichalcum"]},{"damage_healed":21.0,"max_hp_gain":0.0,"max_hp_loss":0.0,"gold_gain":0.0,"event_name":"Big Fish","player_choice":"Banana","floor":6.0,"gold_loss":0.0,"damage_taken":0.0},{"damage_healed":0,"gold_gain":0,"player_choice":"Ignored","damage_taken":0,"max_hp_gain":0,"max_hp_loss":0,"event_name":"Ghosts","floor":19,"gold_loss":0},{"damage_healed":0,"gold_gain":0,"player_choice":"Gave Potion","damage_taken":0,"relics_obtained":["Snake Skull"],"max_hp_gain":0,"max_hp_loss":0,"event_name":"WeMeetAgain","floor":22,"gold_loss":0},{"damage_healed":0,"gold_gain":0,"player_choice":"Fight","damage_taken":0,"max_hp_gain":0,"max_hp_loss":0,"event_name":"MindBloom","floor":36,"gold_loss":0},{"damage_healed":0,"gold_gain":0,"player_choice":"Max HP","damage_taken":0,"max_hp_gain":0,"max_hp_loss":3,"event_name":"Winding Halls","floor":37,"gold_loss":0},{"damage_healed":0,"gold_gain":333,"player_choice":"Gave Idol","damage_taken":0,"max_hp_gain":0,"max_hp_loss":0,"event_name":"The Moai Head","floor":39,"relics_lost":["Golden Idol"],"gold_loss":0},{"damage_healed":0,"gold_gain":0,"player_choice":"Ignored","damage_taken":0,"max_hp_gain":0,"max_hp_loss":0,"event_name":"Tomb of Lord Red Mask","floor":46,"gold_loss":0},{"damage_healed":0,"gold_gain":0,"player_choice":"Memory 1","damage_taken":0,"max_hp_gain":0,"max_hp_loss":0,"event_name":"SensoryStone","floor":47,"gold_loss":0}],"is_beta":false,"boss_relics":[{"not_picked":["Empty Cage","White Beast Statue"],"picked":"Philosopher\u0027s Stone"},{"not_picked":["HoveringKite","Sozu"],"picked":"Busted Crown"}],"items_purged_floors":[],"is_endless":false,"potions_floor_spawned":[7,11,16,20,24,27,29,35,36,44,54],"killed_by":"The Heart","ascension_level":0}