{"gold_per_floor":[362,379,379,391,411,411,442,442,442,442,474,24,174,10,10,82,82,96,128,128],"floor_reached":20,"playtime":803,"items_purged":["Doubt"],"score":360,"play_id":"f2f8b230-9306-42e4-915f-793e3f6399a2","local_time":"20190507072919","is_ascension_mode":true,"campfire_choices":[{"data":"Sword Boomerang","floor":6,"key":"SMITH"},{"data":"Perfected Strike","floor":8,"key":"SMITH"},{"data":"Bash","floor":10,"key":"SMITH"},{"floor":15,"key":"REST"}],"neow_cost":"PERCENT_DAMAGE","seed_source_timestamp":1258031023983651,"circlet_count":0,"master_deck":["AscendersBane","Strike_R","Strike_R","Strike_R","Strike_R","Defend_R","Defend_R","Defend_R","Defend_R","Bash+1","Spot Weakness","Sword Boomerang+1","Perfected Strike+1","Wild Strike","Feel No Pain+1","Disarm","Reaper","Feel No Pain+1","Limit Break","Evolve+1"],"relics":["Burning Blood","Frozen Egg 2","Vajra","Centennial Puzzle","Busted Crown","Red Mask"],"potions_floor_usage":[5,7,7,16,19],"damage_taken":[{"damage":2,"enemies":"2 Louse","floor":1,"turns":4},{"damage":7,"enemies":"Cultist","floor":2,"turns":4},{"damage":9,"enemies":"Small Slimes","floor":4,"turns":4},{"damage":8,"enemies":"Exordium Wildlife","floor":5,"turns":4},{"damage":25,"enemies":"3 Sentries","floor":7,"turns":6},{"damage":30,"enemies":"Lagavulin","floor":11,"turns":6},{"damage":38,"enemies":"Slime Boss","floor":16,"turns":11},{"damage":29,"enemies":"Shell Parasite","floor":18,"turns":5},{"damage":41,"enemies":"Masked Bandits","floor":19,"turns":4},{"damage":18,"enemies":"Spheric Guardian","floor":20,"turns":3}],"seed_played":"-3561990855954561385","potions_obtained":[{"floor":1,"key":"Block Potion"},{"floor":4,"key":"Explosive Potion"},{"floor":5,"key":"BloodPotion"},{"floor":11,"key":"AttackPotion"},{"floor":18,"key":"Explosive Potion"}],"is_trial":false,"path_per_floor":["M","M","?","M","M","R","E","R","T","R","E","$","?","$","R","B",null,"M","?","M"],"character_chosen":"IRONCLAD","items_purchased":["Feel No Pain+1","Disarm","Reaper","Centennial Puzzle","Feel No Pain+1"],"campfire_rested":1,"item_purchase_floors":[12,12,12,12,14],"current_hp_per_floor":[54,53,53,50,48,48,36,36,36,36,12,12,12,12,34,9,59,48,13,0],"gold":128,"neow_bonus":"TWO_FIFTY_GOLD","is_prod":false,"is_daily":false,"chose_seed":false,"campfire_upgraded":3,"win_rate":0,"timestamp":1557228559,"path_taken":["M","M","?","M","?","R","E","R","T","R","E","$","?","$","R","BOSS","M","?","M"],"build_version":"2019-01-23","purchased_purges":1,"victory":false,"max_hp_per_floor":[75,75,75,75,75,75,75,75,75,75,75,75,75,75,75,75,75,75,75,75],"card_choices":[{"not_picked":["Metallicize","Sword Boomerang"],"picked":"Spot Weakness","floor":1},{"not_picked":["True Grit","Flex","Burning Pact"],"picked":"SKIP","floor":2},{"not_picked":["Power Through","Seeing Red"],"picked":"Sword Boomerang","floor":4},{"not_picked":["Infernal Blade","Dual Wield","Sword Boomerang"],"picked":"SKIP","floor":5},{"not_picked":["Twin Strike","Searing Blow"],"picked":"Perfected Strike","floor":7},{"not_picked":["Entrench","Disarm"],"picked":"Wild Strike","floor":11},{"not_picked":["Brutality+1","Double Tap"],"picked":"Limit Break","floor":16},{"not_picked":["Iron Wave"],"picked":"SKIP","floor":18},{"not_picked":[],"picked":"Evolve+1","floor":19}],"player_experience":2432666,"relics_obtained":[{"floor":9,"key":"Frozen Egg 2"},{"floor":11,"key":"Vajra"},{"floor":19,"key":"Red Mask"}],"event_choices":[{"cards_removed":["Strike_R"],"damage_healed":0,"gold_gain":0,"player_choice":"Purged","damage_taken":0,"max_hp_gain":0,"max_hp_loss":0,"event_name":"Purifier","floor":3,"gold_loss":0},{"damage_healed":0,"gold_gain":150,"player_choice":"AGREE","damage_taken":0,"max_hp_gain":0,"max_hp_loss":0,"event_name":"Liars Game","floor":13,"gold_loss":0,"cards_obtained":["Doubt"]},{"damage_healed":0,"gold_gain":0,"player_choice":"Fought Bandits","damage_taken":0,"max_hp_gain":0,"max_hp_loss":0,"event_name":"Masked Bandits","floor":19,"gold_loss":0}],"is_beta":false,"boss_relics":[{"not_picked":["Lizard Tail","Philosopher\u0027s Stone"],"picked":"Busted Crown"}],"items_purged_floors":[14],"is_endless":false,"potions_floor_spawned":[1,4,5,11,18],"killed_by":"Spheric Guardian","ascension_level":20}