{"path_per_floor":["M","$","M","M","$","?","E","R","T","R","E","M","M","E","R","B",null,"M","?","?","M","?","R","M","E","T","$","$","M","M","M","R"],"character_chosen":"IRONCLAD","items_purchased":["Shrug It Off","Membership Card","Molten Egg 2","Shrug It Off","Armaments"],"gold_per_floor":[112,14,28,46,46,146,172,172,219,219,254,272,290,320,320,423,423,442,442,442,454,369,369,386,411,465,62,4,19,39,55,55],"floor_reached":33,"campfire_rested":0,"playtime":2397,"current_hp_per_floor":[80,80,80,80,80,80,64,64,64,64,64,65,71,60,60,22,66,60,60,56,59,59,59,56,65,65,65,65,65,69,69,69],"items_purged":["Defend_R"],"gold":55,"score":417,"play_id":"28d0e75e-911c-4fff-917b-da4c8b484f00","is_prod":false,"is_daily":false,"is_ascension_mode":true,"campfire_upgraded":5,"path_taken":["M","$","?","M","?","?","E","R","T","R","E","M","?","E","R","BOSS","M","?","?","M","?","R","?","E","T","?","$","M","M","M","R","BOSS"],"build_version":"2018-02-15-PROD1","purchased_purges":1,"victory":false,"master_deck":["Defend_R","Defend_R","Defend_R","Bash+1","Shrug It Off","Shrug It Off","Iron Wave+1","Seeing Red+1","Sword Boomerang+1","Reckless Charge","Spot Weakness+1","Thunderclap","Feed","Flex+1","Bite","Bite","Bite","Bite","Bite","Battle Trance+1","Shrug It Off+1","Shrug It Off+1","Armaments+1","Headbutt+1","Power Through+1","Burning Pact+1"],"max_hp_per_floor":[80,80,80,80,80,80,80,80,80,80,80,80,80,80,80,80,80,80,80,56,59,59,59,62,65,65,65,65,65,69,69,69],"relics":["Burning Blood","Omamori","Bag of Preparation","Whetstone","Vajra","Sozu","Toxic Egg 2","Regal Pillow","Tiny Chest","Membership Card","Molten Egg 2"],"card_choices":[{"not_picked":["Perfected Strike","Second Wind"],"picked":"Shrug It Off"},{"not_picked":["Rampage","Clash"],"picked":"Iron Wave"},{"not_picked":["Havoc","Perfected Strike"],"picked":"Seeing Red"},{"not_picked":["Rupture","Perfected Strike"],"picked":"Sword Boomerang"},{"not_picked":["Shockwave","Seeing Red"],"picked":"Reckless Charge"},{"not_picked":["Rage","Sword Boomerang"],"picked":"Spot Weakness"},{"not_picked":["Pummel","Whirlwind"],"picked":"Thunderclap"},{"not_picked":["Juggernaut","Barricade"],"picked":"Feed"},{"not_picked":["Wild Strike","Corruption"],"picked":"Flex"},{"not_picked":["Power Through","Clothesline"],"picked":"Battle Trance"},{"not_picked":["Perfected Strike","Twin Strike"],"picked":"Shrug It Off"},{"not_picked":["Warcry","Havoc"],"picked":"Headbutt"},{"not_picked":["Fiend Fire","Headbutt"],"picked":"Power Through"},{"not_picked":["Sword Boomerang","Clothesline"],"picked":"Burning Pact"}],"player_experience":277845,"potions_floor_usage":[7,11,11],"damage_taken":[{"damage":6,"enemies":"Cultist","floor":1,"turns":4},{"damage":2,"enemies":"Jaw Worm","floor":3,"turns":4},{"damage":0,"enemies":"2 Louse","floor":4,"turns":3},{"damage":22,"enemies":"3 Sentries","floor":7,"turns":8},{"damage":15,"enemies":"Gremlin Nob","floor":11,"turns":4},{"damage":5,"enemies":"Gremlin Gang","floor":12,"turns":6},{"damage":0,"enemies":"Exordium Wildlife","floor":13,"turns":3},{"damage":17,"enemies":"Lagavulin","floor":14,"turns":4},{"damage":44,"enemies":"Hexaghost","floor":16,"turns":7},{"damage":12,"enemies":"Shell Parasite","floor":18,"turns":3},{"damage":7,"enemies":"3 Byrds","floor":21,"turns":3},{"damage":12,"enemies":"Centurion and Healer","floor":24,"turns":3},{"damage":0,"enemies":"Slavers","floor":25,"turns":2},{"damage":0,"enemies":"Chosen and Byrds","floor":29,"turns":2},{"damage":10,"enemies":"Slaver and Parasite","floor":30,"turns":4},{"damage":3,"enemies":"Snecko","floor":31,"turns":4},{"damage":82,"enemies":"Automaton","floor":33,"turns":12}],"event_choices":[{"event_name":"Golden Shrine","player_choice":"Pray","floor":6,"damage_taken":0},{"event_name":"Forgotten Altar","player_choice":"Smashed Altar","floor":19,"damage_taken":0},{"event_name":"Vampires","player_choice":"Became a vampire","floor":20,"damage_taken":0},{"event_name":"Addict","player_choice":"Obtained Relic","floor":22,"damage_taken":0}],"boss_relics":[{"not_picked":["Philosopher\u0027s Stone","Astrolabe"],"picked":"Sozu"}],"potions_floor_spawned":[3,4,7,16,21,29,30,31],"seed_played":"5216324689431601533","killed_by":"Automaton","ascension_level":5,"is_trial":false}