{"gold_per_floor":[118,118,118,193,208,208,239,239,239,239,239,261,290,326,338,445,457,451,463,40,54,69,69,69,103,103,136,149,179,179,2,2,103,103,117,0,51,63,78,108,108,142,167,195,195,227,99,114,114,114],"floor_reached":51,"playtime":3966,"items_purged":["Strike_B","Shame"],"score":1158,"play_id":"194e2398-e0ea-4c4a-b39c-c725bf761291","local_time":"20190430201355","is_ascension_mode":true,"campfire_choices":[{"data":"Dualcast","floor":6.0,"key":"SMITH"},{"data":"Coolheaded","floor":8.0,"key":"SMITH"},{"data":"Ball Lightning","floor":10.0,"key":"SMITH"},{"floor":15,"key":"REST"},{"floor":23,"key":"REST"},{"floor":30,"key":"REST"},{"floor":32,"key":"REST"},{"floor":41,"key":"REST"},{"floor":49,"key":"REST"}],"neow_cost":"NONE","seed_source_timestamp":0,"circlet_count":0,"master_deck":["Strike_B+1","Strike_B+1","Defend_B+1","Defend_B+1","Defend_B+1","Zap+1","Dualcast+1","Conserve Battery+1","Coolheaded+1","Ball Lightning+1","Capacitor+1","Hologram+1","Sweeping Beam+1","Creative AI+1","Sunder+1","Doom and Gloom+1","Go for the Eyes+1","Go for the Eyes+1","Leap+1","Undo+1","Stack+1","Seek+1","Compile Driver+1","Beam Cell+1","Conserve Battery+1","Coolheaded+1","Hologram+1","Biased Cognition+1","Stack+1","Multi-Cast"],"special_seed":0,"relics":["Cracked Core","Blood Vial","Potion Belt","MawBank","Fusion Hammer","Membership Card","Whetstone","Dream Catcher","Matryoshka","Pen Nib","Bronze Scales","Thread and Needle","Orichalcum","Du-Vu Doll","Medical Kit","DataDisk","Nuclear Battery","Red Mask","Ginger","Cables","Bag of Preparation","Smiling Mask","Oddly Smooth Stone","Calipers","Mark of the Bloom","Mummified Hand","Vajra"],"potions_floor_usage":[16,16,16,25,29,50,50,50],"damage_taken":[{"damage":2.0,"enemies":"2 Louse","floor":1.0,"turns":3.0},{"damage":0.0,"enemies":"Small Slimes","floor":5.0,"turns":3.0},{"damage":8.0,"enemies":"Lagavulin","floor":7.0,"turns":8.0},{"damage":5.0,"enemies":"Jaw Worm","floor":12.0,"turns":2.0},{"damage":2.0,"enemies":"Large Slime","floor":13.0,"turns":4.0},{"damage":0.0,"enemies":"Lots of Slimes","floor":14.0,"turns":3.0},{"damage":25,"enemies":"Hexaghost","floor":16,"turns":10},{"damage":11,"enemies":"2 Thieves","floor":18,"turns":4},{"damage":8,"enemies":"Spheric Guardian","floor":21,"turns":4},{"damage":21,"enemies":"Snake Plant","floor":22,"turns":5},{"damage":28,"enemies":"Gremlin Leader","floor":25,"turns":5},{"damage":19,"enemies":"Slavers","floor":27,"turns":3},{"damage":1,"enemies":"3 Cultists","floor":28,"turns":4},{"damage":9,"enemies":"Book of Stabbing","floor":29,"turns":4},{"damage":28,"enemies":"Collector","floor":33,"turns":11},{"damage":0,"enemies":"3 Shapes","floor":35,"turns":5},{"damage":4,"enemies":"2 Orb Walkers","floor":37,"turns":4},{"damage":0,"enemies":"3 Darklings","floor":38,"turns":3},{"damage":9,"enemies":"Sphere and 2 Shapes","floor":39,"turns":3},{"damage":9,"enemies":"Giant Head","floor":40,"turns":8},{"damage":14,"enemies":"Nemesis","floor":42,"turns":4},{"damage":0,"enemies":"Reptomancer","floor":44,"turns":4},{"damage":6,"enemies":"Nemesis","floor":46,"turns":7},{"damage":0,"enemies":"Maw","floor":48,"turns":4},{"damage":12,"enemies":"Time Eater","floor":50,"turns":8}],"seed_played":"5990195199015904562","potions_obtained":[{"floor":1.0,"key":"SpeedPotion"},{"floor":7.0,"key":"GamblersBrew"},{"floor":12.0,"key":"AttackPotion"},{"floor":14,"key":"Energy Potion"},{"floor":21,"key":"FocusPotion"},{"floor":27,"key":"Poison Potion"},{"floor":28,"key":"Explosive Potion"},{"floor":35,"key":"SkillPotion"},{"floor":39,"key":"AttackPotion"},{"floor":44,"key":"GamblersBrew"},{"floor":46,"key":"Poison Potion"}],"is_trial":false,"path_per_floor":["M","?","?","?","M","R","E","R","T","R","T","M","M","M","R","B",null,"M","?","$","M","M","R","?","E","T","E","M","E","R","$","R","B",null,"M","?","?","M","M","E","R","E","T","E","?","E","$","M","R","B",null],"character_chosen":"DEFECT","items_purchased":["Membership Card","Whetstone","Dream Catcher","Sunder","Medical Kit","DataDisk","Vajra"],"campfire_rested":6,"item_purchase_floors":[20,20,20,20,31,31,47],"current_hp_per_floor":[66,51,44,33,33,33,25,25,25,25,25,22,22,24,46,23,62,53,53,53,47,28,50,50,24,24,7,8,1,23,23,45,19,61,63,63,61,63,56,49,71,59,59,61,61,55,55,55,55,43],"gold":114,"neow_bonus":"UPGRADE_CARD","is_prod":false,"is_daily":false,"chose_seed":false,"campfire_upgraded":3,"win_rate":0,"timestamp":1556651635,"path_taken":["M","?","?","?","M","R","E","R","T","R","?","M","?","M","R","BOSS","M","?","$","?","M","R","?","E","T","E","M","E","R","$","R","BOSS","M","?","?","M","M","E","R","E","T","E","?","E","$","M","R","BOSS"],"build_version":"2019-01-23","purchased_purges":2,"victory":true,"max_hp_per_floor":[75,75,75,75,75,75,75,75,75,75,75,75,75,75,75,75,75,75,75,75,75,75,75,75,75,75,75,75,75,75,75,75,75,75,75,75,75,75,75,75,75,75,75,75,75,75,75,75,75,75],"card_choices":[{"not_picked":["Reinforced Body","Rebound"],"picked":"Conserve Battery","floor":1.0},{"not_picked":["Lockon","Barrage"],"picked":"Coolheaded","floor":5.0},{"not_picked":["Beam Cell","Stack"],"picked":"Ball Lightning","floor":7.0},{"not_picked":["Streamline","Rebound"],"picked":"Capacitor","floor":12.0},{"not_picked":["Blizzard","Chaos"],"picked":"Hologram","floor":13.0},{"not_picked":["Conserve Battery","Ball Lightning"],"picked":"Sweeping Beam","floor":14},{"not_picked":["Fission","Reboot"],"picked":"Creative AI","floor":16},{"not_picked":["Rebound","Hologram","Beam Cell"],"picked":"SKIP","floor":18},{"not_picked":["Tempest","Sweeping Beam+1"],"picked":"Doom and Gloom+1","floor":21},{"not_picked":["Sweeping Beam","Conserve Battery"],"picked":"Go for the Eyes","floor":22},{"not_picked":["Coolheaded","Rebound"],"picked":"Go for the Eyes+1","floor":25},{"not_picked":["Sweeping Beam+1","Cold Snap"],"picked":"Leap","floor":27},{"not_picked":["Sunder","Steam","Rebound+1"],"picked":"SKIP","floor":28},{"not_picked":["Tempest","Hologram","Chaos"],"picked":"SKIP","floor":29},{"not_picked":["Tempest+1","Barrage+1"],"picked":"Undo","floor":30},{"not_picked":["Reprogram","Beam Cell"],"picked":"Stack+1","floor":32},{"not_picked":["Reboot","Meteor Strike"],"picked":"Seek","floor":33},{"not_picked":["Turbo+1","Coolheaded"],"picked":"Compile Driver","floor":35},{"not_picked":["Streamline+1","Gash"],"picked":"Beam Cell+1","floor":38},{"not_picked":["Hello World","Blizzard+1","Cold Snap"],"picked":"SKIP","floor":39},{"not_picked":["Amplify","Go for the Eyes+1"],"picked":"Conserve Battery+1","floor":40},{"not_picked":["Gash","Compile Driver"],"picked":"Coolheaded+1","floor":41},{"not_picked":["Reboot","Turbo"],"picked":"Hologram+1","floor":42},{"not_picked":["Redo","Self Repair"],"picked":"Biased Cognition","floor":44},{"not_picked":["Recycle","Barrage+1"],"picked":"Stack+1","floor":46},{"not_picked":["Hello World","Hologram+1","Turbo+1"],"picked":"SKIP","floor":48},{"not_picked":["Rip and Tear+1","Ball Lightning+1"],"picked":"Multi-Cast","floor":49}],"player_experience":264032,"relics_obtained":[{"floor":7.0,"key":"Blood Vial"},{"floor":9.0,"key":"Potion Belt"},{"floor":11.0,"key":"MawBank"},{"floor":25,"key":"Pen Nib"},{"floor":26,"key":"Bronze Scales"},{"floor":26,"key":"Thread and Needle"},{"floor":27,"key":"Orichalcum"},{"floor":29,"key":"Du-Vu Doll"},{"floor":37,"key":"Ginger"},{"floor":40,"key":"Cables"},{"floor":42,"key":"Bag of Preparation"},{"floor":43,"key":"Smiling Mask"},{"floor":43,"key":"Oddly Smooth Stone"},{"floor":44,"key":"Calipers"},{"floor":46,"key":"Mummified Hand"}],"event_choices":[{"damage_healed":0.0,"max_hp_gain":0.0,"max_hp_loss":0.0,"gold_gain":0.0,"event_name":"Shining Light","player_choice":"Entered Light","floor":2.0,"gold_loss":0.0,"damage_taken":15.0,"cards_upgraded":["Defend_B","Defend_B"]},{"cards_removed":["Strike_B"],"damage_healed":0.0,"max_hp_gain":0.0,"max_hp_loss":0.0,"gold_gain":0.0,"event_name":"Golden Wing","player_choice":"Card Removal","floor":3.0,"gold_loss":0.0,"damage_taken":7.0},{"damage_healed":0.0,"max_hp_gain":0.0,"max_hp_loss":0.0,"gold_gain":75.0,"event_name":"World of Goop","player_choice":"Gather Gold","floor":4.0,"gold_loss":0.0,"damage_taken":11.0},{"cards_removed":["Defend_B"],"damage_healed":0,"gold_gain":0,"player_choice":"Offered Basic","damage_taken":0,"max_hp_gain":0,"max_hp_loss":0,"event_name":"Bonfire Elementals","floor":19,"gold_loss":0},{"damage_healed":0,"gold_gain":0,"player_choice":"Stole Relic","damage_taken":0,"relics_obtained":["Matryoshka"],"max_hp_gain":0,"max_hp_loss":0,"event_name":"Addict","floor":24,"gold_loss":0,"cards_obtained":["Shame"]},{"damage_healed":0,"gold_gain":0,"player_choice":"Paid","damage_taken":0,"relics_obtained":["Red Mask"],"max_hp_gain":0,"max_hp_loss":0,"event_name":"Tomb of Lord Red Mask","floor":36,"gold_loss":117},{"damage_healed":0,"gold_gain":0,"player_choice":"Fight","damage_taken":0,"max_hp_gain":0,"max_hp_loss":0,"event_name":"Mysterious Sphere","floor":37,"gold_loss":0},{"damage_healed":0,"gold_gain":0,"player_choice":"Upgrade","damage_taken":0,"relics_obtained":["Mark of the Bloom"],"max_hp_gain":0,"max_hp_loss":0,"event_name":"MindBloom","floor":45,"gold_loss":0,"cards_upgraded":["Defend_B","Conserve Battery","Capacitor","Hologram","Sweeping Beam","Creative AI","Sunder","Go for the Eyes","Leap","Undo","Seek","Compile Driver","Biased Cognition"]}],"is_beta":false,"boss_relics":[{"not_picked":["Sozu","Empty Cage"],"picked":"Fusion Hammer"},{"not_picked":["Black Star","Eternal Feather"],"picked":"Nuclear Battery"}],"items_purged_floors":[20,47],"is_endless":false,"potions_floor_spawned":[1,7,12,14,21,27,28,35,39,44,46],"ascension_level":7}