{"gold_per_floor":[111,125,275,287,287,287,287,287,287,310,310,322,353,405,417,429],"floor_reached":16,"playtime":443,"items_purged":[],"score":200,"play_id":"55f75f70-bc9f-492b-b495-ff164f76b346","local_time":"20190428074322","is_ascension_mode":true,"campfire_choices":[{"data":"Bash","floor":6,"key":"SMITH"},{"data":"Perfected Strike","floor":8,"key":"SMITH"},{"data":"Perfected Strike","floor":12,"key":"SMITH"},{"data":"Wild Strike","floor":15,"key":"SMITH"}],"neow_cost":"NONE","seed_source_timestamp":481536682055032,"circlet_count":0,"master_deck":["AscendersBane","Strike_R","Strike_R","Strike_R","Strike_R","Strike_R","Defend_R","Defend_R","Defend_R","Defend_R","Bash+1","Perfected Strike+1","Perfected Strike+1","Doubt","Spot Weakness","Wild Strike+1","Feed"],"relics":["Burning Blood","Golden Idol","Vajra","Meat on the Bone","MawBank","Juzu Bracelet"],"potions_floor_usage":[16,16],"damage_taken":[{"damage":7,"enemies":"Small Slimes","floor":1,"turns":5},{"damage":14,"enemies":"2 Louse","floor":2,"turns":3},{"damage":14,"enemies":"Jaw Worm","floor":4,"turns":5},{"damage":18,"enemies":"3 Louse","floor":10,"turns":4},{"damage":13,"enemies":"Blue Slaver","floor":13,"turns":2},{"damage":11,"enemies":"Gremlin Nob","floor":14,"turns":3},{"damage":49,"enemies":"Hexaghost","floor":16,"turns":7}],"seed_played":"-4751129033360084158","potions_obtained":[{"floor":2,"key":"Ancient Potion"},{"floor":10,"key":"Swift Potion"},{"floor":13,"key":"FearPotion"}],"is_trial":false,"path_per_floor":["M","M","?","M","?","R","?","R","T","M","T","R","M","E","R","B"],"character_chosen":"IRONCLAD","items_purchased":[],"campfire_rested":0,"item_purchase_floors":[],"current_hp_per_floor":[74,66,66,58,58,58,47,47,47,47,47,47,52,47,47,0],"gold":429,"neow_bonus":"TEN_PERCENT_HP_BONUS","is_prod":false,"is_daily":false,"chose_seed":false,"campfire_upgraded":4,"win_rate":0,"timestamp":1556451802,"path_taken":["M","M","?","M","?","R","?","R","T","M","?","R","M","E","R","BOSS"],"build_version":"2019-01-23","purchased_purges":0,"victory":false,"max_hp_per_floor":[82,82,82,82,74,74,74,74,74,74,74,74,74,74,74,74],"card_choices":[{"not_picked":["Clash","Body Slam"],"picked":"Perfected Strike","floor":1},{"not_picked":["Armaments","Flex"],"picked":"Perfected Strike","floor":2},{"not_picked":["Dual Wield","Sentinel"],"picked":"Spot Weakness","floor":4},{"not_picked":["Cleave","Body Slam","Anger"],"picked":"SKIP","floor":10},{"not_picked":["Hemokinesis","Uppercut"],"picked":"Wild Strike","floor":13},{"not_picked":["Exhume","Heavy Blade"],"picked":"Feed","floor":14}],"player_experience":2041660,"relics_obtained":[{"floor":9,"key":"Meat on the Bone"},{"floor":11,"key":"MawBank"},{"floor":14,"key":"Juzu Bracelet"}],"event_choices":[{"damage_healed":0,"gold_gain":150,"player_choice":"AGREE","damage_taken":0,"max_hp_gain":0,"max_hp_loss":0,"event_name":"Liars Game","floor":3,"gold_loss":0,"cards_obtained":["Doubt"]},{"damage_healed":0,"gold_gain":0,"player_choice":"Lose Max HP","damage_taken":0,"relics_obtained":["Golden Idol"],"max_hp_gain":0,"max_hp_loss":8,"event_name":"Golden Idol","floor":5,"gold_loss":0},{"damage_healed":0,"gold_gain":0,"player_choice":"Success","damage_taken":11,"relics_obtained":["Vajra"],"max_hp_gain":0,"max_hp_loss":0,"event_name":"Scrap Ooze","floor":7,"gold_loss":0}],"is_beta":false,"boss_relics":[],"items_purged_floors":[],"is_endless":false,"potions_floor_spawned":[2,10,13],"killed_by":"Hexaghost","ascension_level":20}