{"gold_per_floor":[117,117,142,165,186,186,199,239,263,263,263],"floor_reached":11,"playtime":468,"items_purged":[],"score":135,"play_id":"89ca0e0b-1589-40de-84fc-ba21d1a5d1ef","local_time":"20190427152311","is_ascension_mode":true,"campfire_choices":[{"data":"Zap","floor":6,"key":"SMITH"},{"floor":10,"key":"REST"}],"neow_cost":"NONE","seed_source_timestamp":8837010367699,"circlet_count":0,"master_deck":["AscendersBane","Strike_B","Strike_B","Strike_B","Strike_B","Defend_B+1","Defend_B","Defend_B","Defend_B","Zap+1","Dualcast","Sweeping Beam","Hologram","Leap+1","Biased Cognition","Compile Driver","Go for the Eyes"],"relics":["Cracked Core","Lantern","Golden Idol","Toxic Egg 2","War Paint"],"potions_floor_usage":[8],"damage_taken":[{"damage":12,"enemies":"Small Slimes","floor":1,"turns":3},{"damage":11,"enemies":"2 Louse","floor":3,"turns":2},{"damage":0,"enemies":"Jaw Worm","floor":4,"turns":3},{"damage":8,"enemies":"Blue Slaver","floor":5,"turns":4},{"damage":17,"enemies":"2 Fungi Beasts","floor":7,"turns":3},{"damage":6,"enemies":"Lagavulin","floor":8,"turns":7},{"damage":32,"enemies":"3 Sentries","floor":11,"turns":4}],"seed_played":"3071442223276992986","potions_obtained":[{"floor":3,"key":"Fire Potion"},{"floor":7,"key":"Block Potion"}],"is_trial":false,"path_per_floor":["M","?","M","M","M","R","M","E","T","R","E"],"character_chosen":"DEFECT","items_purchased":[],"campfire_rested":1,"item_purchase_floors":[],"current_hp_per_floor":[52,52,41,41,33,33,16,10,10,29,0],"gold":263,"neow_bonus":"RANDOM_COMMON_RELIC","is_prod":false,"is_daily":false,"chose_seed":false,"campfire_upgraded":1,"win_rate":0,"timestamp":1556371391,"path_taken":["M","?","M","M","M","R","M","E","T","R","E"],"build_version":"2019-01-23","purchased_purges":0,"victory":false,"max_hp_per_floor":[71,64,64,64,64,64,64,64,64,64,64],"card_choices":[{"not_picked":["Rebound","Redo"],"picked":"Sweeping Beam","floor":1},{"not_picked":["Barrage","Rebound"],"picked":"Hologram","floor":3},{"not_picked":["Aggregate","Turbo"],"picked":"Leap","floor":4},{"not_picked":["Sunder","Steam"],"picked":"Biased Cognition","floor":5},{"not_picked":["Hello World","Coolheaded"],"picked":"Compile Driver","floor":7},{"not_picked":["Force Field","FTL"],"picked":"Go for the Eyes","floor":8}],"player_experience":285651,"relics_obtained":[{"floor":8,"key":"Toxic Egg 2"},{"floor":9,"key":"War Paint"}],"event_choices":[{"damage_healed":0,"gold_gain":0,"player_choice":"Lose Max HP","damage_taken":0,"relics_obtained":["Golden Idol"],"max_hp_gain":0,"max_hp_loss":7,"event_name":"Golden Idol","floor":2,"gold_loss":0}],"is_beta":false,"boss_relics":[],"items_purged_floors":[],"is_endless":false,"potions_floor_spawned":[3,7],"killed_by":"3 Sentries","ascension_level":16}