{"path_per_floor":["M","M","M","?","M","R","E","R","T","R","M","M","?","M","R","B",null,"M","M","M","?","?","R","$","E","T","R","M","R","M","M","R","B",null,"M","$","T","?","?","E","R","M","T","R","?","R","?","M","R","B"],"character_chosen":"IRONCLAD","items_purchased":["Tiny Chest","Pear","Fire Potion","Block Potion","Bag of Marbles"],"gold_per_floor":[118,134,146,221,239,239,268,268,268,268,283,294,294,308,308,412,412,431,450,470,470,470,470,1,28,28,28,39,39,59,70,70,165,165,177,28,28,0,0,34,34,53,53,53,53,53,53,72,72,72],"floor_reached":51,"campfire_rested":2,"playtime":1430,"current_hp_per_floor":[72,72,72,61,57,57,45,45,45,45,46,52,40,44,44,10,72,72,68,72,50,50,50,60,50,50,50,60,60,54,60,60,12,60,56,56,56,56,56,54,54,50,50,50,50,60,52,48,60,24],"items_purged":[],"gold":72,"score":723,"play_id":"80ea1f1b-eb07-4917-9e12-44152aabd953","local_time":"20180310231248","is_prod":false,"is_daily":false,"is_ascension_mode":false,"campfire_upgraded":10,"timestamp":1520741568,"path_taken":["M","?","M","?","M","R","E","R","T","R","M","M","?","M","R","BOSS","M","M","M","?","?","R","$","E","T","R","M","R","M","?","R","BOSS","M","$","?","?","?","E","R","?","T","R","?","R","?","M","R","BOSS"],"build_version":"2018-03-09","purchased_purges":0,"victory":true,"master_deck":["Defend_R+1","Defend_R+1","Bash+1","Clash+1","Flex+1","Cleave+1","Bludgeon+1","Bite+1","Bite+1","Bite+1","Bite+1","Shrug It Off+1","Demon Form+1","Madness+1","Madness+1"],"max_hp_per_floor":[72,72,72,72,72,72,72,72,72,72,72,72,72,72,72,72,72,72,72,72,50,50,50,60,60,60,60,60,60,60,60,60,60,60,60,60,60,60,60,60,60,60,60,60,60,60,60,60,60,60],"relics":["Burning Blood","Letter Opener","Art of War","War Paint","Velvet Choker","Tiny Chest","Pear","Darkstone Periapt","Oddly Smooth Stone","Sozu","Bag of Marbles","Toxic Egg 2","Red Mask","Self Forming Clay","Bag of Preparation"],"card_choices":[{"not_picked":["Battle Trance","Entrench"],"picked":"Clash"},{"not_picked":["Feel No Pain","Clothesline"],"picked":"Flex"},{"not_picked":["Searing Blow","True Grit"],"picked":"Cleave"},{"not_picked":["Battle Trance","True Grit"],"picked":"Bludgeon"},{"not_picked":["Armaments","True Grit"],"picked":"Disarm"},{"not_picked":["Ghostly Armor","Sword Boomerang"],"picked":"Shrug It Off"},{"not_picked":["Offering","Brutality"],"picked":"Demon Form"}],"player_experience":438788,"potions_floor_usage":[7,7,20,33,33,48,50],"damage_taken":[{"damage":6,"enemies":"Cultist","floor":1,"turns":3},{"damage":6,"enemies":"Jaw Worm","floor":2,"turns":3},{"damage":0,"enemies":"Small Slimes","floor":3,"turns":2},{"damage":10,"enemies":"Looter","floor":5,"turns":3},{"damage":18,"enemies":"Lagavulin","floor":7,"turns":4},{"damage":5,"enemies":"Large Slime","floor":11,"turns":4},{"damage":0,"enemies":"2 Fungi Beasts","floor":12,"turns":2},{"damage":2,"enemies":"Lots of Slimes","floor":14,"turns":2},{"damage":40,"enemies":"Hexaghost","floor":16,"turns":7},{"damage":4,"enemies":"2 Thieves","floor":18,"turns":2},{"damage":10,"enemies":"Spheric Guardian","floor":19,"turns":3},{"damage":2,"enemies":"Centurion and Healer","floor":20,"turns":4},{"damage":18,"enemies":"Slavers","floor":25,"turns":4},{"damage":1,"enemies":"Chosen and Byrds","floor":28,"turns":5},{"damage":12,"enemies":"Snake Plant","floor":30,"turns":2},{"damage":0,"enemies":"Snecko","floor":31,"turns":4},{"damage":60,"enemies":"Collector","floor":33,"turns":5},{"damage":10,"enemies":"Orb Walker","floor":35,"turns":2},{"damage":19,"enemies":"2 Orb Walkers","floor":40,"turns":4},{"damage":16,"enemies":"3 Darklings","floor":42,"turns":3},{"damage":25,"enemies":"Maw","floor":48,"turns":4},{"damage":72,"enemies":"Awakened One","floor":50,"turns":8}],"event_choices":[{"event_name":"World of Goop","player_choice":"Gather Gold","floor":4,"damage_taken":0},{"event_name":"Scrap Ooze","player_choice":"success","floor":13,"damage_taken":12},{"event_name":"Vampires","player_choice":"Became a vampire","floor":21,"damage_taken":0},{"event_name":"Back to Basics","player_choice":"Elegance","floor":22,"damage_taken":0},{"event_name":"Tomb of Lord Red Mask","player_choice":"Paid","floor":38,"damage_taken":0},{"event_name":"Mysterious Sphere","player_choice":"Ignore","floor":45,"damage_taken":0},{"event_name":"Winding Halls","player_choice":"Embrace Madness","floor":47,"damage_taken":0}],"boss_relics":[{"not_picked":["Mark of Pain","Eternal Feather"],"picked":"Velvet Choker"},{"not_picked":["Lizard Tail","Snecko Eye"],"picked":"Sozu"}],"potions_floor_spawned":[1,2,16,18,25,33,35],"seed_played":"-647549901790313565","ascension_level":0,"is_trial":false}