{"path_per_floor":["M","?","M","?","M","R","M","?","T","M","M","R","M","?","R","B",null,"M","M","?","M","$","R"],"character_chosen":"THE_SILENT","items_purchased":["Molten Egg 2"],"gold_per_floor":[115,115,130,130,150,150,167,167,167,181,198,198,209,174,174,274,274,288,298,298,314,59,59],"floor_reached":24,"campfire_rested":1,"playtime":1639,"current_hp_per_floor":[27,27,27,27,27,47,43,43,43,43,36,36,36,52,52,51,63,63,59,59,59,59,59],"items_purged":[],"gold":59,"score":285,"play_id":"91efc081-8edc-4a0a-bc94-919e5b0e75d3","local_time":"20180318135328","is_prod":false,"is_daily":false,"is_ascension_mode":true,"campfire_upgraded":3,"timestamp":1521395608,"path_taken":["M","?","M","?","M","R","?","?","T","M","M","R","M","?","R","BOSS","M","M","?","M","$","R","E"],"build_version":"2018-03-15v3","purchased_purges":0,"victory":false,"master_deck":["Defend_G+1","Defend_G+1","Defend_G+1","Defend_G+1","Defend_G+1","Strike_G+1","Strike_G+1","Strike_G+1","Survivor+1","Neutralize","Flying Knee","Footwork+1","Dagger Spray","Acrobatics+1","Quick Slash+1","Well Laid Plans","Leg Sweep+1","After Image+1","Blade Dance","Blade Dance","Flying Knee+1"],"max_hp_per_floor":[67,67,67,67,67,67,67,67,67,67,67,67,67,67,67,67,67,67,67,67,67,67,67],"relics":["Ring of the Snake","War Paint","Black Star","Molten Egg 2"],"card_choices":[{"not_picked":["Heel Hook","Deflect"],"picked":"Flying Knee"},{"not_picked":["Riddle With Holes","Blur"],"picked":"Footwork"},{"not_picked":["Sucker Punch","Acrobatics"],"picked":"Dagger Spray"},{"not_picked":["Distraction","Masterful Stab"],"picked":"Acrobatics"},{"not_picked":["Slice","Sucker Punch"],"picked":"Quick Slash"},{"not_picked":["Flying Knee","Setup"],"picked":"Well Laid Plans"},{"not_picked":["Deadly Poison","Cloak And Dagger"],"picked":"Leg Sweep"},{"not_picked":["A Thousand Cuts","Grand Finale"],"picked":"After Image"},{"not_picked":["Quick Slash","PiercingWail"],"picked":"Blade Dance"},{"not_picked":["Bane","Reflex"],"picked":"Blade Dance"},{"not_picked":["Backstab","Dodge and Roll"],"picked":"Flying Knee"}],"player_experience":550975,"potions_floor_usage":[11,16,16,16,24],"damage_taken":[{"damage":5,"enemies":"Small Slimes","floor":1,"turns":5},{"damage":0,"enemies":"Jaw Worm","floor":3,"turns":4},{"damage":0,"enemies":"2 Louse","floor":5,"turns":4},{"damage":4,"enemies":"Large Slime","floor":7,"turns":6},{"damage":0,"enemies":"Blue Slaver","floor":10,"turns":7},{"damage":7,"enemies":"Gremlin Gang","floor":11,"turns":3},{"damage":0,"enemies":"2 Fungi Beasts","floor":13,"turns":3},{"damage":1,"enemies":"The Guardian","floor":16,"turns":17},{"damage":0,"enemies":"Chosen","floor":18,"turns":8},{"damage":4,"enemies":"Spheric Guardian","floor":19,"turns":12},{"damage":0,"enemies":"Snecko","floor":21,"turns":9},{"damage":59,"enemies":"Gremlin Leader","floor":24,"turns":12}],"event_choices":[{"event_name":"Liars Game","player_choice":"disagreed","floor":2,"damage_taken":0},{"event_name":"Living Wall","player_choice":"Grow","floor":4,"damage_taken":0},{"event_name":"Purifier","player_choice":"One Purge","floor":8,"damage_taken":0},{"event_name":"The Cleric","player_choice":"Healed","floor":14,"damage_taken":0},{"event_name":"Back to Basics","player_choice":"Simplicity","floor":20,"damage_taken":0}],"boss_relics":[{"not_picked":["Question Card","Calling Bell"],"picked":"Black Star"}],"potions_floor_spawned":[5,7,10,11,19],"seed_played":"1493065385702599862","killed_by":"Gremlin Leader","ascension_level":10,"is_trial":false}