{"gold_per_floor":[364,364,380,392,402,402,432,451,451,451,451,53,64,93,93,169,169,188,188,206,216,316,316,343,343,368,383,383,408,46,77,77,154,154,154,154,254,264,486,516,516,516],"floor_reached":42,"playtime":4512,"items_purged":[],"score":1123,"play_id":"24b87abf-c7b0-4c42-854a-8e9dd8445ad8","local_time":"20190424202652","is_ascension_mode":true,"campfire_choices":[{"data":"Zap","floor":6,"key":"SMITH"},{"floor":11,"key":"REST"},{"data":"Dualcast","floor":15,"key":"SMITH"},{"floor":23,"key":"REST"},{"floor":25,"key":"REST"},{"floor":28,"key":"RECALL"},{"floor":32,"key":"REST"},{"floor":41,"key":"REST"}],"neow_cost":"PERCENT_DAMAGE","seed_source_timestamp":177369682578253,"circlet_count":0,"master_deck":["AscendersBane","Defend_B","Defend_B","Defend_B","Defend_B","Zap+1","Dualcast+1","Melter","Genetic Algorithm","Cold Snap","Cold Snap","All For One","Gash","Glacier","Reinforced Body","Ball Lightning","Conserve Battery","Electrodynamics","Sunder+1","Bite","Bite","Bite","Bite","Bite","Defragment","Hologram","Hologram","BootSequence","Capacitor+1","Recycle+1","Consume+1","Consume+1","Fission+1","Dark Shackles+1","Apotheosis+1","Compile Driver+1","White Noise+1","Hologram+1","Echo Form","Conserve Battery+1"],"relics":["Cracked Core","StoneCalendar","Happy Flower","Vajra","Mummified Hand","Fusion Hammer","Mango","Question Card","Red Mask","Dream Catcher","Ancient Tea Set","Toxic Egg 2","Potion Belt","Inserter","Prayer Wheel","Anchor"],"potions_floor_usage":[5,7,8,14,14,14,22,22,29,35],"damage_taken":[{"damage":9,"enemies":"Small Slimes","floor":1,"turns":4},{"damage":0,"enemies":"2 Louse","floor":3,"turns":2},{"damage":1,"enemies":"Cultist","floor":4,"turns":4},{"damage":7,"enemies":"3 Louse","floor":5,"turns":3},{"damage":7,"enemies":"Lagavulin","floor":7,"turns":7},{"damage":13,"enemies":"Exordium Wildlife","floor":8,"turns":3},{"damage":1,"enemies":"Blue Slaver","floor":13,"turns":4},{"damage":0,"enemies":"Gremlin Nob","floor":14,"turns":3},{"damage":18,"enemies":"Slime Boss","floor":16,"turns":7},{"damage":0,"enemies":"Spheric Guardian","floor":18,"turns":2},{"damage":9,"enemies":"Chosen","floor":20,"turns":4},{"damage":13,"enemies":"Snake Plant","floor":21,"turns":4},{"damage":0,"enemies":"Colosseum Slavers","floor":22,"turns":1},{"damage":34,"enemies":"Colosseum Nobs","floor":22,"turns":4},{"damage":7,"enemies":"Masked Bandits","floor":24,"turns":3},{"damage":0,"enemies":"Chosen and Byrds","floor":27,"turns":3},{"damage":0,"enemies":"Slavers","floor":29,"turns":3},{"damage":39,"enemies":"Gremlin Leader","floor":31,"turns":7},{"damage":44,"enemies":"Champ","floor":33,"turns":15},{"damage":8,"enemies":"3 Darklings","floor":35,"turns":2},{"damage":0,"enemies":"Mind Bloom Boss Battle","floor":37,"turns":7},{"damage":0,"enemies":"3 Shapes","floor":38,"turns":3},{"damage":8,"enemies":"Giant Head","floor":40,"turns":11},{"damage":67,"enemies":"Reptomancer","floor":42,"turns":3}],"seed_played":"-4506782283134486292","potions_obtained":[{"floor":1,"key":"SkillPotion"},{"floor":4,"key":"FocusPotion"},{"floor":5,"key":"GamblersBrew"},{"floor":16,"key":"Strength Potion"},{"floor":18,"key":"Swift Potion"},{"floor":20,"key":"PowerPotion"},{"floor":24,"key":"GamblersBrew"},{"floor":31,"key":"SmokeBomb"},{"floor":37,"key":"FearPotion"}],"is_trial":false,"path_per_floor":["M","?","M","M","M","R","E","M","T","?","R","$","M","E","R","B",null,"M","?","M","M","?","R","?","R","T","M","R","E","$","E","R","B",null,"M","?","?","M","?","E","R","E"],"character_chosen":"DEFECT","items_purchased":["Vajra","Glacier","Reinforced Body","EntropicBrew","Toxic Egg 2","Recycle+1"],"campfire_rested":5,"item_purchase_floors":[12,12,12,12,30,30],"current_hp_per_floor":[37,32,32,31,24,24,17,4,4,4,25,25,24,24,24,6,55,55,49,42,39,25,43,40,58,58,60,60,63,63,30,48,30,55,49,39,48,50,50,63,63,0],"gold":516,"neow_bonus":"TWO_FIFTY_GOLD","is_prod":false,"is_daily":false,"chose_seed":false,"campfire_upgraded":2,"win_rate":0,"timestamp":1556152012,"path_taken":["M","?","M","M","M","R","E","M","T","?","R","$","?","E","R","BOSS","M","?","M","M","?","R","?","R","T","M","R","E","$","E","R","BOSS","M","?","?","M","?","E","R","E"],"build_version":"2019-01-23","purchased_purges":0,"victory":false,"max_hp_per_floor":[71,71,71,71,71,71,71,71,71,71,71,71,71,71,71,71,71,71,49,49,49,63,63,63,63,63,63,63,63,63,63,63,63,63,63,63,63,63,63,63,63,63],"card_choices":[{"not_picked":["Tempest","Go for the Eyes"],"picked":"Melter","floor":1},{"not_picked":["Streamline","Hologram"],"picked":"Genetic Algorithm","floor":3},{"not_picked":["Stack","Turbo"],"picked":"Cold Snap","floor":4},{"not_picked":["Skim","Go for the Eyes"],"picked":"Cold Snap","floor":5},{"not_picked":["Darkness","Gash"],"picked":"All For One","floor":7},{"not_picked":["Stack","Consume"],"picked":"Gash","floor":8},{"not_picked":["Redo","Rip and Tear"],"picked":"Ball Lightning","floor":13},{"not_picked":["Beam Cell","Sunder"],"picked":"Conserve Battery","floor":14},{"not_picked":["Machine Learning","Seek"],"picked":"Electrodynamics","floor":16},{"not_picked":["Go for the Eyes","Leap"],"picked":"Sunder+1","floor":18},{"not_picked":["Compile Driver","Heatsinks"],"picked":"Defragment","floor":20},{"not_picked":["Beam Cell","Darkness+1"],"picked":"Hologram","floor":21},{"not_picked":["Cold Snap","Double Energy","Sweeping Beam+1"],"picked":"Hologram","floor":24},{"not_picked":["Conserve Battery","Ball Lightning","Redo+1"],"picked":"BootSequence","floor":27},{"not_picked":["Genetic Algorithm","Melter","Doom and Gloom"],"picked":"Capacitor+1","floor":29},{"not_picked":["Steam Power+1","Stack+1","Steam+1"],"picked":"Consume+1","floor":31},{"not_picked":["Hyperbeam","Streamline","Ball Lightning"],"picked":"Consume+1","floor":32},{"not_picked":["Meteor Strike","All For One","Rainbow+1"],"picked":"Fission+1","floor":33},{"not_picked":["Mind Blast","Trip+1","Forethought+1"],"picked":"Dark Shackles+1","floor":36},{"not_picked":["Violence+1","Swift Strike","Impatience+1"],"picked":"Apotheosis+1","floor":36},{"not_picked":["Chaos+1","Hologram+1","Rebound"],"picked":"Compile Driver+1","floor":37},{"not_picked":["Rebound","Go for the Eyes","Conserve Battery+1"],"picked":"White Noise+1","floor":38},{"not_picked":["Beam Cell","Fusion+1","Cold Snap","Hologram+1"],"picked":"SKIP","floor":38},{"not_picked":["Beam Cell","Fusion+1","Cold Snap"],"picked":"Hologram+1","floor":38},{"not_picked":["Cold Snap","Conserve Battery+1","Chaos+1"],"picked":"Echo Form","floor":40},{"not_picked":["Compile Driver","Go for the Eyes","Heatsinks"],"picked":"Conserve Battery+1","floor":41}],"player_experience":1913322,"relics_obtained":[{"floor":7,"key":"Happy Flower"},{"floor":14,"key":"Mummified Hand"},{"floor":22,"key":"Mango"},{"floor":22,"key":"Question Card"},{"floor":24,"key":"Red Mask"},{"floor":26,"key":"Dream Catcher"},{"floor":29,"key":"Ancient Tea Set"},{"floor":31,"key":"Potion Belt"},{"floor":37,"key":"Prayer Wheel"},{"floor":40,"key":"Anchor"}],"event_choices":[{"damage_healed":0,"gold_gain":0,"player_choice":"Success","damage_taken":5,"relics_obtained":["StoneCalendar"],"max_hp_gain":0,"max_hp_loss":0,"event_name":"Scrap Ooze","floor":2,"gold_loss":0},{"damage_healed":0,"gold_gain":0,"player_choice":"0 cards matched","damage_taken":0,"max_hp_gain":0,"max_hp_loss":0,"event_name":"Match and Keep!","floor":10,"gold_loss":0,"cards_obtained":[]},{"damage_healed":0,"gold_gain":0,"player_choice":"Became a vampire","damage_taken":0,"max_hp_gain":0,"max_hp_loss":22,"event_name":"Vampires","floor":19,"gold_loss":0,"cards_obtained":["Bite","Bite","Bite","Bite","Bite"]},{"damage_healed":0,"gold_gain":0,"player_choice":"Fight","damage_taken":0,"max_hp_gain":0,"max_hp_loss":0,"event_name":"Colosseum","floor":22,"gold_loss":0},{"damage_healed":0,"gold_gain":0,"player_choice":"Fought Nobs","damage_taken":0,"max_hp_gain":0,"max_hp_loss":0,"event_name":"Colosseum","floor":22,"gold_loss":0},{"damage_healed":0,"gold_gain":0,"player_choice":"Fought Bandits","damage_taken":0,"max_hp_gain":0,"max_hp_loss":0,"event_name":"Masked Bandits","floor":24,"gold_loss":0},{"damage_healed":0,"gold_gain":0,"player_choice":"Memory 3","damage_taken":10,"max_hp_gain":0,"max_hp_loss":0,"event_name":"SensoryStone","floor":36,"gold_loss":0},{"damage_healed":0,"gold_gain":0,"player_choice":"Fight","damage_taken":0,"max_hp_gain":0,"max_hp_loss":0,"event_name":"MindBloom","floor":37,"gold_loss":0},{"damage_healed":0,"gold_gain":222,"player_choice":"Wore Mask","damage_taken":0,"max_hp_gain":0,"max_hp_loss":0,"event_name":"Tomb of Lord Red Mask","floor":39,"gold_loss":0}],"is_beta":false,"boss_relics":[{"not_picked":["Ectoplasm","Snecko Eye"],"picked":"Fusion Hammer"},{"not_picked":["Cursed Key","Black Star"],"picked":"Inserter"}],"items_purged_floors":[],"is_endless":false,"potions_floor_spawned":[1,4,5,16,18,20,24,31,35,37],"killed_by":"Reptomancer","ascension_level":20}