{"gold_per_floor":[119,138,138,148,148,179,179,179],"floor_reached":8,"playtime":374,"items_purged":[],"score":112,"play_id":"f3bf8fd7-727a-4051-a547-e4fa59d5b2ad","local_time":"20190407023324","is_ascension_mode":true,"campfire_choices":[],"neow_cost":"NONE","seed_source_timestamp":490969329390211,"circlet_count":0,"master_deck":["AscendersBane","Strike_R","Strike_R","Strike_R","Defend_R+1","Defend_R","Defend_R","Defend_R","Bash","Inflame","Disarm+1","Uppercut","True Grit"],"relics":["Burning Blood","Juzu Bracelet","Regal Pillow"],"potions_floor_usage":[6,6],"damage_taken":[{"damage":2,"enemies":"2 Louse","floor":1,"turns":4},{"damage":8,"enemies":"Small Slimes","floor":2,"turns":5},{"damage":3,"enemies":"Cultist","floor":4,"turns":4},{"damage":41,"enemies":"3 Sentries","floor":6,"turns":12},{"damage":34,"enemies":"Gremlin Nob","floor":8,"turns":3}],"seed_played":"-5849382510215573132","potions_obtained":[{"floor":1,"key":"FearPotion"},{"floor":2,"key":"Weak Potion"}],"is_trial":false,"path_per_floor":["M","M","?","M","?","E","?","?"],"character_chosen":"IRONCLAD","items_purchased":[],"campfire_rested":0,"item_purchase_floors":[],"current_hp_per_floor":[72,70,47,50,43,8,8,0],"gold":179,"neow_bonus":"RANDOM_COMMON_RELIC","is_prod":false,"is_daily":false,"chose_seed":false,"campfire_upgraded":0,"win_rate":0,"timestamp":1554618804,"path_taken":["M","M","?","M","?","E","?","?"],"build_version":"2019-01-23","purchased_purges":0,"victory":false,"max_hp_per_floor":[75,75,75,75,75,75,75,75],"card_choices":[{"not_picked":["Flex","Body Slam"],"picked":"Inflame","floor":1},{"not_picked":["Sword Boomerang","Bloodletting"],"picked":"Disarm","floor":2},{"not_picked":["Anger","Intimidate"],"picked":"Uppercut","floor":4},{"not_picked":["Searing Blow","Power Through"],"picked":"True Grit","floor":6}],"player_experience":1681442,"relics_obtained":[{"floor":6,"key":"Regal Pillow"}],"event_choices":[{"damage_healed":0,"gold_gain":0,"player_choice":"Entered Light","damage_taken":23,"max_hp_gain":0,"max_hp_loss":0,"event_name":"Shining Light","floor":3,"gold_loss":0,"cards_upgraded":["Defend_R","Disarm"]},{"cards_removed":["Strike_R"],"damage_healed":0,"gold_gain":0,"player_choice":"Card Removal","damage_taken":7,"max_hp_gain":0,"max_hp_loss":0,"event_name":"Golden Wing","floor":5,"gold_loss":0},{"cards_removed":["Strike_R"],"damage_healed":0,"gold_gain":0,"player_choice":"Purged","damage_taken":0,"max_hp_gain":0,"max_hp_loss":0,"event_name":"Purifier","floor":7,"gold_loss":0},{"damage_healed":0,"gold_gain":0,"player_choice":"Searched \u00271\u0027 times","damage_taken":0,"max_hp_gain":0,"max_hp_loss":0,"event_name":"Dead Adventurer","floor":8,"gold_loss":0}],"is_beta":false,"boss_relics":[],"items_purged_floors":[],"is_endless":false,"potions_floor_spawned":[1,2],"killed_by":"Gremlin Nob","ascension_level":20}