{"gold_per_floor":[110,27,27,41,116,116,141,153,226,226,239,259,284,314,314,388,388,400,400,419,419,434,434,434],"floor_reached":24,"playtime":940,"items_purged":[],"score":462,"play_id":"e3659055-231b-4dd8-bcd0-8b9653302626","local_time":"20190423225222","is_ascension_mode":true,"campfire_choices":[{"data":"Corpse Explosion","floor":6,"key":"SMITH"},{"data":"Bouncing Flask","floor":10,"key":"SMITH"},{"data":"Deadly Poison","floor":15,"key":"SMITH"},{"data":"Well Laid Plans","floor":23,"key":"SMITH"}],"neow_cost":"NONE","seed_source_timestamp":103559511294930,"circlet_count":0,"master_deck":["AscendersBane","Defend_G","Defend_G","Defend_G","Defend_G","Defend_G","Strike_G","Strike_G","Strike_G","Strike_G","Strike_G","Survivor","Neutralize","Bouncing Flask+1","Well Laid Plans+1","Corpse Explosion+1","PiercingWail","Leg Sweep","Dodge and Roll","Riddle With Holes+1","Dash+1","Deadly Poison+1","Die Die Die+1","Escape Plan","Skewer+1"],"relics":["Ring of the Snake","NeowsBlessing","Blood Vial","Molten Egg 2","Odd Mushroom","Sundial","Coffee Dripper","Enchiridion"],"potions_floor_usage":[13,14,16,22],"damage_taken":[{"damage":0,"enemies":"Jaw Worm","floor":1,"turns":1},{"damage":0,"enemies":"Cultist","floor":4,"turns":1},{"damage":0,"enemies":"Lagavulin","floor":7,"turns":1},{"damage":0,"enemies":"2 Louse","floor":8,"turns":2},{"damage":6,"enemies":"Looter","floor":11,"turns":3},{"damage":1,"enemies":"Exordium Wildlife","floor":12,"turns":4},{"damage":4,"enemies":"The Mushroom Lair","floor":13,"turns":3},{"damage":2,"enemies":"3 Sentries","floor":14,"turns":4},{"damage":17,"enemies":"Slime Boss","floor":16,"turns":11},{"damage":0,"enemies":"Chosen","floor":18,"turns":3},{"damage":13,"enemies":"Shell Parasite","floor":20,"turns":5},{"damage":1,"enemies":"Snake Plant","floor":22,"turns":5},{"damage":36,"enemies":"Book of Stabbing","floor":24,"turns":4}],"seed_played":"-2566086879963697551","potions_obtained":[{"floor":7,"key":"Weak Potion"},{"floor":11,"key":"EssenceOfSteel"},{"floor":13,"key":"Energy Potion"},{"floor":14,"key":"Block Potion"},{"floor":22,"key":"Strength Potion"}],"is_trial":false,"path_per_floor":["M","$","?","M","?","R","E","M","T","R","M","M","?","E","R","B",null,"M","?","M","?","M","R","E"],"character_chosen":"THE_SILENT","items_purchased":["Well Laid Plans"],"campfire_rested":0,"item_purchase_floors":[2],"current_hp_per_floor":[59,59,59,59,48,48,48,50,50,50,46,47,45,45,45,30,57,59,59,48,27,28,28,0],"gold":434,"neow_bonus":"THREE_ENEMY_KILL","is_prod":false,"is_daily":false,"chose_seed":false,"campfire_upgraded":4,"win_rate":0,"timestamp":1556074342,"path_taken":["M","$","?","?","?","R","E","M","T","R","M","M","?","E","R","BOSS","M","?","M","?","M","R","E"],"build_version":"2019-01-23","purchased_purges":0,"victory":false,"max_hp_per_floor":[66,66,66,66,66,66,66,66,66,66,66,66,66,66,66,66,66,66,66,66,66,66,66,66],"card_choices":[{"not_picked":["Cloak And Dagger","Dodge and Roll"],"picked":"Bouncing Flask","floor":1},{"not_picked":["Acrobatics","Dagger Spray"],"picked":"Corpse Explosion","floor":4},{"not_picked":["Dagger Throw","Blade Dance"],"picked":"PiercingWail","floor":7},{"not_picked":["Well Laid Plans","Backflip"],"picked":"Leg Sweep","floor":8},{"not_picked":["Tactician","Blade Dance"],"picked":"Dodge and Roll","floor":11},{"not_picked":["Outmaneuver","Backflip"],"picked":"Riddle With Holes+1","floor":12},{"not_picked":["Eviscerate+1","Heel Hook+1"],"picked":"Dash+1","floor":13},{"not_picked":["Expertise","Predator+1"],"picked":"Deadly Poison","floor":14},{"not_picked":["Adrenaline","Envenom"],"picked":"Die Die Die+1","floor":16},{"not_picked":["Acrobatics","Cloak And Dagger","Quick Slash+1"],"picked":"SKIP","floor":18},{"not_picked":["Backflip","PiercingWail"],"picked":"Escape Plan","floor":20},{"not_picked":["Sucker Punch+1","Distraction"],"picked":"Skewer+1","floor":22}],"player_experience":1897682,"relics_obtained":[{"floor":7,"key":"Blood Vial"},{"floor":9,"key":"Molten Egg 2"},{"floor":13,"key":"Odd Mushroom"},{"floor":14,"key":"Sundial"},{"floor":21,"key":"Enchiridion"}],"event_choices":[{"damage_healed":0,"gold_gain":0,"player_choice":"0 cards matched","damage_taken":0,"max_hp_gain":0,"max_hp_loss":0,"event_name":"Match and Keep!","floor":3,"gold_loss":0,"cards_obtained":[]},{"damage_healed":0,"gold_gain":75,"player_choice":"Gather Gold","damage_taken":11,"max_hp_gain":0,"max_hp_loss":0,"event_name":"World of Goop","floor":5,"gold_loss":0},{"damage_healed":0,"gold_gain":0,"player_choice":"Fought Mushrooms","damage_taken":0,"max_hp_gain":0,"max_hp_loss":0,"event_name":"Mushrooms","floor":13,"gold_loss":0},{"damage_healed":0,"gold_gain":0,"player_choice":"Ignored","damage_taken":0,"max_hp_gain":0,"max_hp_loss":0,"event_name":"The Mausoleum","floor":19,"gold_loss":0},{"damage_healed":0,"gold_gain":0,"player_choice":"Obtained Book","damage_taken":21,"max_hp_gain":0,"max_hp_loss":0,"event_name":"Cursed Tome","floor":21,"gold_loss":0}],"is_beta":false,"boss_relics":[{"not_picked":["Tiny House","Ectoplasm"],"picked":"Coffee Dripper"}],"items_purged_floors":[],"is_endless":false,"potions_floor_spawned":[7,11,13,14,22],"killed_by":"Book of Stabbing","ascension_level":20}