{"gold_per_floor":[115,59,209,209,220,220,220,220,303,329,353,365,410,442,454,538,550,573,585,647,28,47,72,72,82,82,111,111,125,325,325],"floor_reached":31,"playtime":1059,"items_purged":["Doubt"],"score":762,"play_id":"58638e09-9e31-44ee-b73e-13e8d2b8f1a8","local_time":"20190428012957","is_ascension_mode":true,"campfire_choices":[{"data":"Backstab","floor":6,"key":"SMITH"},{"data":"Neutralize","floor":8,"key":"SMITH"},{"data":"Backstab","floor":12,"key":"SMITH"},{"data":"Noxious Fumes","floor":15,"key":"SMITH"},{"floor":24,"key":"REST"}],"neow_cost":"NONE","seed_source_timestamp":458513021687536,"circlet_count":0,"master_deck":["AscendersBane","Defend_G+1","Defend_G","Defend_G","Defend_G+1","Defend_G","Strike_G","Strike_G","Strike_G","Strike_G","Strike_G","Survivor","Neutralize+1","Choke","Slice","Backstab+1","Malaise","Backstab+1","Leg Sweep","Noxious Fumes+1","Malaise","Heel Hook+1","Dagger Spray","Endless Agony","Footwork","PiercingWail","Cloak And Dagger+1","Backflip","Crippling Poison"],"relics":["Ring of the Snake","NeowsBlessing","Bag of Marbles","Tiny Chest","MawBank","War Paint","Runic Dome","Enchiridion","Omamori","Kunai","PreservedInsect","Frozen Egg 2","Question Card","Mummified Hand"],"potions_floor_usage":[16,29,29],"damage_taken":[{"damage":0,"enemies":"Cultist","floor":1,"turns":1},{"damage":0,"enemies":"2 Louse","floor":5,"turns":1},{"damage":0,"enemies":"3 Sentries","floor":10,"turns":1},{"damage":0,"enemies":"Small Slimes","floor":11,"turns":1},{"damage":0,"enemies":"Gremlin Nob","floor":13,"turns":2},{"damage":0,"enemies":"Exordium Wildlife","floor":14,"turns":1},{"damage":0,"enemies":"The Guardian","floor":16,"turns":14},{"damage":2,"enemies":"2 Thieves","floor":18,"turns":4},{"damage":0,"enemies":"Chosen","floor":22,"turns":3},{"damage":31,"enemies":"Slavers","floor":23,"turns":4},{"damage":10,"enemies":"Snecko","floor":25,"turns":6},{"damage":11,"enemies":"Book of Stabbing","floor":27,"turns":5},{"damage":4,"enemies":"Cultist and Chosen","floor":29,"turns":6},{"damage":10,"enemies":"Centurion and Healer","floor":31,"turns":1}],"seed_played":"1633698039463839076","potions_obtained":[{"floor":1,"key":"FearPotion"},{"floor":11,"key":"SkillPotion"},{"floor":16,"key":"LiquidBronze"},{"floor":25,"key":"Block Potion"},{"floor":27,"key":"PowerPotion"},{"floor":29,"key":"Energy Potion"}],"is_trial":false,"path_per_floor":["M","$","?","?","M","R","T","R","T","E","M","R","E","M","R","B",null,"M","?","?","$","M","E","R","M","T","E","T","M","?","M"],"character_chosen":"THE_SILENT","items_purchased":["Slice","Omamori","Kunai","Dagger Spray","Endless Agony"],"campfire_rested":1,"item_purchase_floors":[2,21,21,21,21],"current_hp_per_floor":[59,59,59,48,48,48,48,48,48,48,48,48,48,48,48,48,62,60,39,39,39,39,8,27,17,17,6,6,2,2,0],"gold":325,"neow_bonus":"THREE_ENEMY_KILL","is_prod":false,"is_daily":false,"chose_seed":false,"campfire_upgraded":4,"win_rate":0,"timestamp":1556429397,"path_taken":["M","?","?","?","?","R","?","R","T","E","?","R","E","M","R","BOSS","M","?","?","$","M","E","R","M","T","E","?","?","?","M"],"build_version":"2019-01-23","purchased_purges":1,"victory":false,"max_hp_per_floor":[66,66,66,66,66,66,66,66,66,66,66,66,66,66,66,66,66,66,66,66,66,66,66,66,66,66,66,66,66,66,66],"card_choices":[{"not_picked":["Poisoned Stab","Outmaneuver"],"picked":"Choke","floor":1},{"not_picked":["Reflex","Sucker Punch"],"picked":"Backstab","floor":5},{"not_picked":["Outmaneuver","Acrobatics"],"picked":"Malaise","floor":10},{"not_picked":["Deflect","Outmaneuver"],"picked":"Backstab","floor":11},{"not_picked":["Skewer","Expertise"],"picked":"Leg Sweep","floor":13},{"not_picked":["Setup","Deadly Poison"],"picked":"Noxious Fumes","floor":14},{"not_picked":["Unload","Storm of Steel"],"picked":"Malaise","floor":16},{"not_picked":["Distraction","Skewer"],"picked":"Heel Hook+1","floor":18},{"not_picked":["Dagger Throw+1","Escape Plan"],"picked":"Footwork","floor":22},{"not_picked":["Terror","Concentrate"],"picked":"PiercingWail","floor":23},{"not_picked":["Choke","Heel Hook"],"picked":"Cloak And Dagger+1","floor":25},{"not_picked":["Concentrate","Bane"],"picked":"Backflip","floor":27},{"not_picked":["Prepared","Bane","Deflect+1"],"picked":"Crippling Poison","floor":29}],"player_experience":2019168,"relics_obtained":[{"floor":9,"key":"Tiny Chest"},{"floor":10,"key":"MawBank"},{"floor":13,"key":"War Paint"},{"floor":19,"key":"Enchiridion"},{"floor":23,"key":"PreservedInsect"},{"floor":26,"key":"Frozen Egg 2"},{"floor":27,"key":"Question Card"},{"floor":28,"key":"Mummified Hand"}],"event_choices":[{"damage_healed":0,"gold_gain":150,"player_choice":"AGREE","damage_taken":0,"max_hp_gain":0,"max_hp_loss":0,"event_name":"Liars Game","floor":3,"gold_loss":0,"cards_obtained":["Doubt"]},{"damage_healed":0,"gold_gain":0,"player_choice":"Success","damage_taken":11,"relics_obtained":["Bag of Marbles"],"max_hp_gain":0,"max_hp_loss":0,"event_name":"Scrap Ooze","floor":4,"gold_loss":0},{"damage_healed":0,"gold_gain":0,"player_choice":"Obtained Book","damage_taken":21,"max_hp_gain":0,"max_hp_loss":0,"event_name":"Cursed Tome","floor":19,"gold_loss":0},{"damage_healed":0,"gold_gain":50,"player_choice":"Stole From Cult","damage_taken":0,"max_hp_gain":0,"max_hp_loss":0,"event_name":"Nest","floor":20,"gold_loss":0},{"damage_healed":0,"gold_gain":200,"player_choice":"Gold","damage_taken":0,"max_hp_gain":0,"max_hp_loss":0,"event_name":"Wheel of Change","floor":30,"gold_loss":0}],"is_beta":false,"boss_relics":[{"not_picked":["Empty Cage","Eternal Feather"],"picked":"Runic Dome"}],"items_purged_floors":[21],"is_endless":false,"potions_floor_spawned":[1,11,16,25,27,29],"killed_by":"Centurion and Healer","ascension_level":20}