{"gold_per_floor":[119,136,136,411,1,27,27,37,37,66,66,84,101,135,135,206,206,223,223,223,240,253,253,280,292,353,391,493,525,537,564,576,659,671,693,1704,1716,1728,1034,1053,1053,1084,1084,1095,1129,1129,1161,552,552,552,552],"floor_reached":51,"playtime":4889,"items_purged":["Regret","Normality","Defend_B"],"score":1907,"play_id":"965609d8-46bb-4925-aeab-795ec6dfde40","local_time":"20190406221636","is_ascension_mode":true,"campfire_choices":[{"floor":7.0,"key":"REST"},{"data":"Hyperbeam","floor":11.0,"key":"SMITH"},{"data":"Self Repair","floor":15.0,"key":"SMITH"},{"data":"Chill","floor":23.0,"key":"SMITH"},{"floor":25.0,"key":"REST"},{"data":"Go for the Eyes","floor":30.0,"key":"SMITH"},{"floor":32.0,"key":"RECALL"},{"data":"Blizzard","floor":46.0,"key":"SMITH"},{"data":"Buffer","floor":49.0,"key":"SMITH"}],"neow_cost":"NONE","seed_source_timestamp":709545992954181,"circlet_count":0,"master_deck":["AscendersBane","Defend_B","Zap+1","Dualcast","Rebound","Compile Driver","Hyperbeam+1","Echo Form","Hologram","Ball Lightning","Conserve Battery","Hologram","Coolheaded","Self Repair+1","Compile Driver","Biased Cognition","Leap","Echo Form","Recycle","Coolheaded+1","Double Energy","Chill+1","Blizzard+1","Fusion","Go for the Eyes+1","Chill","Buffer+1","Multi-Cast+1","Steam Power+1","Meteor Strike+1","Capacitor","Panache","Chill+1","Machine Learning","Turbo+1","Echo Form","Hologram+1","White Noise+1","Blizzard","Turbo+1"],"special_seed":0,"relics":["Cracked Core","Regal Pillow","Prayer Wheel","FossilizedHelix","Pen Nib","Strawberry","Sozu","Enchiridion","MawBank","Bag of Marbles","Juzu Bracelet","Astrolabe","Blood Vial","Shuriken","DataDisk","Lantern","Potion Belt","Toxic Egg 2"],"potions_floor_usage":[51],"damage_taken":[{"damage":1.0,"enemies":"Cultist","floor":1.0,"turns":3.0},{"damage":8.0,"enemies":"2 Louse","floor":2.0,"turns":3.0},{"damage":32.0,"enemies":"Gremlin Nob","floor":6.0,"turns":4.0},{"damage":0.0,"enemies":"Small Slimes","floor":8.0,"turns":1.0},{"damage":0.0,"enemies":"3 Sentries","floor":10.0,"turns":4.0},{"damage":0.0,"enemies":"Looter","floor":12.0,"turns":2.0},{"damage":0.0,"enemies":"Large Slime","floor":13.0,"turns":3.0},{"damage":0.0,"enemies":"Gremlin Nob","floor":14.0,"turns":3.0},{"damage":2.0,"enemies":"The Guardian","floor":16.0,"turns":15.0},{"damage":0.0,"enemies":"3 Byrds","floor":18.0,"turns":4.0},{"damage":23.0,"enemies":"2 Thieves","floor":21.0,"turns":3.0},{"damage":7.0,"enemies":"3 Cultists","floor":22.0,"turns":5.0},{"damage":27.0,"enemies":"Book of Stabbing","floor":24.0,"turns":7.0},{"damage":0.0,"enemies":"Gremlin Leader","floor":27.0,"turns":6.0},{"damage":0.0,"enemies":"Shelled Parasite and Fungi","floor":29.0,"turns":3.0},{"damage":0.0,"enemies":"Snake Plant","floor":31.0,"turns":2.0},{"damage":0.0,"enemies":"Champ","floor":33.0,"turns":18.0},{"damage":0.0,"enemies":"3 Darklings","floor":35.0,"turns":4.0},{"damage":0.0,"enemies":"Orb Walker","floor":40.0,"turns":4.0},{"damage":25.0,"enemies":"Giant Head","floor":42.0,"turns":10.0},{"damage":0.0,"enemies":"Maw","floor":44.0,"turns":6.0},{"damage":0.0,"enemies":"Nemesis","floor":45.0,"turns":9.0},{"damage":7.0,"enemies":"Giant Head","floor":47.0,"turns":7.0},{"damage":41.0,"enemies":"Time Eater","floor":50.0,"turns":17.0},{"damage":71,"enemies":"Awakened One","floor":51,"turns":10}],"seed_played":"-8936757105012042257","potions_obtained":[{"floor":8.0,"key":"Ancient Potion"},{"floor":10.0,"key":"EssenceOfSteel"},{"floor":14.0,"key":"SkillPotion"},{"floor":16.0,"key":"LiquidBronze"}],"is_trial":false,"path_per_floor":["M","M","?","?","$","E","R","M","T","E","R","M","M","E","R","B",null,"M","?","?","M","M","R","E","R","T","E","?","M","R","M","R","B",null,"M","?","?","?","$","M","?","E","T","M","E","R","E","$","R","B","B"],"character_chosen":"DEFECT","items_purchased":["Echo Form","Regal Pillow","Blood Vial","Shuriken","Panache","Toxic Egg 2","White Noise+1","Blizzard","Turbo+1"],"campfire_rested":2,"item_purchase_floors":[5,5,39,39,39,48,48,48,48],"current_hp_per_floor":[63,55,55,55,55,23,59,59,59,59,59,59,59,66,66,78,78,78,78,57,44,47,47,30,68,68,78,64,74,74,74,74,78,78,78,78,78,78,78,78,78,63,63,65,78,78,78,78,78,57,0],"gold":552,"neow_bonus":"UPGRADE_CARD","is_prod":false,"is_daily":false,"chose_seed":false,"campfire_upgraded":6,"win_rate":0,"timestamp":1554614196,"path_taken":["M","M","?","?","$","E","R","M","T","E","R","?","M","E","R","BOSS","M","?","?","M","M","R","E","R","T","E","?","M","R","M","R","BOSS","M","?","?","?","$","M","?","E","T","M","E","R","E","$","R","BOSS","BOSS"],"build_version":"2019-04-04","purchased_purges":3,"victory":false,"max_hp_per_floor":[71,71,71,71,71,71,71,71,71,71,71,71,71,78,78,78,78,78,78,78,78,78,78,78,78,78,78,78,78,78,78,78,78,78,78,78,78,78,78,78,78,78,78,78,78,78,78,78,78,78,78],"card_choices":[{"not_picked":["Streamline","Barrage"],"picked":"Rebound","floor":1.0},{"not_picked":["Barrage","Beam Cell"],"picked":"Compile Driver","floor":2.0},{"not_picked":["Go for the Eyes","Turbo"],"picked":"Hologram","floor":6.0},{"not_picked":["Beam Cell","Stack"],"picked":"Ball Lightning","floor":8.0},{"not_picked":["Go for the Eyes","Barrage"],"picked":"Conserve Battery","floor":8.0},{"not_picked":["Force Field","Machine Learning","Streamline"],"picked":"SKIP","floor":10.0},{"not_picked":["Stack","Force Field"],"picked":"Hologram","floor":12.0},{"not_picked":["Scrape","Streamline","Turbo"],"picked":"SKIP","floor":12.0},{"not_picked":["Turbo","Cold Snap"],"picked":"Coolheaded","floor":13.0},{"not_picked":["Recycle","Conserve Battery"],"picked":"Self Repair","floor":13.0},{"not_picked":["Turbo","Gash"],"picked":"Compile Driver","floor":14.0},{"not_picked":["Meteor Strike","Hyperbeam"],"picked":"Biased Cognition","floor":16.0},{"not_picked":["Streamline","Melter"],"picked":"Leap","floor":18.0},{"not_picked":["Barrage","Compile Driver","Streamline"],"picked":"SKIP","floor":18.0},{"not_picked":["Stack","Sweeping Beam"],"picked":"Coolheaded+1","floor":21.0},{"not_picked":["Redo","Cold Snap"],"picked":"Double Energy","floor":21.0},{"not_picked":["Skim","Leap"],"picked":"Chill","floor":22.0},{"not_picked":["Reprogram","Double Energy","Barrage"],"picked":"SKIP","floor":22.0},{"not_picked":["Barrage","Conserve Battery"],"picked":"Blizzard","floor":24.0},{"not_picked":["Beam Cell","Doom and Gloom"],"picked":"Fusion","floor":27.0},{"not_picked":["Steam Power","Sunder"],"picked":"Go for the Eyes","floor":29.0},{"not_picked":["Steam","Rainbow","Chill"],"picked":"SKIP","floor":29.0},{"not_picked":["Steam","Rainbow"],"picked":"Chill","floor":29.0},{"not_picked":["Fusion","Streamline","Barrage"],"picked":"SKIP","floor":31.0},{"not_picked":["Steam","Ball Lightning","All For One"],"picked":"SKIP","floor":31.0},{"not_picked":["Echo Form","Creative AI"],"picked":"Buffer","floor":33.0},{"not_picked":["Heatsinks","Cold Snap"],"picked":"Capacitor","floor":35.0},{"not_picked":["Hello World+1","Turbo","Self Repair"],"picked":"SKIP","floor":35.0},{"not_picked":["Conserve Battery","Redo"],"picked":"Chill+1","floor":40.0},{"not_picked":["Turbo","Cold Snap","Steam"],"picked":"SKIP","floor":40.0},{"not_picked":["Lockon","Rebound"],"picked":"Machine Learning","floor":42.0},{"not_picked":["Darkness","Ball Lightning+1"],"picked":"Turbo+1","floor":44.0},{"not_picked":["Gash","Turbo","Streamline"],"picked":"SKIP","floor":44.0},{"not_picked":["Rip and Tear+1","Hologram"],"picked":"Echo Form","floor":45.0},{"not_picked":["Recycle","Cold Snap+1"],"picked":"Hologram+1","floor":47.0}],"player_experience":1444598,"relics_obtained":[{"floor":6.0,"key":"Prayer Wheel"},{"floor":9.0,"key":"FossilizedHelix"},{"floor":10.0,"key":"Pen Nib"},{"floor":14.0,"key":"Strawberry"},{"floor":20.0,"key":"Enchiridion"},{"floor":24.0,"key":"MawBank"},{"floor":26.0,"key":"Bag of Marbles"},{"floor":27.0,"key":"Juzu Bracelet"},{"floor":42.0,"key":"DataDisk"},{"floor":45.0,"key":"Lantern"},{"floor":47.0,"key":"Potion Belt"}],"event_choices":[{"damage_healed":0.0,"max_hp_gain":0.0,"max_hp_loss":0.0,"gold_gain":0.0,"cards_transformed":["Strike_B"],"event_name":"Living Wall","player_choice":"Change","floor":3.0,"gold_loss":0.0,"damage_taken":0.0,"cards_obtained":["Hyperbeam"]},{"damage_healed":0.0,"max_hp_gain":0.0,"max_hp_loss":0.0,"gold_gain":275.0,"event_name":"Golden Shrine","player_choice":"Desecrate","floor":4.0,"gold_loss":0.0,"damage_taken":0.0,"cards_obtained":["Regret"]},{"damage_healed":0.0,"max_hp_gain":0.0,"max_hp_loss":0.0,"gold_gain":0.0,"cards_transformed":["Strike_B","Strike_B"],"event_name":"Drug Dealer","player_choice":"Became Test Subject","floor":19.0,"gold_loss":0.0,"damage_taken":0.0,"cards_obtained":["Echo Form","Recycle"]},{"damage_healed":0.0,"max_hp_gain":0.0,"max_hp_loss":0.0,"gold_gain":0.0,"event_name":"Cursed Tome","player_choice":"Obtained Book","floor":20.0,"gold_loss":0.0,"damage_taken":21.0},{"damage_healed":0.0,"max_hp_gain":0.0,"max_hp_loss":0.0,"gold_gain":90.0,"event_name":"Knowing Skull","player_choice":"GOLD ","floor":28.0,"potions_obtained":[],"gold_loss":0.0,"damage_taken":14.0,"cards_obtained":[]},{"damage_healed":0.0,"max_hp_gain":0.0,"max_hp_loss":0.0,"gold_gain":999.0,"event_name":"MindBloom","player_choice":"Gold","floor":36.0,"gold_loss":0.0,"damage_taken":0.0,"cards_obtained":["Normality","Normality"]},{"cards_removed":["Normality"],"damage_healed":0.0,"max_hp_gain":0.0,"max_hp_loss":0.0,"gold_gain":0.0,"event_name":"Purifier","player_choice":"Purged","floor":37.0,"gold_loss":0.0,"damage_taken":0.0},{"damage_healed":0.0,"max_hp_gain":0.0,"max_hp_loss":0.0,"gold_gain":0.0,"event_name":"Tomb of Lord Red Mask","player_choice":"Ignored","floor":38.0,"gold_loss":0.0,"damage_taken":0.0},{"damage_healed":0.0,"max_hp_gain":0.0,"max_hp_loss":0.0,"gold_gain":0.0,"event_name":"Mysterious Sphere","player_choice":"Ignored","floor":41.0,"gold_loss":0.0,"damage_taken":0.0}],"is_beta":true,"boss_relics":[{"not_picked":["Fusion Hammer","Eternal Feather"],"picked":"Sozu"},{"not_picked":["Black Star","Pandora\u0027s Box"],"picked":"Astrolabe"}],"items_purged_floors":[5,39,48],"is_endless":false,"potions_floor_spawned":[8,10,14,16,18,24,33,35,40,47],"killed_by":"Awakened One","ascension_level":20}