{"path_per_floor":["M","?","M","?","$","R","E","R","T","E","M","M","$","M","R"],"character_chosen":"THE_SILENT","items_purchased":["Finesse","Escape Plan","Bane"],"gold_per_floor":[114,114,137,137,137,137,176,176,176,207,221,235,30,43,43],"floor_reached":16,"campfire_rested":0,"playtime":1457,"current_hp_per_floor":[54,39,39,39,39,39,26,26,26,14,16,15,15,19,19],"items_purged":[],"gold":43,"play_id":"ea3eff18-c1d2-4a41-9903-7607e3a0fa41","is_prod":false,"is_daily":false,"is_ascension_mode":false,"campfire_upgraded":3,"path_taken":["M","?","?","?","?","R","E","R","T","E","M","?","?","M","R","BOSS"],"build_version":"2018-02-01-PROD3","purchased_purges":2,"victory":false,"master_deck":["Defend_G","Defend_G","Defend_G","Defend_G","Defend_G","Strike_G","Strike_G","Strike_G","Strike_G","Strike_G","Survivor","Neutralize+1","Phantasmal Killer+1","Quick Slash","Bouncing Flask","After Image+1","Outmaneuver","After Image+1","Underhanded Strike","Finesse","Escape Plan","Bane","Reflex"],"max_hp_per_floor":[63,63,63,63,63,63,63,63,63,63,63,63,63,63,63],"relics":["Ring of the Snake","Golden Idol","Matryoshka","Dream Catcher","Bird Faced Urn","Paper Crane"],"card_choices":[{"not_picked":["Wraith Form","Tactician"],"picked":"Phantasmal Killer"},{"not_picked":["Endless Agony","Masterful Stab"],"picked":"Quick Slash"},{"not_picked":["Backflip","Outmaneuver"],"picked":"Bouncing Flask"},{"not_picked":["Backflip","Outmaneuver"],"picked":"After Image"},{"not_picked":["Dash","Prepared"],"picked":"Outmaneuver"},{"not_picked":["PiercingWail","Dagger Throw"],"picked":"After Image"},{"not_picked":["PiercingWail","Poisoned Stab"],"picked":"Underhanded Strike"},{"not_picked":["Endless Agony","PiercingWail"],"picked":"Reflex"}],"player_experience":49783,"potions_floor_usage":[16,16,16],"damage_taken":[{"damage":9,"enemies":"Blue Slaver","floor":1,"turns":6},{"damage":0,"enemies":"2 Louse","floor":3,"turns":4},{"damage":13,"enemies":"3 Sentries","floor":7,"turns":9},{"damage":14,"enemies":"Gremlin Nob","floor":10,"turns":4},{"damage":0,"enemies":"Cultist","floor":11,"turns":4},{"damage":5,"enemies":"Red Slaver","floor":12,"turns":4},{"damage":0,"enemies":"Large Slime","floor":14,"turns":8},{"damage":24,"enemies":"Slime Boss","floor":16,"turns":8}],"event_choices":[{"event_name":"Golden Idol","player_choice":"Take Damage","floor":2,"damage_taken":0},{"event_name":"Living Wall","player_choice":"Grow","floor":4,"damage_taken":0}],"boss_relics":[],"potions_floor_spawned":[11,12,14],"seed_played":"2733032029138629394","killed_by":"Slime Boss","ascension_level":0,"is_trial":false}