{"gold_per_floor":[115,126,143,143,162,187,187,197,243,243,262,262,292,304,304,304],"floor_reached":16,"playtime":891,"items_purged":[],"score":228,"play_id":"ef42e0cc-65fc-4b5a-a73a-c8c6d26411c8","local_time":"20190407130527","is_ascension_mode":true,"campfire_choices":[{"data":"Uppercut","floor":7,"key":"SMITH"},{"floor":10,"key":"REST"},{"data":"Carnage","floor":15,"key":"SMITH"}],"neow_cost":"NONE","seed_source_timestamp":528387397392204,"circlet_count":0,"master_deck":["AscendersBane","Strike_R","Strike_R","Strike_R","Defend_R","Defend_R","Defend_R","Defend_R","Bash","Clothesline","Uppercut+1","Evolve","Dark Embrace","Battle Trance","Exhume","Carnage+1","Ghostly Armor","Bash","Rampage","Reckless Charge"],"relics":["Burning Blood","Unceasing Top","Smiling Mask","Mummified Hand"],"potions_floor_usage":[11,14,16,16],"damage_taken":[{"damage":3,"enemies":"2 Louse","floor":1,"turns":6},{"damage":3,"enemies":"Cultist","floor":2,"turns":4},{"damage":7,"enemies":"Small Slimes","floor":3,"turns":3},{"damage":6,"enemies":"Looter","floor":5,"turns":4},{"damage":57,"enemies":"3 Sentries","floor":6,"turns":12},{"damage":13,"enemies":"3 Louse","floor":8,"turns":4},{"damage":4,"enemies":"Red Slaver","floor":11,"turns":4},{"damage":20,"enemies":"Lagavulin","floor":13,"turns":7},{"damage":20,"enemies":"Gremlin Gang","floor":14,"turns":5},{"damage":25,"enemies":"Slime Boss","floor":16,"turns":5}],"seed_played":"-246173095196279731","potions_obtained":[{"floor":8,"key":"Poison Potion"},{"floor":11,"key":"SteroidPotion"},{"floor":13,"key":"FearPotion"},{"floor":14,"key":"AttackPotion"}],"is_trial":false,"path_per_floor":["M","M","M","?","M","E","R","M","T","R","M","?","E","M","R","B"],"character_chosen":"IRONCLAD","items_purchased":[],"campfire_rested":1,"item_purchase_floors":[],"current_hp_per_floor":[71,74,73,73,73,22,22,15,15,37,39,39,25,11,11,0],"gold":304,"neow_bonus":"REMOVE_CARD","is_prod":false,"is_daily":false,"chose_seed":false,"campfire_upgraded":2,"win_rate":0,"timestamp":1554656727,"path_taken":["M","M","M","?","?","E","R","M","T","R","M","?","E","M","R","BOSS"],"build_version":"2019-01-23","purchased_purges":0,"victory":false,"max_hp_per_floor":[75,75,75,75,75,75,75,75,75,75,75,75,75,75,75,75],"card_choices":[{"not_picked":["Wild Strike","Body Slam"],"picked":"Clothesline","floor":1},{"not_picked":["Corruption","Warcry"],"picked":"Uppercut","floor":2},{"not_picked":["Perfected Strike","Infernal Blade"],"picked":"Evolve","floor":3},{"not_picked":["Body Slam","Havoc"],"picked":"Battle Trance","floor":5},{"not_picked":["Dual Wield","Cleave"],"picked":"Exhume","floor":6},{"not_picked":["Sword Boomerang","Cleave","Clothesline"],"picked":"SKIP","floor":8},{"not_picked":["Iron Wave","Thunderclap"],"picked":"Carnage","floor":11},{"not_picked":["Berserk","Reckless Charge"],"picked":"Rampage","floor":13},{"not_picked":["Body Slam","Anger"],"picked":"Reckless Charge","floor":14}],"player_experience":1695430,"relics_obtained":[{"floor":6,"key":"Unceasing Top"},{"floor":9,"key":"Smiling Mask"},{"floor":13,"key":"Mummified Hand"}],"event_choices":[{"damage_healed":0,"gold_gain":0,"cards_transformed":["Strike_R"],"player_choice":"Transformed","damage_taken":0,"max_hp_gain":0,"max_hp_loss":0,"event_name":"Transmorgrifier","floor":4,"gold_loss":0,"cards_obtained":["Dark Embrace"]},{"damage_healed":0,"gold_gain":0,"player_choice":"2 cards matched","damage_taken":0,"max_hp_gain":0,"max_hp_loss":0,"event_name":"Match and Keep!","floor":12,"gold_loss":0,"cards_obtained":["Ghostly Armor","Bash"]}],"is_beta":false,"boss_relics":[],"items_purged_floors":[],"is_endless":false,"potions_floor_spawned":[8,11,13,14],"killed_by":"Slime Boss","ascension_level":20}