{"gold_per_floor":[15,35,46,46,58,58,88,88,88,100,113,142,142,173,173,245,245,264,69,69,87,12,12,40,40,63,63,75,86,86,6,6,83,83,93,111,211,231,231,261,261,292,316,327,357,370,405,405,405,405,405,405,405,86,112,112],"floor_reached":57,"playtime":4332,"items_purged":["Strike_B","Defend_B","Turbo"],"score":2945,"play_id":"70acfae7-3a76-40b4-900a-20084e58274f","local_time":"20190511233150","is_ascension_mode":true,"campfire_choices":[{"data":"Zap","floor":6.0,"key":"SMITH"},{"data":"Dualcast","floor":8.0,"key":"SMITH"},{"data":"Consume","floor":13.0,"key":"SMITH"},{"data":"Turbo","floor":15.0,"key":"SMITH"},{"data":"Recycle","floor":23.0,"key":"SMITH"},{"floor":25.0,"key":"REST"},{"data":"Sunder","floor":27.0,"key":"SMITH"},{"data":"Turbo","floor":32.0,"key":"SMITH"},{"data":"Coolheaded","floor":41.0,"key":"SMITH"},{"floor":49.0,"key":"RECALL"},{"data":"Recycle","floor":53.0,"key":"SMITH"}],"neow_cost":"NO_GOLD","seed_source_timestamp":0,"circlet_count":0,"master_deck":["AscendersBane","Zap+1","Dualcast+1","Core Surge","Creative AI","Turbo+1","Cold Snap","Self Repair","Hologram","Glacier","Consume+1","Compile Driver","Core Surge","Biased Cognition","Defragment","Conserve Battery","Recycle+1","Sunder+1","Multi-Cast","Turbo+1","Coolheaded+1","Darkness+1","Ghostly","Ghostly","Ghostly","Meteor Strike","Chill","BootSequence","Coolheaded+1","Undo","Reinforced Body","Coolheaded+1","Blizzard","Recycle+1","Skim","Hologram"],"special_seed":0,"relics":["Cracked Core","Kunai","Pear","The Courier","Bottled Lightning","Nuclear Battery","Art of War","Centennial Puzzle","Pandora\u0027s Box","Shovel","Shuriken","Unceasing Top","Happy Flower","Anchor","Cables","Pantograph","Pen Nib"],"potions_floor_usage":[56,56],"damage_taken":[{"damage":0.0,"enemies":"Cultist","floor":1.0,"turns":3.0},{"damage":7.0,"enemies":"Small Slimes","floor":2.0,"turns":3.0},{"damage":2.0,"enemies":"Jaw Worm","floor":3.0,"turns":4.0},{"damage":16.0,"enemies":"Red Slaver","floor":5.0,"turns":4.0},{"damage":19.0,"enemies":"Lagavulin","floor":7.0,"turns":7.0},{"damage":0.0,"enemies":"Blue Slaver","floor":10.0,"turns":4.0},{"damage":17.0,"enemies":"Large Slime","floor":11.0,"turns":7.0},{"damage":19.0,"enemies":"Gremlin Nob","floor":12.0,"turns":5.0},{"damage":15.0,"enemies":"3 Sentries","floor":14.0,"turns":11.0},{"damage":11.0,"enemies":"Hexaghost","floor":16.0,"turns":10.0},{"damage":9.0,"enemies":"Chosen","floor":18.0,"turns":9.0},{"damage":0.0,"enemies":"3 Byrds","floor":21.0,"turns":5.0},{"damage":53.0,"enemies":"Gremlin Leader","floor":24.0,"turns":7.0},{"damage":7.0,"enemies":"Cultist and Chosen","floor":28.0,"turns":7.0},{"damage":4.0,"enemies":"3 Cultists","floor":29.0,"turns":6.0},{"damage":13.0,"enemies":"Automaton","floor":33.0,"turns":9.0},{"damage":1.0,"enemies":"3 Darklings","floor":35.0,"turns":6.0},{"damage":16.0,"enemies":"Orb Walker","floor":36.0,"turns":3.0},{"damage":0.0,"enemies":"Mind Bloom Boss Battle","floor":37.0,"turns":10.0},{"damage":3.0,"enemies":"Writhing Mass","floor":38.0,"turns":9.0},{"damage":11.0,"enemies":"Reptomancer","floor":40.0,"turns":8.0},{"damage":8.0,"enemies":"Nemesis","floor":42.0,"turns":13.0},{"damage":10.0,"enemies":"Maw","floor":44.0,"turns":8.0},{"damage":5.0,"enemies":"Reptomancer","floor":45.0,"turns":14.0},{"damage":16.0,"enemies":"Spire Growth","floor":46.0,"turns":6.0},{"damage":1.0,"enemies":"Giant Head","floor":47.0,"turns":7.0},{"damage":0.0,"enemies":"Awakened One","floor":50.0,"turns":19.0},{"damage":14.0,"enemies":"Time Eater","floor":51.0,"turns":17.0},{"damage":2.0,"enemies":"Shield and Spear","floor":55.0,"turns":11.0},{"damage":15,"enemies":"The Heart","floor":56,"turns":14}],"seed_played":"3368048387280343832","potions_obtained":[{"floor":3.0,"key":"Energy Potion"},{"floor":11.0,"key":"GamblersBrew"},{"floor":12.0,"key":"FocusPotion"},{"floor":24.0,"key":"PowerPotion"},{"floor":29.0,"key":"FocusPotion"},{"floor":40.0,"key":"Weak Potion"},{"floor":45.0,"key":"SteroidPotion"},{"floor":46.0,"key":"FocusPotion"}],"is_trial":false,"path_per_floor":["M","M","M","?","M","R","E","R","T","M","M","E","R","E","R","B",null,"M","$","?","M","?","R","E","R","T","R","M","M","?","$","R","B",null,"M","M","?","M","?","E","R","E","T","M","E","M","E","?","R","B","B",null,"R","$","E","B",null],"character_chosen":"DEFECT","items_purchased":["Conserve Battery","Recycle","Sunder","Pantograph"],"campfire_rested":1,"item_purchase_floors":[19,19,19,54],"current_hp_per_floor":[64,57,55,55,46,46,34,34,44,51,41,29,29,21,21,17,65,63,63,63,70,70,70,24,48,48,48,48,51,40,40,40,34,39,40,24,31,35,35,31,31,23,23,20,22,13,19,33,33,33,26,31,31,31,33,25],"gold":112,"neow_bonus":"TRANSFORM_TWO_CARDS","is_prod":false,"is_daily":false,"chose_seed":false,"campfire_upgraded":9,"win_rate":0,"timestamp":1557588710,"path_taken":["M","M","?","?","M","R","E","R","T","M","M","E","R","E","R","BOSS","M","$","?","?","?","R","E","R","T","R","M","M","?","$","R","BOSS","M","M","?","M","?","E","R","E","T","M","E","?","E","?","R","BOSS","BOSS","R","$","E","BOSS"],"build_version":"2019-01-23","purchased_purges":3,"victory":true,"max_hp_per_floor":[71,71,71,71,71,71,71,71,81,81,81,81,81,81,81,81,81,81,81,81,81,81,81,81,81,81,81,81,81,40,40,40,40,40,40,40,40,40,40,40,40,40,40,40,40,40,40,33,33,33,33,33,33,33,33,33],"card_choices":[{"not_picked":["Lockon","Streamline"],"picked":"Turbo","floor":1.0},{"not_picked":["Leap","Compile Driver"],"picked":"Cold Snap","floor":2.0},{"not_picked":["Hologram","Compile Driver"],"picked":"Self Repair","floor":3.0},{"not_picked":["Streamline","Sweeping Beam"],"picked":"Hologram","floor":5.0},{"not_picked":["Barrage","Rebound"],"picked":"Glacier","floor":7.0},{"not_picked":["Undo","Streamline"],"picked":"Consume","floor":10.0},{"not_picked":["Rebound","Turbo"],"picked":"Compile Driver","floor":11.0},{"not_picked":["Turbo","Stack"],"picked":"Core Surge","floor":12.0},{"not_picked":["Multi-Cast","Reboot"],"picked":"Biased Cognition","floor":16.0},{"not_picked":["Streamline","Hello World"],"picked":"Defragment","floor":18.0},{"not_picked":["Storm","Sweeping Beam","Beam Cell"],"picked":"SKIP","floor":21.0},{"not_picked":["Steam Power","Melter"],"picked":"Turbo","floor":24.0},{"not_picked":["Leap+1","Streamline"],"picked":"Coolheaded+1","floor":28.0},{"not_picked":["Hello World","Go for the Eyes"],"picked":"Darkness+1","floor":29.0},{"not_picked":["Seek","Biased Cognition"],"picked":"Meteor Strike","floor":33.0},{"not_picked":["Hologram","Sweeping Beam"],"picked":"BootSequence","floor":35.0},{"not_picked":["Defragment","Barrage"],"picked":"Coolheaded+1","floor":36.0},{"not_picked":["Genetic Algorithm","Barrage"],"picked":"Undo","floor":37.0},{"not_picked":["Barrage","FTL+1"],"picked":"Reinforced Body","floor":38.0},{"not_picked":["Genetic Algorithm","Conserve Battery"],"picked":"Coolheaded","floor":40.0},{"not_picked":["Streamline+1","Storm","Cold Snap+1"],"picked":"SKIP","floor":42.0},{"not_picked":["Barrage","Coolheaded"],"picked":"Blizzard","floor":44.0},{"not_picked":["Seek","Coolheaded"],"picked":"Recycle","floor":45.0},{"not_picked":["Self Repair","Defragment+1"],"picked":"Skim","floor":46.0},{"not_picked":["Beam Cell","Coolheaded","Stack"],"picked":"SKIP","floor":47.0},{"not_picked":["Coolheaded","Ball Lightning"],"picked":"Hologram","floor":55.0}],"player_experience":1620911,"relics_obtained":[{"floor":7.0,"key":"Kunai"},{"floor":9.0,"key":"Pear"},{"floor":12.0,"key":"The Courier"},{"floor":14.0,"key":"Bottled Lightning"},{"floor":24.0,"key":"Art of War"},{"floor":26.0,"key":"Centennial Puzzle"},{"floor":37.0,"key":"Shovel"},{"floor":40.0,"key":"Unceasing Top"},{"floor":42.0,"key":"Happy Flower"},{"floor":45.0,"key":"Anchor"},{"floor":47.0,"key":"Cables"},{"floor":55.0,"key":"Pen Nib"}],"event_choices":[{"damage_healed":0.0,"max_hp_gain":0.0,"max_hp_loss":0.0,"gold_gain":0.0,"event_name":"The Cleric","player_choice":"Leave","floor":4.0,"gold_loss":0.0,"damage_taken":0.0},{"damage_healed":0.0,"max_hp_gain":0.0,"max_hp_loss":0.0,"gold_gain":0.0,"cards_transformed":["Strike_B"],"event_name":"Transmorgrifier","player_choice":"Transformed","floor":20.0,"gold_loss":0.0,"damage_taken":0.0,"cards_obtained":["Multi-Cast"]},{"cards_removed":["Defend_B"],"damage_healed":0.0,"max_hp_gain":0.0,"max_hp_loss":0.0,"gold_gain":0.0,"event_name":"Beggar","player_choice":"Gave Gold","floor":22.0,"gold_loss":75.0,"damage_taken":0.0},{"damage_healed":0.0,"max_hp_gain":0.0,"max_hp_loss":41.0,"gold_gain":0.0,"event_name":"Ghosts","player_choice":"Became a Ghost","floor":30.0,"gold_loss":0.0,"damage_taken":0.0,"cards_obtained":["Ghostly","Ghostly","Ghostly"]},{"damage_healed":0.0,"max_hp_gain":0.0,"max_hp_loss":0.0,"gold_gain":0.0,"event_name":"MindBloom","player_choice":"Fight","floor":37.0,"gold_loss":0.0,"damage_taken":0.0},{"damage_healed":0.0,"max_hp_gain":0.0,"max_hp_loss":0.0,"gold_gain":0.0,"event_name":"WeMeetAgain","player_choice":"Gave Potion","floor":39.0,"gold_loss":0.0,"damage_taken":0.0,"relics_obtained":["Shuriken"]},{"damage_healed":33.0,"max_hp_gain":0.0,"max_hp_loss":7.0,"gold_gain":0.0,"event_name":"The Moai Head","player_choice":"Heal","floor":48.0,"gold_loss":0.0,"damage_taken":0.0}],"is_beta":false,"boss_relics":[{"not_picked":["Snecko Eye","Runic Dome"],"picked":"Nuclear Battery"},{"not_picked":["Black Star","Calling Bell"],"picked":"Pandora\u0027s Box"}],"items_purged_floors":[19,31,54],"is_endless":false,"potions_floor_spawned":[3,11,12,14,16,24,29,33,35,40,45,46,47],"ascension_level":20}