{"gold_per_floor":[115,132,132,143,160,160,185,205,205,221,221,221,8,42,42,116,116,133,133,148,148,168,168,193,193,248,248,264,289,289,303,303,303],"floor_reached":33,"playtime":1045,"items_purged":[],"score":719,"play_id":"d98d2176-166a-47fc-9b30-1bb45e374992","local_time":"20190427112118","is_ascension_mode":true,"campfire_choices":[{"data":"Bash","floor":6.0,"key":"SMITH"},{"data":"Inflame","floor":12.0,"key":"SMITH"},{"data":"Apotheosis","floor":15.0,"key":"SMITH"},{"floor":23,"key":"DIG"},{"floor":25,"key":"DIG"},{"floor":27,"key":"DIG"},{"floor":30,"key":"DIG"},{"floor":32,"key":"DIG"}],"neow_cost":"NONE","seed_source_timestamp":1038597627175414,"circlet_count":0,"master_deck":["AscendersBane","Strike_R","Strike_R","Defend_R","Defend_R","Defend_R","Defend_R","Bash+1","Carnage","Battle Trance","Clothesline","Shrug It Off","Bloodletting","True Grit","Inflame+1","Pummel","Apotheosis+1","Brutality","Demon Form","Flame Barrier+1","Disarm","Shockwave","Seeing Red","Second Wind+1"],"special_seed":0,"relics":["Burning Blood","Du-Vu Doll","Mercury Hourglass","Strawberry","Coffee Dripper","Shovel","Boot","Oddly Smooth Stone","Pear","Bag of Preparation","Girya","Red Skull","Ginger","The Courier"],"potions_floor_usage":[24,29,33,33],"damage_taken":[{"damage":4.0,"enemies":"Small Slimes","floor":1.0,"turns":4.0},{"damage":1.0,"enemies":"Cultist","floor":2.0,"turns":3.0},{"damage":8.0,"enemies":"Jaw Worm","floor":4.0,"turns":4.0},{"damage":4.0,"enemies":"Large Slime","floor":5.0,"turns":5.0},{"damage":25.0,"enemies":"Lagavulin","floor":7.0,"turns":4.0},{"damage":3.0,"enemies":"2 Fungi Beasts","floor":8.0,"turns":4.0},{"damage":6.0,"enemies":"Blue Slaver","floor":10.0,"turns":3.0},{"damage":13.0,"enemies":"3 Sentries","floor":14.0,"turns":6.0},{"damage":6.0,"enemies":"Slime Boss","floor":16.0,"turns":4.0},{"damage":8.0,"enemies":"3 Byrds","floor":18.0,"turns":4.0},{"damage":2.0,"enemies":"Chosen","floor":20.0,"turns":5.0},{"damage":17,"enemies":"3 Cultists","floor":22,"turns":5},{"damage":27,"enemies":"Gremlin Leader","floor":24,"turns":4},{"damage":6,"enemies":"Snake Plant","floor":28,"turns":3},{"damage":49,"enemies":"Slavers","floor":29,"turns":4},{"damage":4,"enemies":"Centurion and Healer","floor":31,"turns":5},{"damage":19,"enemies":"Automaton","floor":33,"turns":7}],"seed_played":"4504870928849115897","potions_obtained":[{"floor":1.0,"key":"Energy Potion"},{"floor":4.0,"key":"Fruit Juice"},{"floor":10.0,"key":"SteroidPotion"},{"floor":16.0,"key":"PowerPotion"},{"floor":24,"key":"Explosive Potion"},{"floor":31,"key":"Explosive Potion"}],"is_trial":false,"path_per_floor":["M","M","?","M","M","R","E","M","T","M","?","R","$","E","R","B",null,"M","?","M","?","M","R","E","R","T","R","M","E","R","M","R","B"],"character_chosen":"IRONCLAD","items_purchased":["Apotheosis"],"campfire_rested":0,"item_purchase_floors":[13],"current_hp_per_floor":[70,75,68,66,68,68,49,52,52,52,52,52,52,52,52,52,75,73,73,77,77,66,66,50,60,60,60,60,17,17,19,19,0],"gold":303,"neow_bonus":"TRANSFORM_CARD","is_prod":false,"is_daily":false,"chose_seed":false,"campfire_upgraded":3,"win_rate":0,"timestamp":1556389278,"path_taken":["M","M","?","M","M","R","E","M","T","M","?","R","$","E","R","BOSS","M","?","M","?","M","R","E","R","T","R","M","E","R","?","R","BOSS"],"build_version":"2019-04-23","purchased_purges":0,"victory":false,"max_hp_per_floor":[75,75,75,75,75,75,75,75,75,75,75,75,75,82,82,82,82,82,82,82,82,82,82,87,97,97,97,97,97,97,97,97,97],"card_choices":[{"not_picked":["Searing Blow","True Grit"],"picked":"Battle Trance","floor":1.0},{"not_picked":["Armaments","Body Slam"],"picked":"Clothesline","floor":2.0},{"not_picked":["Headbutt","Iron Wave"],"picked":"Shrug It Off","floor":4.0},{"not_picked":["Iron Wave","Thunderclap"],"picked":"Bloodletting","floor":5.0},{"not_picked":["Iron Wave","Body Slam"],"picked":"True Grit","floor":7.0},{"not_picked":["Clash","Sever Soul","Anger"],"picked":"SKIP","floor":8.0},{"not_picked":["Headbutt","Battle Trance"],"picked":"Inflame","floor":10.0},{"not_picked":["Cleave","Sever Soul"],"picked":"Brutality","floor":14.0},{"not_picked":["Double Tap","Berserk"],"picked":"Demon Form","floor":16.0},{"not_picked":["Blood for Blood+1","Pommel Strike"],"picked":"Flame Barrier+1","floor":18.0},{"not_picked":["Clothesline","Heavy Blade"],"picked":"Disarm","floor":20.0},{"not_picked":["Blood for Blood","Body Slam"],"picked":"Shockwave","floor":22},{"not_picked":["Iron Wave","Heavy Blade+1","Berserk"],"picked":"SKIP","floor":24},{"not_picked":["Armaments+1","Body Slam"],"picked":"Seeing Red","floor":28},{"not_picked":["Reckless Charge+1","Inflame","Iron Wave"],"picked":"SKIP","floor":29},{"not_picked":["Body Slam","Sever Soul+1"],"picked":"Second Wind+1","floor":31}],"player_experience":1197293,"relics_obtained":[{"floor":7.0,"key":"Du-Vu Doll"},{"floor":9.0,"key":"Mercury Hourglass"},{"floor":14.0,"key":"Strawberry"},{"floor":23,"key":"Boot"},{"floor":24,"key":"Oddly Smooth Stone"},{"floor":25,"key":"Pear"},{"floor":26,"key":"Bag of Preparation"},{"floor":27,"key":"Girya"},{"floor":29,"key":"Red Skull"},{"floor":30,"key":"Ginger"},{"floor":32,"key":"The Courier"}],"event_choices":[{"cards_removed":["Strike_R"],"damage_healed":0.0,"max_hp_gain":0.0,"max_hp_loss":0.0,"gold_gain":0.0,"event_name":"Golden Wing","player_choice":"Card Removal","floor":3.0,"gold_loss":0.0,"damage_taken":7.0},{"damage_healed":0.0,"max_hp_gain":0.0,"max_hp_loss":0.0,"gold_gain":0.0,"cards_transformed":["Strike_R"],"event_name":"Transmorgrifier","player_choice":"Transformed","floor":11.0,"gold_loss":0.0,"damage_taken":0.0,"cards_obtained":["Pummel"]},{"damage_healed":0.0,"max_hp_gain":0.0,"max_hp_loss":0.0,"gold_gain":0.0,"event_name":"The Mausoleum","player_choice":"Opened","floor":19.0,"gold_loss":0.0,"damage_taken":0.0,"relics_obtained":["Shovel"],"cards_obtained":["Writhe"]},{"cards_removed":["Writhe"],"damage_healed":0,"gold_gain":0,"player_choice":"Elegance","damage_taken":0,"max_hp_gain":0,"max_hp_loss":0,"event_name":"Back to Basics","floor":21,"gold_loss":0}],"is_beta":true,"boss_relics":[{"not_picked":["Philosopher\u0027s Stone","Eternal Feather"],"picked":"Coffee Dripper"}],"items_purged_floors":[],"is_endless":false,"potions_floor_spawned":[1,4,10,16,20,24,31],"killed_by":"Automaton","ascension_level":20}