{"gold_per_floor":[114,114,25,25,25,53,53,86,86,86,102,115,135,169,169,243,243,243,112,112,112,112,112],"floor_reached":23,"playtime":529,"items_purged":["Decay"],"score":572,"play_id":"99bd1070-60a8-43b5-8b39-56447c095e79","local_time":"20190208200656","is_ascension_mode":true,"campfire_choices":[{"data":"Sunder","floor":7,"key":"SMITH"},{"data":"Zap","floor":15,"key":"SMITH"}],"neow_cost":"NONE","seed_source_timestamp":463054527567265,"circlet_count":0,"master_deck":["AscendersBane","Strike_B","Strike_B","Strike_B","Strike_B","Defend_B","Defend_B","Defend_B","Defend_B","Zap+1","Dualcast","Cold Snap","Sunder+1","Reboot","Hologram","Ball Lightning","Conserve Battery","Leap","Rainbow","Leap","Ball Lightning","Leap+1"],"relics":["Cracked Core","NeowsBlessing","Bag of Preparation","Orichalcum","Pantograph","Mercury Hourglass","Dream Catcher","Ectoplasm"],"potions_floor_usage":[16,21,23],"damage_taken":[{"damage":0,"enemies":"Small Slimes","floor":1,"turns":1},{"damage":0,"enemies":"Lagavulin","floor":6,"turns":1},{"damage":0,"enemies":"3 Sentries","floor":8,"turns":1},{"damage":1,"enemies":"Cultist","floor":11,"turns":3},{"damage":0,"enemies":"2 Louse","floor":12,"turns":1},{"damage":7,"enemies":"Blue Slaver","floor":13,"turns":2},{"damage":0,"enemies":"Gremlin Nob","floor":14,"turns":3},{"damage":68,"enemies":"Hexaghost","floor":16,"turns":11},{"damage":2,"enemies":"3 Byrds","floor":18,"turns":4},{"damage":0,"enemies":"Chosen","floor":20,"turns":3},{"damage":28,"enemies":"Centurion and Healer","floor":21,"turns":6},{"damage":22,"enemies":"3 Cultists","floor":22,"turns":6},{"damage":8,"enemies":"Slavers","floor":23,"turns":1}],"seed_played":"8988646608038412581","potions_obtained":[{"floor":1,"key":"Energy Potion"},{"floor":6,"key":"Regen Potion"},{"floor":16,"key":"Fire Potion"},{"floor":18,"key":"Energy Potion"},{"floor":21,"key":"SneckoOil"},{"floor":22,"key":"PowerPotion"}],"is_trial":false,"path_per_floor":["M","?","$","?","$","E","R","E","T","?","M","M","M","E","R","B",null,"M","$","M","M","M","E"],"character_chosen":"DEFECT","items_purchased":["Sunder","Ball Lightning"],"campfire_rested":0,"item_purchase_floors":[3,19],"current_hp_per_floor":[64,64,64,64,64,64,64,64,64,64,63,63,56,56,56,18,58,56,56,56,28,6,0],"gold":112,"neow_bonus":"THREE_ENEMY_KILL","is_prod":false,"is_daily":false,"chose_seed":false,"campfire_upgraded":2,"win_rate":0,"timestamp":1549681616,"path_taken":["M","?","?","?","?","E","R","E","T","?","M","M","M","E","R","BOSS","M","$","M","M","?","E"],"build_version":"2019-02-06","purchased_purges":1,"victory":false,"max_hp_per_floor":[71,71,71,71,71,71,71,71,71,71,71,71,71,71,71,71,71,71,71,71,71,71,71],"card_choices":[{"not_picked":["Chill","Recycle"],"picked":"Cold Snap","floor":1},{"not_picked":["Leap","Heatsinks"],"picked":"Reboot","floor":6},{"not_picked":["Static Discharge","Rip and Tear"],"picked":"Hologram","floor":8},{"not_picked":["Reprogram","Streamline"],"picked":"Ball Lightning","floor":11},{"not_picked":["Steam","Rebound","Stack"],"picked":"SKIP","floor":12},{"not_picked":["Redo","Sweeping Beam"],"picked":"Conserve Battery","floor":13},{"not_picked":["Skim","Hello World"],"picked":"Leap","floor":14},{"not_picked":["All For One","Buffer"],"picked":"Rainbow","floor":16},{"not_picked":["Doom and Gloom","Redo"],"picked":"Leap","floor":18},{"not_picked":["Lockon","Go for the Eyes","Turbo"],"picked":"SKIP","floor":20},{"not_picked":["Barrage","Go for the Eyes","Hologram"],"picked":"SKIP","floor":21},{"not_picked":["BootSequence","Heatsinks"],"picked":"Leap+1","floor":22}],"player_experience":1079910,"relics_obtained":[{"floor":6,"key":"Bag of Preparation"},{"floor":8,"key":"Orichalcum"},{"floor":9,"key":"Pantograph"},{"floor":14,"key":"Dream Catcher"}],"event_choices":[{"damage_healed":0,"gold_gain":0,"player_choice":"Cursed","damage_taken":0,"max_hp_gain":0,"max_hp_loss":0,"event_name":"Wheel of Change","floor":2,"gold_loss":0,"cards_obtained":["Decay"]},{"damage_healed":0,"gold_gain":0,"player_choice":"Leave","damage_taken":0,"max_hp_gain":0,"max_hp_loss":0,"event_name":"The Cleric","floor":4,"gold_loss":0},{"damage_healed":0,"gold_gain":0,"player_choice":"Gave Potion","damage_taken":0,"relics_obtained":["Mercury Hourglass"],"max_hp_gain":0,"max_hp_loss":0,"event_name":"WeMeetAgain","floor":10,"gold_loss":0}],"is_beta":true,"boss_relics":[{"not_picked":["Pandora\u0027s Box","Philosopher\u0027s Stone"],"picked":"Ectoplasm"}],"items_purged_floors":[19],"is_endless":false,"potions_floor_spawned":[1,6,16,18,21,22],"killed_by":"Slavers","ascension_level":20}