{"gold_per_floor":[118,35,35,55,69,69,108,131,157,175,175,216,216,229,229,328,328,342,292,305,325,240,240,273,273,348,348,391,407,35,35,35,124,124,139,361,361,125,145,188,24,24],"floor_reached":42,"playtime":3298,"items_purged":["Strike_B"],"score":983,"play_id":"760ad8f6-3067-4d09-994e-979cc53f9b39","local_time":"20190330194411","is_ascension_mode":true,"campfire_choices":[{"data":"Seek","floor":6,"key":"SMITH"},{"data":"Go for the Eyes","floor":11,"key":"SMITH"},{"data":"White Noise","floor":13,"key":"SMITH"},{"data":"Dualcast","floor":15,"key":"SMITH"},{"floor":23,"key":"REST"},{"floor":25,"key":"REST"},{"floor":32,"key":"REST"}],"neow_cost":"NONE","seed_source_timestamp":1185938658361904,"circlet_count":0,"master_deck":["AscendersBane","Strike_B+1","Defend_B","Defend_B","Defend_B","Defend_B","Zap+1","Dualcast+1","Compile Driver","Conserve Battery","Cold Snap","Auto Shields","Seek+1","White Noise+1","Capacitor","Go for the Eyes+1","Stack+1","Core Surge","Consume","Ball Lightning","Capacitor+1","Glacier","Loop+1","Conserve Battery","Darkness","Biased Cognition","Leap","Redo+1"],"relics":["Cracked Core","Golden Idol","Bag of Preparation","Anchor","Nuclear Battery","Dream Catcher","Torii","Pear","Red Mask","Membership Card","Strawberry","Empty Cage","Bag of Marbles","Matryoshka","Smiling Mask","FossilizedHelix"],"potions_floor_usage":[7,12,16,18,24,24,33,35,40],"damage_taken":[{"damage":5,"enemies":"Small Slimes","floor":1,"turns":3},{"damage":0,"enemies":"Cultist","floor":4,"turns":3},{"damage":14,"enemies":"2 Louse","floor":5,"turns":3},{"damage":6,"enemies":"Lagavulin","floor":7,"turns":8},{"damage":0,"enemies":"Looter","floor":8,"turns":3},{"damage":1,"enemies":"2 Fungi Beasts","floor":10,"turns":2},{"damage":7,"enemies":"3 Sentries","floor":12,"turns":5},{"damage":0,"enemies":"3 Louse","floor":14,"turns":3},{"damage":13,"enemies":"Hexaghost","floor":16,"turns":10},{"damage":34,"enemies":"3 Byrds","floor":18,"turns":7},{"damage":8,"enemies":"2 Thieves","floor":20,"turns":4},{"damage":9,"enemies":"Snecko","floor":21,"turns":5},{"damage":7,"enemies":"Slavers","floor":24,"turns":8},{"damage":14,"enemies":"Masked Bandits","floor":28,"turns":6},{"damage":23,"enemies":"Snake Plant","floor":29,"turns":5},{"damage":10,"enemies":"Champ","floor":33,"turns":15},{"damage":0,"enemies":"Orb Walker","floor":35,"turns":4},{"damage":12,"enemies":"3 Darklings","floor":39,"turns":7},{"damage":6,"enemies":"Nemesis","floor":40,"turns":11},{"damage":55,"enemies":"Giant Head","floor":42,"turns":5}],"seed_played":"7960004702314100672","potions_obtained":[{"floor":1,"key":"EssenceOfSteel"},{"floor":4,"key":"Strength Potion"},{"floor":8,"key":"Explosive Potion"},{"floor":10,"key":"PowerPotion"},{"floor":12,"key":"Swift Potion"},{"floor":16,"key":"FocusPotion"},{"floor":20,"key":"FearPotion"},{"floor":29,"key":"SteroidPotion"},{"floor":33,"key":"Poison Potion"},{"floor":37,"key":"Energy Potion"}],"is_trial":false,"path_per_floor":["M","$","?","M","M","R","E","M","T","M","R","E","R","M","R","B",null,"M","?","M","M","?","R","E","R","T","?","?","M","$","?","R","B",null,"M","?","?","$","M","E","$","E"],"character_chosen":"DEFECT","items_purchased":["Conserve Battery","Cold Snap","Membership Card","Strawberry","AttackPotion","Conserve Battery","Bag of Marbles","Matryoshka","Leap","FossilizedHelix"],"campfire_rested":3,"item_purchase_floors":[2,2,30,30,30,30,38,38,38,41],"current_hp_per_floor":[59,59,59,59,45,45,39,39,39,38,38,31,31,31,31,18,53,19,19,11,2,2,21,14,33,43,43,29,6,13,13,37,27,68,68,68,68,68,56,50,50,0],"gold":24,"neow_bonus":"UPGRADE_CARD","is_prod":false,"is_daily":false,"chose_seed":false,"campfire_upgraded":4,"win_rate":0,"timestamp":1553989451,"path_taken":["M","$","?","M","M","R","E","M","T","M","R","E","R","M","R","BOSS","M","?","?","M","?","R","E","R","T","?","?","M","$","?","R","BOSS","M","?","?","$","?","E","$","E"],"build_version":"2019-01-23","purchased_purges":1,"victory":false,"max_hp_per_floor":[71,71,64,64,64,64,64,64,64,64,64,64,64,64,64,64,64,64,64,64,64,64,64,64,64,74,74,74,74,81,81,81,81,81,81,81,81,81,81,81,81,81],"card_choices":[{"not_picked":["Lockon","Steam"],"picked":"Compile Driver","floor":1},{"not_picked":["Conserve Battery","Cold Snap"],"picked":"Auto Shields","floor":4},{"not_picked":["Fusion","Hologram"],"picked":"Seek","floor":5},{"not_picked":["Steam Power","Conserve Battery"],"picked":"White Noise","floor":7},{"not_picked":["Coolheaded","Stack"],"picked":"Capacitor","floor":8},{"not_picked":["Compile Driver","Rip and Tear"],"picked":"Go for the Eyes","floor":10},{"not_picked":["Self Repair","Redo"],"picked":"Stack","floor":12},{"not_picked":["Turbo","Stack","Beam Cell"],"picked":"SKIP","floor":14},{"not_picked":["Machine Learning","Seek"],"picked":"Core Surge","floor":16},{"not_picked":["Reprogram","Doom and Gloom"],"picked":"Consume","floor":18},{"not_picked":["Rip and Tear","Gash"],"picked":"Ball Lightning","floor":20},{"not_picked":["Gash","Stack"],"picked":"Capacitor+1","floor":21},{"not_picked":["Ball Lightning","Reinforced Body"],"picked":"Glacier","floor":23},{"not_picked":["Go for the Eyes","Compile Driver","Blizzard"],"picked":"SKIP","floor":24},{"not_picked":["Auto Shields","Fission"],"picked":"Loop+1","floor":29},{"not_picked":["Ball Lightning","Tempest"],"picked":"Darkness","floor":32},{"not_picked":["Thunder Strike","Reboot"],"picked":"Biased Cognition","floor":33},{"not_picked":["Reprogram","Sweeping Beam","Gash+1"],"picked":"SKIP","floor":35},{"not_picked":["Melter","Stack","Steam"],"picked":"SKIP","floor":39},{"not_picked":["Biased Cognition","Genetic Algorithm"],"picked":"Redo+1","floor":40}],"player_experience":1498065,"relics_obtained":[{"floor":7,"key":"Bag of Preparation"},{"floor":12,"key":"Anchor"},{"floor":24,"key":"Torii"},{"floor":26,"key":"Pear"},{"floor":28,"key":"Red Mask"},{"floor":40,"key":"Smiling Mask"}],"event_choices":[{"damage_healed":0,"gold_gain":0,"player_choice":"Lose Max HP","damage_taken":0,"relics_obtained":["Golden Idol"],"max_hp_gain":0,"max_hp_loss":7,"event_name":"Golden Idol","floor":3,"gold_loss":0},{"damage_healed":0,"gold_gain":0,"player_choice":"Upgraded Two","damage_taken":0,"max_hp_gain":0,"max_hp_loss":0,"event_name":"Designer","floor":19,"gold_loss":50,"cards_upgraded":["Stack","Strike_B"]},{"damage_healed":0,"gold_gain":0,"player_choice":"Obtained Relic","damage_taken":0,"relics_obtained":["Dream Catcher"],"max_hp_gain":0,"max_hp_loss":0,"event_name":"Addict","floor":22,"gold_loss":85},{"damage_healed":0,"gold_gain":0,"player_choice":"Ignored","damage_taken":0,"max_hp_gain":0,"max_hp_loss":0,"event_name":"Ghosts","floor":27,"gold_loss":0},{"damage_healed":0,"gold_gain":0,"player_choice":"Fought Bandits","damage_taken":0,"max_hp_gain":0,"max_hp_loss":0,"event_name":"Masked Bandits","floor":28,"gold_loss":0},{"damage_healed":0,"gold_gain":0,"player_choice":"Ignored","damage_taken":0,"max_hp_gain":0,"max_hp_loss":0,"event_name":"Cursed Tome","floor":31,"gold_loss":0},{"damage_healed":0,"gold_gain":222,"player_choice":"Wore Mask","damage_taken":0,"max_hp_gain":0,"max_hp_loss":0,"event_name":"Tomb of Lord Red Mask","floor":36,"gold_loss":0},{"damage_healed":0,"gold_gain":0,"player_choice":"Got Potions","damage_taken":0,"max_hp_gain":0,"max_hp_loss":0,"event_name":"Lab","floor":37,"gold_loss":0}],"is_beta":false,"boss_relics":[{"not_picked":["Velvet Choker","Philosopher\u0027s Stone"],"picked":"Nuclear Battery"},{"not_picked":["Runic Dome","Coffee Dripper"],"picked":"Empty Cage"}],"items_purged_floors":[30],"is_endless":false,"potions_floor_spawned":[1,4,8,10,12,16,20,21,29,33,39],"killed_by":"Giant Head","ascension_level":20}