{"gold_per_floor":[117,117,11,27,37,37,62,78,78,78,2,12,12,47,47,122,122,134,134,59,75,93,125,125,125,125,125,140,140,154,168,168,242,242,261,261],"floor_reached":36,"playtime":1504,"items_purged":["Decay"],"score":788,"play_id":"f6945da9-95d9-45cc-ae7b-8cfb86f0bfc8","local_time":"20190407014114","is_ascension_mode":true,"campfire_choices":[{"data":"Uppercut","floor":6,"key":"SMITH"},{"data":"Inflame","floor":10,"key":"SMITH"},{"data":"True Grit","floor":15,"key":"SMITH"},{"data":"Bash","floor":24,"key":"SMITH"},{"floor":27,"key":"REST"},{"data":"Fiend Fire","floor":32,"key":"SMITH"}],"neow_cost":"TEN_PERCENT_HP_LOSS","seed_source_timestamp":486707572348969,"circlet_count":0,"master_deck":["AscendersBane","Strike_R","Strike_R","Strike_R","Strike_R","Strike_R","Defend_R","Defend_R","Defend_R","Defend_R","Bash+1","Offering","Anger","Inflame+1","Perfected Strike","Sword Boomerang","Uppercut+1","Spot Weakness","Perfected Strike","Limit Break","Power Through","True Grit+1","Feed","Pummel","Infernal Blade+1","True Grit+1","Body Slam","J.A.X.","Fiend Fire+1","Impervious","Shrug It Off"],"relics":["Burning Blood","Anchor","Letter Opener","Gremlin Horn","Cursed Key","Magic Flower","Fusion Hammer"],"potions_floor_usage":[5,7,16,22,23,30,31,33],"damage_taken":[{"damage":6,"enemies":"Cultist","floor":1,"turns":2},{"damage":7,"enemies":"Jaw Worm","floor":4,"turns":2},{"damage":8,"enemies":"Small Slimes","floor":5,"turns":2},{"damage":39,"enemies":"Lagavulin","floor":7,"turns":4},{"damage":6,"enemies":"Looter","floor":8,"turns":2},{"damage":1,"enemies":"Blue Slaver","floor":12,"turns":3},{"damage":15,"enemies":"3 Sentries","floor":14,"turns":6},{"damage":10,"enemies":"Hexaghost","floor":16,"turns":8},{"damage":19,"enemies":"2 Thieves","floor":18,"turns":5},{"damage":15,"enemies":"Shell Parasite","floor":21,"turns":4},{"damage":19,"enemies":"Snecko","floor":22,"turns":3},{"damage":10,"enemies":"Slavers","floor":23,"turns":4},{"damage":13,"enemies":"Shelled Parasite and Fungi","floor":28,"turns":3},{"damage":18,"enemies":"Snake Plant","floor":30,"turns":2},{"damage":12,"enemies":"Cultist and Chosen","floor":31,"turns":3},{"damage":40,"enemies":"Collector","floor":33,"turns":5},{"damage":50,"enemies":"3 Darklings","floor":35,"turns":5},{"damage":37,"enemies":"3 Shapes","floor":36,"turns":3}],"seed_played":"607687537214304682","potions_obtained":[{"floor":1,"key":"Energy Potion"},{"floor":5,"key":"PowerPotion"},{"floor":8,"key":"EssenceOfSteel"},{"floor":16,"key":"LiquidBronze"},{"floor":18,"key":"SkillPotion"},{"floor":22,"key":"Explosive Potion"},{"floor":23,"key":"Explosive Potion"},{"floor":30,"key":"Strength Potion"}],"is_trial":false,"path_per_floor":["M","T","$","M","M","R","E","M","T","R","$","M","$","E","R","B",null,"M","?","$","M","M","E","R","T","T","R","M","?","M","M","R","B",null,"M","M"],"character_chosen":"IRONCLAD","items_purchased":["Inflame","Perfected Strike","Limit Break"],"campfire_rested":1,"item_purchase_floors":[3,3,11],"current_hp_per_floor":[68,68,68,67,65,65,32,32,32,32,32,37,37,28,28,24,57,44,44,44,38,28,24,24,24,24,46,47,47,43,45,45,14,66,25,0],"gold":261,"neow_bonus":"THREE_RARE_CARDS","is_prod":false,"is_daily":false,"chose_seed":false,"campfire_upgraded":5,"win_rate":0,"timestamp":1554615674,"path_taken":["M","?","?","?","M","R","E","M","T","R","$","M","?","E","R","BOSS","M","?","?","M","M","E","R","?","T","R","M","?","M","M","R","BOSS","M","M"],"build_version":"2019-01-23","purchased_purges":1,"victory":false,"max_hp_per_floor":[68,68,68,68,68,68,68,68,68,68,68,68,68,68,68,68,68,68,68,68,71,74,74,74,74,74,74,77,77,80,83,83,83,83,83,86],"card_choices":[{"not_picked":["Fiend Fire","Dark Embrace"],"picked":"Offering","floor":0},{"not_picked":["Fire Breathing","Flex"],"picked":"Anger","floor":1},{"not_picked":["Blood for Blood","Clash"],"picked":"Sword Boomerang","floor":4},{"not_picked":["Anger","Rage"],"picked":"Uppercut","floor":5},{"not_picked":["Bloodletting","Reckless Charge"],"picked":"Spot Weakness","floor":7},{"not_picked":["Carnage","Heavy Blade"],"picked":"Perfected Strike","floor":8},{"not_picked":["Ghostly Armor","Seeing Red"],"picked":"Power Through","floor":12},{"not_picked":["Spot Weakness","Barricade"],"picked":"True Grit","floor":14},{"not_picked":["Berserk","Exhume"],"picked":"Feed","floor":16},{"not_picked":["Anger","Rage","Warcry"],"picked":"SKIP","floor":18},{"not_picked":["Anger+1","Wild Strike"],"picked":"Pummel","floor":21},{"not_picked":["Thunderclap","Wild Strike"],"picked":"Infernal Blade+1","floor":22},{"not_picked":["Reaper","Clash+1"],"picked":"True Grit+1","floor":23},{"not_picked":["Clash","Power Through"],"picked":"Body Slam","floor":28},{"not_picked":["Blood for Blood","Havoc"],"picked":"Fiend Fire","floor":30},{"not_picked":["Cleave","Spot Weakness","Power Through"],"picked":"SKIP","floor":31},{"not_picked":["Bludgeon","Fiend Fire"],"picked":"Impervious","floor":33},{"not_picked":["Clash+1","Burning Pact"],"picked":"Shrug It Off","floor":35}],"player_experience":1677286,"relics_obtained":[{"floor":7,"key":"Anchor"},{"floor":9,"key":"Letter Opener"},{"floor":14,"key":"Gremlin Horn"},{"floor":23,"key":"Magic Flower"}],"event_choices":[{"damage_healed":0,"gold_gain":0,"player_choice":"Cursed","damage_taken":0,"max_hp_gain":0,"max_hp_loss":0,"event_name":"Wheel of Change","floor":19,"gold_loss":0,"cards_obtained":["Decay"]},{"damage_healed":0,"gold_gain":0,"player_choice":"Obtain J.A.X.","damage_taken":0,"max_hp_gain":0,"max_hp_loss":0,"event_name":"Drug Dealer","floor":29,"gold_loss":0,"cards_obtained":["J.A.X."]}],"is_beta":false,"boss_relics":[{"not_picked":["Runic Cube","Velvet Choker"],"picked":"Cursed Key"},{"not_picked":["White Beast Statue","Pandora\u0027s Box"],"picked":"Fusion Hammer"}],"items_purged_floors":[20],"is_endless":false,"potions_floor_spawned":[1,5,8,16,18,22,23,30],"killed_by":"3 Shapes","ascension_level":20}