{"path_per_floor":["M","?","?","$","?","E","R","M","T","M","R","M","R","M","R","B",null,"M","M","?","M","?","R"],"character_chosen":"THE_SILENT","items_purchased":["Peace Pipe"],"gold_per_floor":[116,116,366,1,1,31,31,41,41,55,55,75,75,88,88,193,193,204,220,220,230,145,145],"floor_reached":24,"campfire_rested":1,"playtime":1517,"current_hp_per_floor":[70,56,56,56,56,56,56,56,56,56,56,47,47,31,31,8,55,46,37,37,12,22,46],"items_purged":["Regret"],"gold":145,"score":276,"play_id":"c495680b-1b10-4e59-a6b9-7365d87ee310","is_prod":false,"is_daily":false,"is_ascension_mode":true,"campfire_upgraded":3,"path_taken":["M","?","?","$","?","E","R","M","T","M","R","?","R","M","R","BOSS","M","?","?","M","?","R","E"],"build_version":"2018-02-15-PROD1","purchased_purges":1,"victory":false,"master_deck":["Defend_G","Defend_G","Defend_G+1","Defend_G","Defend_G+1","Strike_G","Survivor","Neutralize+1","Flying Knee","Sucker Punch+1","Terror","Catalyst","Doppelganger+1","Envenom","Prepared+1","Acrobatics+1","Calculated Gamble+1","Crippling Poison","Eviscerate","Dagger Throw"],"max_hp_per_floor":[70,70,70,70,70,70,70,70,70,70,70,70,70,70,70,70,70,70,70,70,70,80,80],"relics":["Ring of the Snake","NeowsBlessing","Peace Pipe","Bag of Preparation","Du-Vu Doll","Astrolabe","Smiling Mask","Pear"],"card_choices":[{"not_picked":["PiercingWail","Prepared"],"picked":"Flying Knee"},{"not_picked":["Tactician","Poisoned Stab"],"picked":"Sucker Punch"},{"not_picked":["Slice","Accuracy"],"picked":"Terror"},{"not_picked":["Blade Dance","Flying Knee"],"picked":"Catalyst"},{"not_picked":["All Out Attack","Underhanded Strike"],"picked":"Doppelganger"},{"not_picked":["Doppelganger","Phantasmal Killer"],"picked":"Envenom"},{"not_picked":["Setup","Cloak And Dagger"],"picked":"Crippling Poison"},{"not_picked":["Riddle With Holes","Flying Knee"],"picked":"Eviscerate"},{"not_picked":["Setup","Deadly Poison"],"picked":"Dagger Throw"}],"player_experience":320108,"potions_floor_usage":[14,16,19],"damage_taken":[{"damage":0,"enemies":"2 Louse","floor":1,"turns":1},{"damage":0,"enemies":"3 Sentries","floor":6,"turns":1},{"damage":0,"enemies":"Small Slimes","floor":8,"turns":1},{"damage":0,"enemies":"Cultist","floor":10,"turns":2},{"damage":9,"enemies":"3 Louse","floor":12,"turns":5},{"damage":16,"enemies":"Gremlin Gang","floor":14,"turns":6},{"damage":23,"enemies":"Hexaghost","floor":16,"turns":9},{"damage":9,"enemies":"Chosen","floor":18,"turns":4},{"damage":9,"enemies":"Shell Parasite","floor":19,"turns":5},{"damage":25,"enemies":"Snake Plant","floor":21,"turns":8},{"damage":48,"enemies":"Book of Stabbing","floor":24,"turns":7}],"event_choices":[{"event_name":"Shining Light","player_choice":"Entered Light","floor":2,"damage_taken":0},{"event_name":"Golden Shrine","player_choice":"Desecrate","floor":3,"damage_taken":0},{"event_name":"The Cleric","player_choice":"Leave","floor":5,"damage_taken":0},{"event_name":"The Mausoleum","player_choice":"Yes","floor":20,"damage_taken":0},{"event_name":"Addict","player_choice":"Obtained Relic","floor":22,"damage_taken":0}],"boss_relics":[{"not_picked":["Velvet Choker","Philosopher\u0027s Stone"],"picked":"Astrolabe"}],"potions_floor_spawned":[6,14,18],"seed_played":"3374362631389743850","killed_by":"Book of Stabbing","ascension_level":5,"is_trial":false}