{"gold_per_floor":[129,141,166,195,220,265,277,302,338,350,512,534,621,257,257,331,331,348,398,413,6,6,6,35,35],"floor_reached":25,"playtime":1013,"items_purged":["Doubt"],"score":442,"play_id":"e27c5578-5d36-416e-8cc0-77490a88d1b5","local_time":"20190428052014","is_ascension_mode":true,"campfire_choices":[{"data":"Zap","floor":7,"key":"SMITH"},{"floor":10,"key":"REST"},{"data":"Defragment","floor":15,"key":"SMITH"},{"floor":23,"key":"REST"}],"neow_cost":"NONE","seed_source_timestamp":472374037117428,"circlet_count":0,"master_deck":["AscendersBane","Strike_B","Strike_B","Strike_B","Defend_B","Defend_B","Defend_B","Defend_B","Zap+1","Dualcast","Sweeping Beam","Defragment","Chill","Ball Lightning","Genetic Algorithm","Defragment+1","Go for the Eyes","Doom and Gloom","Echo Form","Static Discharge","Electrodynamics","Conserve Battery","Ball Lightning","Cold Snap"],"relics":["Cracked Core","MawBank","Ice Cream","Bag of Preparation","Runic Capacitor","Cursed Key","Blood Vial","Bag of Marbles"],"potions_floor_usage":[5,5,6],"damage_taken":[{"damage":0,"enemies":"2 Louse","floor":1,"turns":2},{"damage":2,"enemies":"Jaw Worm","floor":3,"turns":3},{"damage":1,"enemies":"Small Slimes","floor":4,"turns":3},{"damage":9,"enemies":"Exordium Wildlife","floor":5,"turns":4},{"damage":31,"enemies":"Gremlin Nob","floor":6,"turns":4},{"damage":8,"enemies":"Blue Slaver","floor":8,"turns":4},{"damage":3,"enemies":"3 Louse","floor":12,"turns":3},{"damage":10,"enemies":"Hexaghost","floor":16,"turns":7},{"damage":9,"enemies":"Chosen","floor":18,"turns":5},{"damage":0,"enemies":"Spheric Guardian","floor":20,"turns":3},{"damage":25,"enemies":"Book of Stabbing","floor":24,"turns":4},{"damage":36,"enemies":"Shelled Parasite and Fungi","floor":25,"turns":3}],"seed_played":"-5884918347730310307","potions_obtained":[{"floor":1,"key":"Regen Potion"},{"floor":3,"key":"Swift Potion"},{"floor":5,"key":"FocusPotion"}],"is_trial":false,"path_per_floor":["M","?","M","M","M","E","R","M","T","R","?","M","?","$","R","B",null,"M","?","M","$","?","R","E","M"],"character_chosen":"DEFECT","items_purchased":["Runic Capacitor","Doom and Gloom","Electrodynamics","Conserve Battery","Ball Lightning","Blood Vial"],"campfire_rested":2,"item_purchase_floors":[14,14,21,21,21,21],"current_hp_per_floor":[64,57,55,54,57,26,26,18,18,39,39,36,25,25,25,15,57,48,48,48,48,28,50,27,0],"gold":35,"neow_bonus":"RANDOM_COMMON_RELIC","is_prod":false,"is_daily":false,"chose_seed":false,"campfire_upgraded":2,"win_rate":0,"timestamp":1556443214,"path_taken":["M","?","M","M","M","E","R","M","T","R","?","?","?","?","R","BOSS","M","?","M","$","?","R","E","?"],"build_version":"2019-01-23","purchased_purges":1,"victory":false,"max_hp_per_floor":[71,71,71,71,71,71,71,71,71,71,71,71,71,71,71,71,71,71,71,71,71,76,76,76,76],"card_choices":[{"not_picked":["Fusion","Hologram"],"picked":"Sweeping Beam","floor":1},{"not_picked":["Streamline","Turbo"],"picked":"Defragment","floor":3},{"not_picked":["Reprogram","Auto Shields"],"picked":"Chill","floor":4},{"not_picked":["Hello World","Reprogram"],"picked":"Ball Lightning","floor":5},{"not_picked":["Turbo","Gash"],"picked":"Genetic Algorithm","floor":6},{"not_picked":["Leap","White Noise"],"picked":"Defragment","floor":8},{"not_picked":["Rip and Tear","Defragment"],"picked":"Go for the Eyes","floor":12},{"not_picked":["Amplify","Machine Learning"],"picked":"Echo Form","floor":16},{"not_picked":["Beam Cell","Go for the Eyes","Leap"],"picked":"SKIP","floor":18},{"not_picked":["Gash","Turbo"],"picked":"Static Discharge","floor":20},{"not_picked":["Meteor Strike","Gash"],"picked":"Cold Snap","floor":24}],"player_experience":2032659,"relics_obtained":[{"floor":6,"key":"Ice Cream"},{"floor":9,"key":"Bag of Preparation"},{"floor":24,"key":"Bag of Marbles"}],"event_choices":[{"cards_removed":["Strike_B"],"damage_healed":0,"gold_gain":0,"player_choice":"Card Removal","damage_taken":7,"max_hp_gain":0,"max_hp_loss":0,"event_name":"Golden Wing","floor":2,"gold_loss":0},{"damage_healed":0,"gold_gain":150,"player_choice":"AGREE","damage_taken":0,"max_hp_gain":0,"max_hp_loss":0,"event_name":"Liars Game","floor":11,"gold_loss":0,"cards_obtained":["Doubt"]},{"damage_healed":0,"gold_gain":75,"player_choice":"Gather Gold","damage_taken":11,"max_hp_gain":0,"max_hp_loss":0,"event_name":"World of Goop","floor":13,"gold_loss":0},{"damage_healed":0,"gold_gain":50,"player_choice":"Stole From Cult","damage_taken":0,"max_hp_gain":0,"max_hp_loss":0,"event_name":"Nest","floor":19,"gold_loss":0},{"damage_healed":0,"gold_gain":0,"player_choice":"Shed Blood","damage_taken":25,"max_hp_gain":5,"max_hp_loss":0,"event_name":"Forgotten Altar","floor":22,"gold_loss":0}],"is_beta":false,"boss_relics":[{"not_picked":["Empty Cage","Snecko Eye"],"picked":"Cursed Key"}],"items_purged_floors":[14],"is_endless":false,"potions_floor_spawned":[1,3,5],"killed_by":"Shelled Parasite and Fungi","ascension_level":20}