{"gold_per_floor":[110,110,128,44,61,92,92,367,391,391,391],"floor_reached":11,"playtime":387,"items_purged":[],"score":142,"play_id":"aa55c5b6-994b-4a77-9bd3-0f17913e4916","local_time":"20190413010652","is_ascension_mode":true,"campfire_choices":[{"data":"Noxious Fumes","floor":7,"key":"SMITH"},{"floor":10,"key":"REST"}],"neow_cost":"NONE","seed_source_timestamp":110583753183167,"circlet_count":0,"master_deck":["AscendersBane","Defend_G","Defend_G","Defend_G","Defend_G","Defend_G","Strike_G","Strike_G","Strike_G","Strike_G","Strike_G","Survivor","Neutralize","Dagger Throw","Noxious Fumes+1","Dagger Spray","Terror","Regret"],"relics":["Ring of the Snake","Art of War","Anchor","Smiling Mask","Happy Flower"],"potions_floor_usage":[6],"damage_taken":[{"damage":0,"enemies":"Small Slimes","floor":1,"turns":4},{"damage":6,"enemies":"Cultist","floor":3,"turns":5},{"damage":0,"enemies":"2 Louse","floor":5,"turns":3},{"damage":48,"enemies":"Gremlin Nob","floor":6,"turns":5},{"damage":24,"enemies":"3 Sentries","floor":11,"turns":5}],"seed_played":"6736706719472424313","potions_obtained":[{"floor":3,"key":"Swift Potion"}],"is_trial":false,"path_per_floor":["M","?","M","$","M","E","R","?","T","R","E"],"character_chosen":"THE_SILENT","items_purchased":["Noxious Fumes"],"campfire_rested":1,"item_purchase_floors":[4],"current_hp_per_floor":[59,59,53,53,53,5,5,5,5,24,0],"gold":391,"neow_bonus":"RANDOM_COMMON_RELIC","is_prod":false,"is_daily":false,"chose_seed":false,"campfire_upgraded":1,"win_rate":0,"timestamp":1555132012,"path_taken":["M","?","M","$","?","E","R","?","T","R","E"],"build_version":"2019-01-23","purchased_purges":0,"victory":false,"max_hp_per_floor":[66,66,66,66,66,66,66,66,66,66,66],"card_choices":[{"not_picked":["Prepared","Accuracy"],"picked":"Blur","floor":1},{"not_picked":["Sucker Punch","Blade Dance"],"picked":"Dagger Throw","floor":3},{"not_picked":["Quick Slash","All Out Attack"],"picked":"Dagger Spray","floor":5},{"not_picked":["Dagger Throw","Tactician"],"picked":"Terror","floor":6}],"player_experience":1836951,"relics_obtained":[{"floor":6,"key":"Smiling Mask"},{"floor":9,"key":"Happy Flower"}],"event_choices":[{"cards_removed":["Blur"],"damage_healed":0,"gold_gain":0,"player_choice":"Gave Card","damage_taken":0,"relics_obtained":["Anchor"],"max_hp_gain":0,"max_hp_loss":0,"event_name":"WeMeetAgain","floor":2,"gold_loss":0},{"damage_healed":0,"gold_gain":275,"player_choice":"Desecrate","damage_taken":0,"max_hp_gain":0,"max_hp_loss":0,"event_name":"Golden Shrine","floor":8,"gold_loss":0,"cards_obtained":["Regret"]}],"is_beta":false,"boss_relics":[],"items_purged_floors":[],"is_endless":false,"potions_floor_spawned":[3],"killed_by":"3 Sentries","ascension_level":20}