{"path_per_floor":["M","M","M","?","?","R","M","E","T","?","$","M","?","M","R","B",null,"M","M","?","M","M","E","$","R","T","M","M","R","?","M","R","B",null,"M","M","?","?","?","E","R","M","T","R","M","E","R","$","R"],"character_chosen":"THE_SILENT","items_purchased":["Panache","A Thousand Cuts","Slice"],"gold_per_floor":[113,131,145,145,145,145,159,187,187,244,41,51,51,64,64,163,163,163,163,163,163,163,163,4,4,4,4,4,4,4,4,4,4,4,4,4,4,4,0,0,0,0,0,0,0,0,0,0,0],"floor_reached":50,"campfire_rested":3,"playtime":3991,"current_hp_per_floor":[70,70,70,70,70,70,57,47,47,50,50,42,35,35,35,21,70,70,58,58,52,41,28,28,49,49,42,39,39,39,33,33,2,70,50,44,44,44,44,19,40,32,32,32,20,8,44,44,44],"items_purged":[],"gold":0,"score":474,"play_id":"e4fa98ef-04ce-4897-9921-39ca570bf020","is_prod":false,"is_daily":false,"is_ascension_mode":false,"campfire_upgraded":3,"path_taken":["M","M","M","?","?","R","M","E","T","?","?","?","?","M","R","BOSS","M","M","?","M","?","E","$","R","T","M","M","R","?","M","R","BOSS","M","?","?","?","?","E","R","M","T","R","M","E","R","$","R","BOSS"],"build_version":"2018-02-15-PROD1","purchased_purges":1,"victory":false,"master_deck":["Defend_G","Defend_G","Defend_G","Defend_G","Defend_G","Strike_G","Survivor","Neutralize","Footwork","Dash","After Image+1","Neutralize","All Out Attack","Distraction","Panache+1","Predator","Burst+1","Infinite Blades+1","Quick Slash+1","Noxious Fumes","Bouncing Flask","Blur","Catalyst+1","A Thousand Cuts","Slice","Accuracy","Blade Dance+1","Dagger Throw","Envenom","Caltrops+1","Bouncing Flask+1","Finisher+1","Adrenaline+1","Dagger Spray+1"],"max_hp_per_floor":[70,70,70,70,70,70,70,70,70,70,70,70,70,70,70,70,70,70,70,70,70,70,70,70,70,70,70,70,70,70,70,70,70,70,70,70,70,70,70,70,70,70,70,70,70,70,70,70,70],"relics":["Ring of the Snake","Darkstone Periapt","Bag of Marbles","Shuriken","Ectoplasm","Toxic Egg 2","Girya","White Beast Statue","Red Mask","Orichalcum","Bottled Tornado","Regal Pillow"],"card_choices":[{"not_picked":["Cloak And Dagger","Flying Knee"],"picked":"Footwork"},{"not_picked":["Skewer","Dagger Throw"],"picked":"Dash"},{"not_picked":["Predator","Quick Slash"],"picked":"After Image"},{"not_picked":["Bane","Cloak And Dagger"],"picked":"All Out Attack"},{"not_picked":["Crippling Poison","All Out Attack"],"picked":"Distraction"},{"not_picked":["Dodge and Roll","Deflect"],"picked":"Predator"},{"not_picked":["Grand Finale","Unload"],"picked":"Burst"},{"not_picked":["Prepared","Terror"],"picked":"Infinite Blades"},{"not_picked":["Expertise","Dodge and Roll"],"picked":"Quick Slash"},{"not_picked":["Dash","Acrobatics"],"picked":"Bouncing Flask"},{"not_picked":["Backflip","Distraction"],"picked":"Blur"},{"not_picked":["Bane","Backstab"],"picked":"Catalyst"},{"not_picked":["Dagger Throw","Slice"],"picked":"Accuracy"},{"not_picked":["Flying Knee","Endless Agony"],"picked":"Blade Dance"},{"not_picked":["Backflip","Deflect"],"picked":"Dagger Throw"},{"not_picked":["Corpse Explosion","After Image"],"picked":"Envenom"},{"not_picked":["Poisoned Stab","Deflect"],"picked":"Caltrops"},{"not_picked":["Cloak And Dagger","Dagger Throw"],"picked":"Bouncing Flask"},{"not_picked":["Calculated Gamble","Sucker Punch"],"picked":"Finisher"},{"not_picked":["Underhanded Strike","Flying Knee"],"picked":"Adrenaline"},{"not_picked":["Deflect","Sucker Punch"],"picked":"Dagger Spray"}],"player_experience":339550,"potions_floor_usage":[10,14,16,16,16,22,27,28,40,42,42,45,46,46,50],"damage_taken":[{"damage":0,"enemies":"2 Louse","floor":1,"turns":3},{"damage":0,"enemies":"Cultist","floor":2,"turns":5},{"damage":0,"enemies":"Jaw Worm","floor":3,"turns":4},{"damage":13,"enemies":"Lots of Slimes","floor":7,"turns":6},{"damage":10,"enemies":"Gremlin Nob","floor":8,"turns":6},{"damage":12,"enemies":"3 Sentries","floor":10,"turns":9},{"damage":8,"enemies":"Looter","floor":12,"turns":4},{"damage":0,"enemies":"Large Slime","floor":14,"turns":5},{"damage":14,"enemies":"Slime Boss","floor":16,"turns":15},{"damage":0,"enemies":"3 Byrds","floor":18,"turns":3},{"damage":12,"enemies":"Spheric Guardian","floor":19,"turns":5},{"damage":6,"enemies":"Centurion and Healer","floor":21,"turns":5},{"damage":11,"enemies":"Snake Plant","floor":22,"turns":4},{"damage":13,"enemies":"Gremlin Leader","floor":23,"turns":6},{"damage":7,"enemies":"Cultist and Chosen","floor":27,"turns":7},{"damage":3,"enemies":"Chosen and Byrds","floor":28,"turns":6},{"damage":6,"enemies":"Centurion and Healer","floor":31,"turns":4},{"damage":31,"enemies":"Collector","floor":33,"turns":7},{"damage":20,"enemies":"3 Darklings","floor":35,"turns":5},{"damage":6,"enemies":"Orb Walker","floor":36,"turns":3},{"damage":25,"enemies":"2 Orb Walkers","floor":40,"turns":5},{"damage":8,"enemies":"3 Darklings","floor":42,"turns":5},{"damage":12,"enemies":"Maw","floor":45,"turns":5},{"damage":12,"enemies":"Giant Head","floor":46,"turns":6},{"damage":58,"enemies":"Donu and Deca","floor":50,"turns":4}],"event_choices":[{"event_name":"Bonfire Elementals","player_choice":"BASIC","floor":4,"damage_taken":0},{"event_name":"Match and Keep!","player_choice":"1 cards matched","floor":5,"damage_taken":0},{"event_name":"Dead Adventurer","player_choice":"Searched \u00271\u0027 times","floor":10,"damage_taken":0},{"event_name":"Golden Wing","player_choice":"Card Removal","floor":13,"damage_taken":0},{"event_name":"The Library","player_choice":"Read","floor":20,"damage_taken":0},{"event_name":"N\u0027loth","player_choice":"Ignored","floor":30,"damage_taken":0},{"event_name":"Wheel of Change","player_choice":"Card Removal","floor":38,"damage_taken":0},{"event_name":"Tomb of Lord Red Mask","player_choice":"Paid","floor":39,"damage_taken":0}],"boss_relics":[{"not_picked":["Orrery","Runic Pyramid"],"picked":"Ectoplasm"},{"not_picked":["Eternal Feather","Velvet Choker"],"picked":"White Beast Statue"}],"potions_floor_spawned":[1,10,10,12,14,18,21,23,33,35,36,40,42,45,46],"seed_played":"-2279470576165520061","killed_by":"Donu and Deca","ascension_level":0,"is_trial":false}