{"gold_per_floor":[110,110,35,35,48,79,89,99,122,153,168,168,168,240,240,319,319,337,337,350,350],"floor_reached":21,"playtime":445,"items_purged":[],"score":453,"play_id":"672df4e8-73ff-4f3e-86c9-3d2c8b591289","local_time":"20190203115546","is_ascension_mode":true,"campfire_choices":[{"data":"Defragment","floor":12,"key":"SMITH"},{"data":"Defragment","floor":15,"key":"SMITH"}],"neow_cost":"NONE","seed_source_timestamp":1622294985040,"circlet_count":0,"master_deck":["AscendersBane","Strike_B","Defend_B","Defend_B","Defend_B+1","Defend_B","Zap+1","Dualcast","Defragment","Sweeping Beam","Sunder+1","Coolheaded","Defragment+1","Capacitor","Defragment+1","Seek","Loop+1","Defragment+1","Stack+1","Conserve Battery","Go for the Eyes+1"],"relics":["Cracked Core","NeowsBlessing","Ancient Tea Set","Bag of Marbles","Omamori","Molten Egg 2","Astrolabe"],"potions_floor_usage":[8,10,16],"damage_taken":[{"damage":0,"enemies":"Jaw Worm","floor":1,"turns":1},{"damage":0,"enemies":"2 Louse","floor":5,"turns":1},{"damage":0,"enemies":"Gremlin Nob","floor":6,"turns":1},{"damage":0,"enemies":"Small Slimes","floor":7,"turns":3},{"damage":1,"enemies":"Looter","floor":8,"turns":4},{"damage":8,"enemies":"Lagavulin","floor":10,"turns":6},{"damage":10,"enemies":"Blue Slaver","floor":11,"turns":5},{"damage":22,"enemies":"The Guardian","floor":16,"turns":10},{"damage":0,"enemies":"Chosen","floor":18,"turns":4},{"damage":13,"enemies":"Spheric Guardian","floor":20,"turns":4},{"damage":62,"enemies":"Masked Bandits","floor":21,"turns":3}],"seed_played":"-8559649099593296149","potions_obtained":[{"floor":5,"key":"Block Potion"},{"floor":6,"key":"SkillPotion"},{"floor":10,"key":"FairyPotion"},{"floor":11,"key":"EssenceOfSteel"}],"is_trial":false,"path_per_floor":["M","?","?","?","M","E","M","M","T","E","M","R","?","T","R","B",null,"M","?","M","?"],"character_chosen":"DEFECT","items_purchased":[],"campfire_rested":0,"item_purchase_floors":[],"current_hp_per_floor":[64,43,43,43,43,43,43,42,42,34,24,24,24,24,24,2,54,54,54,41,0],"gold":350,"neow_bonus":"THREE_ENEMY_KILL","is_prod":false,"is_daily":false,"chose_seed":false,"campfire_upgraded":2,"win_rate":0,"timestamp":1549220146,"path_taken":["M","?","?","?","?","E","M","M","T","E","M","R","?","?","R","BOSS","M","?","?","?"],"build_version":"2019-01-23","purchased_purges":0,"victory":false,"max_hp_per_floor":[71,71,71,71,71,71,71,71,71,71,71,71,71,71,71,71,71,71,71,71,71],"card_choices":[{"not_picked":["Ball Lightning","Sweeping Beam"],"picked":"Defragment","floor":1},{"not_picked":["Cold Snap","Steam"],"picked":"Sunder","floor":5},{"not_picked":["Streamline","Sunder"],"picked":"Doom and Gloom","floor":6},{"not_picked":["Hologram","Steam"],"picked":"Coolheaded","floor":7},{"not_picked":["Chill","Doom and Gloom"],"picked":"Defragment","floor":8},{"not_picked":["Self Repair","Loop"],"picked":"Capacitor","floor":10},{"not_picked":["Leap","Steam"],"picked":"Defragment","floor":11},{"not_picked":["Reboot","Buffer"],"picked":"Seek","floor":16},{"not_picked":["Redo+1","Steam"],"picked":"Conserve Battery","floor":18},{"not_picked":["Barrage+1","Redo"],"picked":"Go for the Eyes+1","floor":20}],"player_experience":1065934,"relics_obtained":[{"floor":6,"key":"Ancient Tea Set"},{"floor":9,"key":"Bag of Marbles"},{"floor":10,"key":"Omamori"},{"floor":14,"key":"Molten Egg 2"}],"event_choices":[{"damage_healed":0,"gold_gain":0,"player_choice":"Entered Light","damage_taken":21,"max_hp_gain":0,"max_hp_loss":0,"event_name":"Shining Light","floor":2,"gold_loss":0,"cards_upgraded":["Defend_B","Zap"]},{"cards_removed":["Strike_B"],"damage_healed":0,"gold_gain":0,"player_choice":"Card Removal","damage_taken":0,"max_hp_gain":0,"max_hp_loss":0,"event_name":"The Cleric","floor":3,"gold_loss":75},{"damage_healed":0,"gold_gain":0,"player_choice":"1 cards matched","damage_taken":0,"max_hp_gain":0,"max_hp_loss":0,"event_name":"Match and Keep!","floor":4,"gold_loss":0,"cards_obtained":["Sweeping Beam"]},{"damage_healed":0,"gold_gain":0,"player_choice":"Fled","damage_taken":0,"max_hp_gain":0,"max_hp_loss":0,"event_name":"Scrap Ooze","floor":13,"gold_loss":0},{"damage_healed":0,"gold_gain":0,"player_choice":"Upgraded","damage_taken":0,"max_hp_gain":0,"max_hp_loss":0,"event_name":"Upgrade Shrine","floor":19,"gold_loss":0,"cards_upgraded":["Sunder"]},{"damage_healed":0,"gold_gain":0,"player_choice":"Fought Bandits","damage_taken":0,"max_hp_gain":0,"max_hp_loss":0,"event_name":"Masked Bandits","floor":21,"gold_loss":0}],"is_beta":true,"boss_relics":[{"not_picked":["Orrery","Empty Cage"],"picked":"Astrolabe"}],"items_purged_floors":[],"is_endless":false,"potions_floor_spawned":[5,6,10,11],"killed_by":"Masked Bandits","ascension_level":20}