{"gold_per_floor":[217,237,237,237,237,237,257,257,304,335,335,335,358,378,378,378],"floor_reached":16,"playtime":2026,"items_purged":[],"score":200,"play_id":"33d9fb30-9332-4751-8afa-72738a3e2302","local_time":"20190418165454","is_ascension_mode":true,"campfire_choices":[{"data":"Bash","floor":6,"key":"SMITH"},{"data":"Combust","floor":8,"key":"SMITH"},{"data":"Clothesline","floor":12,"key":"SMITH"},{"floor":15,"key":"REST"}],"neow_cost":"NONE","seed_source_timestamp":597902755251622,"circlet_count":0,"master_deck":["AscendersBane","Strike_R","Strike_R","Strike_R+1","Strike_R","Defend_R","Defend_R","Defend_R","Defend_R","Bash+1","Disarm+1","Anger","Combust+1","Clothesline+1","Evolve"],"relics":["Burning Blood","Golden Idol","Smiling Mask","Peace Pipe"],"potions_floor_usage":[14],"damage_taken":[{"damage":11,"enemies":"Jaw Worm","floor":1,"turns":4},{"damage":6,"enemies":"2 Louse","floor":2,"turns":4},{"damage":7,"enemies":"Small Slimes","floor":7,"turns":3},{"damage":26,"enemies":"Gremlin Nob","floor":10,"turns":4},{"damage":2,"enemies":"2 Fungi Beasts","floor":13,"turns":2},{"damage":8,"enemies":"Exordium Thugs","floor":14,"turns":5},{"damage":46,"enemies":"The Guardian","floor":16,"turns":11}],"seed_played":"-669831829020570716","potions_obtained":[{"floor":1,"key":"Dexterity Potion"},{"floor":10,"key":"Block Potion"}],"is_trial":false,"path_per_floor":["M","M","?","?","?","R","M","R","T","E","?","R","M","M","R","B"],"character_chosen":"IRONCLAD","items_purchased":[],"campfire_rested":1,"item_purchase_floors":[],"current_hp_per_floor":[63,63,68,44,44,44,43,43,43,23,23,23,27,25,46,0],"gold":378,"neow_bonus":"HUNDRED_GOLD","is_prod":false,"is_daily":false,"chose_seed":false,"campfire_upgraded":3,"win_rate":0,"timestamp":1555620894,"path_taken":["M","M","?","?","?","R","M","R","T","E","?","R","M","?","R","BOSS"],"build_version":"2019-01-23","purchased_purges":0,"victory":false,"max_hp_per_floor":[75,75,80,80,72,72,72,72,72,72,72,72,72,72,72,72],"card_choices":[{"not_picked":["Corruption","Rampage"],"picked":"Disarm","floor":1},{"not_picked":["Sever Soul","Havoc"],"picked":"Anger","floor":2},{"not_picked":["Flex","Intimidate"],"picked":"Combust","floor":7},{"not_picked":["Pommel Strike","Bloodletting","Combust"],"picked":"SKIP","floor":10},{"not_picked":["Havoc","Flex"],"picked":"Evolve","floor":13},{"not_picked":["Heavy Blade","Berserk","Body Slam"],"picked":"SKIP","floor":14}],"player_experience":1849339,"relics_obtained":[{"floor":9,"key":"Smiling Mask"},{"floor":10,"key":"Peace Pipe"}],"event_choices":[{"damage_healed":0,"gold_gain":0,"player_choice":"Donut","damage_taken":0,"max_hp_gain":5,"max_hp_loss":0,"event_name":"Big Fish","floor":3,"gold_loss":0},{"damage_healed":0,"gold_gain":0,"player_choice":"Entered Light","damage_taken":24,"max_hp_gain":0,"max_hp_loss":0,"event_name":"Shining Light","floor":4,"gold_loss":0,"cards_upgraded":["Disarm","Strike_R"]},{"damage_healed":0,"gold_gain":0,"player_choice":"Lose Max HP","damage_taken":0,"relics_obtained":["Golden Idol"],"max_hp_gain":0,"max_hp_loss":8,"event_name":"Golden Idol","floor":5,"gold_loss":0},{"damage_healed":0,"gold_gain":0,"cards_transformed":["Strike_R"],"player_choice":"Transformed","damage_taken":0,"max_hp_gain":0,"max_hp_loss":0,"event_name":"Transmorgrifier","floor":11,"gold_loss":0,"cards_obtained":["Clothesline"]}],"is_beta":false,"boss_relics":[],"items_purged_floors":[],"is_endless":false,"potions_floor_spawned":[1,10],"killed_by":"The Guardian","ascension_level":20}