{"gold_per_floor":[118,131,148,17,36,36,67,67,147,147,161,173,201,201,201,274,274,287,287,29,47,67,67,83,110,110,110,141,141,159,159,159,159],"floor_reached":33,"playtime":2361,"items_purged":["Parasite"],"score":628,"play_id":"36855378-3380-4150-9b68-5c1f3839a11d","local_time":"20190324030556","is_ascension_mode":true,"campfire_choices":[{"data":"A Thousand Cuts","floor":6,"key":"SMITH"},{"floor":8,"key":"REST"},{"data":"Infinite Blades","floor":10,"key":"SMITH"},{"data":"Accuracy","floor":15,"key":"SMITH"},{"floor":23,"key":"REST"},{"floor":27,"key":"REST"},{"floor":29,"key":"REST"},{"floor":32,"key":"REST"}],"neow_cost":"CURSE","seed_source_timestamp":608522137411098,"circlet_count":0,"master_deck":["AscendersBane","Defend_G","Defend_G","Defend_G","Defend_G","Defend_G","Strike_G","Strike_G","Strike_G","Strike_G","Strike_G","Survivor","Neutralize","A Thousand Cuts+1","Dagger Throw","Infinite Blades+1","Leg Sweep","Wraith Form v2","Escape Plan","Leg Sweep","Accuracy+1","A Thousand Cuts+1","Adrenaline","Dodge and Roll","Adrenaline","Well Laid Plans","Corpse Explosion","Expertise","Dodge and Roll","Acrobatics+1"],"relics":["Ring of the Snake","Calipers","Letter Opener","Bag of Preparation","Fusion Hammer","MutagenicStrength","Happy Flower","Dream Catcher","Regal Pillow"],"potions_floor_usage":[7,16,21,24,30],"damage_taken":[{"damage":5,"enemies":"2 Louse","floor":1,"turns":4},{"damage":6,"enemies":"Small Slimes","floor":2,"turns":3},{"damage":7,"enemies":"Jaw Worm","floor":3,"turns":4},{"damage":0,"enemies":"Blue Slaver","floor":5,"turns":7},{"damage":24,"enemies":"3 Sentries","floor":7,"turns":8},{"damage":14,"enemies":"3 Louse","floor":11,"turns":4},{"damage":13,"enemies":"Exordium Thugs","floor":12,"turns":5},{"damage":1,"enemies":"Lagavulin","floor":13,"turns":6},{"damage":5,"enemies":"Hexaghost","floor":16,"turns":11},{"damage":15,"enemies":"Shell Parasite","floor":18,"turns":5},{"damage":0,"enemies":"2 Thieves","floor":21,"turns":3},{"damage":0,"enemies":"Centurion and Healer","floor":22,"turns":7},{"damage":8,"enemies":"Shelled Parasite and Fungi","floor":24,"turns":5},{"damage":0,"enemies":"Gremlin Leader","floor":25,"turns":5},{"damage":34,"enemies":"Book of Stabbing","floor":28,"turns":6},{"damage":17,"enemies":"Snecko","floor":30,"turns":6},{"damage":75,"enemies":"Champ","floor":33,"turns":15}],"seed_played":"-573588140817316889","potions_obtained":[{"floor":2,"key":"GamblersBrew"},{"floor":5,"key":"Ancient Potion"},{"floor":12,"key":"LiquidBronze"},{"floor":16,"key":"Poison Potion"},{"floor":21,"key":"Energy Potion"}],"is_trial":false,"path_per_floor":["M","M","M","$","M","R","E","R","T","R","M","M","E","?","R","B",null,"M","?","$","M","M","R","M","E","T","R","E","R","M","?","R","B"],"character_chosen":"THE_SILENT","items_purchased":["PowerPotion","Adrenaline","GhostInAJar"],"campfire_rested":5,"item_purchase_floors":[4,20,20],"current_hp_per_floor":[54,48,41,41,41,41,17,35,35,35,21,8,7,7,7,2,48,33,33,33,33,33,51,43,43,43,61,27,60,43,26,61,0],"gold":159,"neow_bonus":"THREE_RARE_CARDS","is_prod":false,"is_daily":false,"chose_seed":false,"campfire_upgraded":3,"win_rate":0,"timestamp":1553411156,"path_taken":["M","M","M","$","M","R","E","R","T","R","M","M","E","?","R","BOSS","M","?","$","M","M","R","M","E","T","R","E","R","M","?","R","BOSS"],"build_version":"2019-01-23","purchased_purges":1,"victory":false,"max_hp_per_floor":[66,66,66,63,63,63,63,63,63,63,63,63,63,63,63,63,63,63,63,63,63,63,63,63,63,63,63,63,63,63,68,68,68],"card_choices":[{"not_picked":["Storm of Steel","Night Terror"],"picked":"A Thousand Cuts","floor":0},{"not_picked":["Backflip","Choke"],"picked":"Dagger Throw","floor":1},{"not_picked":["Dagger Throw","Quick Slash"],"picked":"Infinite Blades","floor":2},{"not_picked":["PiercingWail","Dagger Throw"],"picked":"Leg Sweep","floor":3},{"not_picked":["Sucker Punch","Dodge and Roll"],"picked":"Wraith Form v2","floor":5},{"not_picked":["Distraction","Deflect"],"picked":"Escape Plan","floor":7},{"not_picked":["Outmaneuver","Deflect"],"picked":"Leg Sweep","floor":11},{"not_picked":["Underhanded Strike","Prepared"],"picked":"Accuracy","floor":12},{"not_picked":["Quick Slash","Prepared"],"picked":"A Thousand Cuts","floor":13},{"not_picked":["Die Die Die","Night Terror"],"picked":"Adrenaline","floor":16},{"not_picked":["Slice","Poisoned Stab"],"picked":"Dodge and Roll","floor":18},{"not_picked":["Bane","Dagger Spray"],"picked":"Well Laid Plans","floor":21},{"not_picked":["Expertise","Riddle With Holes"],"picked":"Corpse Explosion","floor":22},{"not_picked":["Skewer","Acrobatics"],"picked":"Expertise","floor":24},{"not_picked":["Dagger Throw","Deadly Poison"],"picked":"Dodge and Roll","floor":25},{"not_picked":["Dagger Spray","Slice","Outmaneuver"],"picked":"SKIP","floor":28},{"not_picked":["Prepared","Slice","Sucker Punch"],"picked":"SKIP","floor":30},{"not_picked":["Escape Plan","Skewer"],"picked":"Acrobatics+1","floor":32}],"player_experience":1386790,"relics_obtained":[{"floor":7,"key":"Calipers"},{"floor":9,"key":"Letter Opener"},{"floor":13,"key":"Bag of Preparation"},{"floor":25,"key":"Happy Flower"},{"floor":26,"key":"Dream Catcher"},{"floor":28,"key":"Regal Pillow"}],"event_choices":[{"damage_healed":0,"gold_gain":0,"player_choice":"Grow","damage_taken":0,"max_hp_gain":0,"max_hp_loss":0,"event_name":"Living Wall","floor":14,"gold_loss":0,"cards_upgraded":["A Thousand Cuts"]},{"damage_healed":0,"gold_gain":0,"player_choice":"Inject Mutagens","damage_taken":0,"relics_obtained":["MutagenicStrength"],"max_hp_gain":0,"max_hp_loss":0,"event_name":"Drug Dealer","floor":19,"gold_loss":0},{"damage_healed":0,"gold_gain":0,"player_choice":"Shed Blood","damage_taken":22,"max_hp_gain":5,"max_hp_loss":0,"event_name":"Forgotten Altar","floor":31,"gold_loss":0}],"is_beta":false,"boss_relics":[{"not_picked":["Eternal Feather","Runic Dome"],"picked":"Fusion Hammer"}],"items_purged_floors":[4],"is_endless":false,"potions_floor_spawned":[2,5,12,16,21,22],"killed_by":"Champ","ascension_level":19}