{"path_per_floor":["M","M","M","?","M","M","T","M","T","M","M","M","$","$","R","B",null,"M","$","?","$","?","R","T","M","T","M","M","E","R","?","R"],"character_chosen":"THE_SILENT","items_purchased":["Noxious Fumes","Panacea","Caltrops"],"gold_per_floor":[117,137,152,152,166,178,178,194,194,206,226,237,128,28,28,124,124,137,40,40,0,100,100,127,146,146,157,169,201,201,101,101],"floor_reached":33,"campfire_rested":2,"playtime":2748,"current_hp_per_floor":[62,60,60,53,48,47,47,39,39,18,17,9,9,9,30,26,59,52,52,52,52,52,52,52,34,34,33,1,26,47,47,47],"items_purged":["Strike_G","Strike_G"],"gold":101,"score":339,"play_id":"bce5f03b-7c00-4cd6-92a4-8ba2957a58f7","is_prod":false,"is_daily":false,"is_ascension_mode":true,"campfire_upgraded":2,"path_taken":["M","?","M","?","M","?","?","M","T","?","M","?","?","$","R","BOSS","M","$","?","?","?","R","?","M","T","?","?","E","R","?","R","BOSS"],"build_version":"2018-02-15-PROD1","purchased_purges":2,"victory":false,"master_deck":["Defend_G","Defend_G","Defend_G","Defend_G","Survivor","Neutralize","Dagger Spray","Sucker Punch","Tools of the Trade","Flying Knee","Flying Knee","Malaise+1","Riddle With Holes","After Image+1","Flying Knee","Noxious Fumes","After Image","Dodge and Roll+1","Calculated Gamble+1","Finisher+1","Outmaneuver+1","Panacea","Decay","Caltrops","Poisoned Stab","Blade Dance","Underhanded Strike+1","Venomology","Backstab","J.A.X."],"max_hp_per_floor":[70,70,70,70,70,70,70,70,70,70,70,70,70,70,70,70,70,70,70,70,70,70,70,70,70,70,70,70,70,70,70,70],"relics":["Lizard Tail","Art of War","Torii","Astrolabe","Omamori","Thread and Needle","Dream Catcher"],"card_choices":[{"not_picked":["Acrobatics","Cloak And Dagger"],"picked":"Dagger Spray"},{"not_picked":["Crippling Poison","Heel Hook"],"picked":"Sucker Punch"},{"not_picked":["Expertise","Poisoned Stab"],"picked":"Tools of the Trade"},{"not_picked":["Blade Dance","Outmaneuver"],"picked":"Flying Knee"},{"not_picked":["Expertise","Deflect"],"picked":"Flying Knee"},{"not_picked":["Acrobatics","Slice"],"picked":"Malaise"},{"not_picked":["PiercingWail","Concentrate"],"picked":"Riddle With Holes"},{"not_picked":["Dagger Throw","Poisoned Stab"],"picked":"After Image"},{"not_picked":["Dodge and Roll","Poisoned Stab"],"picked":"Flying Knee"},{"not_picked":["Tactician","Unload"],"picked":"After Image"},{"not_picked":["Skewer","Deflect"],"picked":"Outmaneuver"},{"not_picked":["Prepared","Dodge and Roll"],"picked":"Poisoned Stab"},{"not_picked":["Dodge and Roll","Finisher"],"picked":"Blade Dance"},{"not_picked":["Escape Plan","Sucker Punch"],"picked":"Underhanded Strike"},{"not_picked":["Dagger Spray","Dodge and Roll"],"picked":"Venomology"},{"not_picked":["Deadly Poison","Outmaneuver"],"picked":"Backstab"}],"player_experience":373701,"potions_floor_usage":[6,8,11,12,27,28,33,33],"damage_taken":[{"damage":1,"enemies":"Cultist","floor":1,"turns":5},{"damage":2,"enemies":"2 Louse","floor":2,"turns":2},{"damage":0,"enemies":"Small Slimes","floor":3,"turns":3},{"damage":5,"enemies":"Blue Slaver","floor":5,"turns":5},{"damage":1,"enemies":"Lots of Slimes","floor":6,"turns":3},{"damage":8,"enemies":"Exordium Wildlife","floor":8,"turns":6},{"damage":21,"enemies":"Gremlin Gang","floor":10,"turns":5},{"damage":1,"enemies":"Red Slaver","floor":11,"turns":3},{"damage":8,"enemies":"Exordium Thugs","floor":12,"turns":5},{"damage":4,"enemies":"Hexaghost","floor":16,"turns":12},{"damage":7,"enemies":"Spheric Guardian","floor":18,"turns":5},{"damage":18,"enemies":"Chosen","floor":25,"turns":8},{"damage":1,"enemies":"Snake Plant","floor":27,"turns":6},{"damage":32,"enemies":"Centurion and Healer","floor":28,"turns":6},{"damage":10,"enemies":"Book of Stabbing","floor":29,"turns":7},{"damage":84,"enemies":"Champ","floor":33,"turns":14}],"event_choices":[{"event_name":"Golden Wing","player_choice":"Card Removal","floor":4,"damage_taken":0},{"event_name":"Forgotten Altar","player_choice":"Smashed Altar","floor":20,"damage_taken":0},{"event_name":"Golden Shrine","player_choice":"Pray","floor":22,"damage_taken":0},{"event_name":"Drug Dealer","player_choice":"Got JAXXED","floor":31,"damage_taken":0}],"boss_relics":[{"not_picked":["Ectoplasm","White Beast Statue"],"picked":"Astrolabe"}],"potions_floor_spawned":[3,5,10,11,12,18,28],"seed_played":"-8719539648537203755","killed_by":"Champ","ascension_level":6,"is_trial":false}