{"gold_per_floor":[109,284,284,284,301,301,75,89,114,114,144,159,159,189,189,290,290,306,306,130,130,145,179,159,172,172,172,10,10,39,57,57,154,154,174,174,185,185,25,57,57,57,57,57,57],"floor_reached":45,"playtime":3147,"items_purged":["Doubt","Shame","Pain"],"score":778,"play_id":"ed7d4cf7-fb2f-461b-9f43-e118250ed7b1","local_time":"20190509190616","is_ascension_mode":true,"campfire_choices":[{"data":"Neutralize","floor":6,"key":"SMITH"},{"data":"Noxious Fumes","floor":10,"key":"SMITH"},{"floor":15,"key":"REST"},{"floor":29,"key":"REST"},{"floor":32,"key":"REST"},{"floor":41,"key":"REST"}],"neow_cost":"NONE","seed_source_timestamp":428798228405368,"circlet_count":0,"master_deck":["AscendersBane","Defend_G","Defend_G+1","Defend_G","Defend_G+1","Defend_G","Strike_G","Strike_G","Strike_G","Strike_G","Survivor","Neutralize+1","Deadly Poison","PiercingWail","Endless Agony","Noxious Fumes+1","Cloak And Dagger","Flying Knee","Cloak And Dagger","Skewer","Noxious Fumes","Deflect","Die Die Die","Escape Plan","Noxious Fumes","Calculated Gamble+1","Endless Agony+1","Catalyst","All Out Attack+1","Well Laid Plans","Blade Dance+1","Die Die Die+1","Dagger Throw+1","Backflip","Madness","Madness","Infinite Blades+1","Backflip"],"relics":["Ring of the Snake","Oddly Smooth Stone","PreservedInsect","Anchor","Fusion Hammer","Tough Bandages","WarpedTongs","Molten Egg 2","The Courier","Kunai","Sozu","OrangePellets","Juzu Bracelet"],"potions_floor_usage":[14,14,30,33],"damage_taken":[{"damage":0,"enemies":"Cultist","floor":1,"turns":4},{"damage":0,"enemies":"Small Slimes","floor":5,"turns":4},{"damage":0,"enemies":"Jaw Worm","floor":8,"turns":3},{"damage":35,"enemies":"Gremlin Nob","floor":11,"turns":5},{"damage":0,"enemies":"2 Fungi Beasts","floor":12,"turns":4},{"damage":15,"enemies":"Lagavulin","floor":14,"turns":4},{"damage":1,"enemies":"Hexaghost","floor":16,"turns":9},{"damage":0,"enemies":"Chosen","floor":18,"turns":5},{"damage":8,"enemies":"3 Byrds","floor":22,"turns":4},{"damage":13,"enemies":"Book of Stabbing","floor":23,"turns":5},{"damage":3,"enemies":"Snake Plant","floor":25,"turns":5},{"damage":16,"enemies":"Gremlin Leader","floor":30,"turns":6},{"damage":3,"enemies":"3 Cultists","floor":31,"turns":4},{"damage":39,"enemies":"Collector","floor":33,"turns":9},{"damage":12,"enemies":"3 Darklings","floor":35,"turns":3},{"damage":0,"enemies":"Orb Walker","floor":37,"turns":3},{"damage":35,"enemies":"Reptomancer","floor":40,"turns":7},{"damage":38,"enemies":"Giant Head","floor":45,"turns":6}],"seed_played":"-6257098796392521784","potions_obtained":[{"floor":8,"key":"Regen Potion"},{"floor":12,"key":"SteroidPotion"},{"floor":16,"key":"SteroidPotion"},{"floor":23,"key":"Dexterity Potion"},{"floor":24,"key":"Fire Potion"},{"floor":30,"key":"SmokeBomb"}],"is_trial":false,"path_per_floor":["M","?","?","?","M","R","$","M","T","R","E","M","?","E","R","B",null,"M","?","$","?","M","E","?","M","T","?","$","R","E","M","R","B",null,"M","?","M","?","$","E","R","?","T","?","E"],"character_chosen":"THE_SILENT","items_purchased":["Noxious Fumes","Cloak And Dagger","Flying Knee","Noxious Fumes","All Out Attack+1","OrangePellets"],"campfire_rested":4,"item_purchase_floors":[7,7,7,20,28,39],"current_hp_per_floor":[63,63,56,61,61,61,61,61,61,61,26,26,11,10,32,31,64,64,64,64,64,56,43,43,40,40,40,40,62,46,43,65,26,63,51,51,51,42,42,7,29,29,29,29,0],"gold":57,"neow_bonus":"THREE_CARDS","is_prod":false,"is_daily":false,"chose_seed":false,"campfire_upgraded":2,"win_rate":0,"timestamp":1557425176,"path_taken":["M","?","?","?","M","R","$","M","T","R","E","M","?","E","R","BOSS","M","?","$","?","?","E","?","?","T","?","?","R","E","M","R","BOSS","M","?","M","?","$","E","R","?","T","?","E"],"build_version":"2019-01-23","purchased_purges":3,"victory":false,"max_hp_per_floor":[70,70,70,75,75,75,75,75,75,75,75,75,75,75,75,75,75,75,75,75,75,75,75,75,75,75,75,75,75,75,75,75,75,75,75,75,75,75,75,75,75,75,75,75,75],"card_choices":[{"not_picked":["Cloak And Dagger","Underhanded Strike"],"picked":"Deadly Poison","floor":0},{"not_picked":["Blade Dance","Deadly Poison"],"picked":"PiercingWail","floor":1},{"not_picked":["Underhanded Strike","Sucker Punch"],"picked":"Endless Agony","floor":5},{"not_picked":["Backflip","Deadly Poison"],"picked":"Cloak And Dagger","floor":8},{"not_picked":["Setup","Concentrate"],"picked":"Skewer","floor":11},{"not_picked":["Prepared","Flying Knee"],"picked":"Noxious Fumes","floor":12},{"not_picked":["Dodge and Roll","Crippling Poison"],"picked":"Deflect","floor":14},{"not_picked":["Unload","Grand Finale"],"picked":"Die Die Die","floor":16},{"not_picked":["Dagger Spray","Flying Knee"],"picked":"Escape Plan","floor":18},{"not_picked":["Caltrops","Sucker Punch"],"picked":"Calculated Gamble+1","floor":22},{"not_picked":["Skewer","Quick Slash"],"picked":"Endless Agony","floor":23},{"not_picked":["Slice+1","Choke+1"],"picked":"Catalyst","floor":25},{"not_picked":["All Out Attack+1","Deadly Poison"],"picked":"Well Laid Plans","floor":30},{"not_picked":["Underhanded Strike+1","Choke+1"],"picked":"Blade Dance+1","floor":31},{"not_picked":["Tools of the Trade","Doppelganger"],"picked":"Die Die Die+1","floor":33},{"not_picked":["Footwork+1","Heel Hook+1"],"picked":"Dagger Throw+1","floor":35},{"not_picked":["Sucker Punch+1","Heel Hook+1"],"picked":"Backflip","floor":37},{"not_picked":["Riddle With Holes+1","Slice+1"],"picked":"Infinite Blades+1","floor":40}],"player_experience":345122,"relics_obtained":[{"floor":9,"key":"Oddly Smooth Stone"},{"floor":11,"key":"PreservedInsect"},{"floor":14,"key":"Anchor"},{"floor":23,"key":"Molten Egg 2"},{"floor":26,"key":"The Courier"},{"floor":30,"key":"Kunai"},{"floor":40,"key":"Juzu Bracelet"}],"event_choices":[{"damage_healed":0,"gold_gain":175,"player_choice":"AGREE","damage_taken":0,"max_hp_gain":0,"max_hp_loss":0,"event_name":"Liars Game","floor":2,"gold_loss":0,"cards_obtained":["Doubt"]},{"cards_removed":["Strike_G"],"damage_healed":0,"gold_gain":0,"player_choice":"Card Removal","damage_taken":7,"max_hp_gain":0,"max_hp_loss":0,"event_name":"Golden Wing","floor":3,"gold_loss":0},{"damage_healed":0,"gold_gain":0,"player_choice":"Donut","damage_taken":0,"max_hp_gain":5,"max_hp_loss":0,"event_name":"Big Fish","floor":4,"gold_loss":0},{"damage_healed":0,"gold_gain":0,"player_choice":"Entered Light","damage_taken":15,"max_hp_gain":0,"max_hp_loss":0,"event_name":"Shining Light","floor":13,"gold_loss":0,"cards_upgraded":["Defend_G","Defend_G"]},{"damage_healed":0,"gold_gain":0,"player_choice":"Stole Relic","damage_taken":0,"relics_obtained":["Tough Bandages"],"max_hp_gain":0,"max_hp_loss":0,"event_name":"Addict","floor":19,"gold_loss":0,"cards_obtained":["Shame"]},{"damage_healed":0,"gold_gain":0,"player_choice":"Rummage","damage_taken":0,"relics_obtained":["WarpedTongs"],"max_hp_gain":0,"max_hp_loss":0,"event_name":"Accursed Blacksmith","floor":21,"gold_loss":0,"cards_obtained":["Pain"]},{"damage_healed":0,"gold_gain":0,"player_choice":"Bought 1 Potion","damage_taken":0,"max_hp_gain":0,"max_hp_loss":0,"event_name":"The Woman in Blue","floor":24,"gold_loss":0},{"damage_healed":0,"gold_gain":0,"player_choice":"Ignored","damage_taken":0,"max_hp_gain":0,"max_hp_loss":0,"event_name":"Vampires","floor":27,"gold_loss":0},{"damage_healed":0,"gold_gain":0,"player_choice":"Ignored","damage_taken":0,"max_hp_gain":0,"max_hp_loss":0,"event_name":"Tomb of Lord Red Mask","floor":36,"gold_loss":0},{"damage_healed":0,"gold_gain":0,"player_choice":"Embrace Madness","damage_taken":9,"max_hp_gain":0,"max_hp_loss":0,"event_name":"Winding Halls","floor":38,"gold_loss":0,"cards_obtained":["Madness","Madness"]},{"damage_healed":0,"gold_gain":0,"player_choice":"Copied","damage_taken":0,"max_hp_gain":0,"max_hp_loss":0,"event_name":"Duplicator","floor":42,"gold_loss":0,"cards_obtained":["Backflip"]},{"damage_healed":0,"gold_gain":0,"player_choice":"Got Potions","damage_taken":0,"max_hp_gain":0,"max_hp_loss":0,"event_name":"Lab","floor":44,"gold_loss":0}],"is_beta":false,"boss_relics":[{"not_picked":["Coffee Dripper","Pandora\u0027s Box"],"picked":"Fusion Hammer"},{"not_picked":["Empty Cage","Snecko Eye"],"picked":"Sozu"}],"items_purged_floors":[7,20,28],"is_endless":false,"potions_floor_spawned":[8,12,16,23,30,37],"killed_by":"Giant Head","ascension_level":10}