{"gold_per_floor":[117,117,42,57,57,87,103,103,103,28,28,59,59,84,84,162,162,180,180,190,202,215,215,7,0,51,61,61,61,61,79,79,154,154,172,1171,531,531,548,582,457,457,480,497,42,62,87,102,102,102],"floor_reached":51,"playtime":2727,"items_purged":["Strike_B","Normality","Normality","Decay"],"score":1421,"play_id":"70774b21-f48a-43ee-b362-c86797ede7a8","local_time":"20190430165142","is_ascension_mode":true,"campfire_choices":[{"data":"Dualcast","floor":8,"key":"SMITH"},{"data":"Steam","floor":11,"key":"SMITH"},{"data":"Reinforced Body","floor":13,"key":"SMITH"},{"floor":15,"key":"REST"},{"data":"Consume","floor":23,"key":"SMITH"},{"floor":32,"key":"REST"},{"data":"Buffer","floor":42,"key":"SMITH"},{"data":"Creative AI","floor":49,"key":"SMITH"}],"neow_cost":"NONE","seed_source_timestamp":15526602157275,"circlet_count":0,"master_deck":["AscendersBane","Strike_B","Defend_B","Defend_B","Defend_B","Defend_B","Zap+1","Dualcast+1","Ball Lightning","Ball Lightning","Steam+1","Reinforced Body+1","Cold Snap+1","Thunder Strike+1","Consume+1","Steam","Leap+1","Electrodynamics","Cold Snap+1","Coolheaded","Creative AI+1","Buffer+1","Compile Driver+1","Go for the Eyes+1"],"relics":["Cracked Core","NeowsBlessing","Bronze Scales","Bag of Preparation","Letter Opener","Molten Egg 2","Pear","Inserter","Art of War","Cursed Key","Strawberry","Toy Ornithopter","Centennial Puzzle","Potion Belt","Lee\u0027s Waffle","The Courier"],"potions_floor_usage":[22,33,39,39,47,50],"damage_taken":[{"damage":0,"enemies":"Small Slimes","floor":1,"turns":1},{"damage":0,"enemies":"Jaw Worm","floor":4,"turns":1},{"damage":0,"enemies":"3 Sentries","floor":6,"turns":1},{"damage":0,"enemies":"2 Louse","floor":7,"turns":1},{"damage":0,"enemies":"Lagavulin","floor":12,"turns":4},{"damage":30,"enemies":"Gremlin Nob","floor":14,"turns":4},{"damage":27,"enemies":"Hexaghost","floor":16,"turns":7},{"damage":9,"enemies":"Shell Parasite","floor":18,"turns":3},{"damage":0,"enemies":"Chosen","floor":20,"turns":3},{"damage":20,"enemies":"Snake Plant","floor":21,"turns":3},{"damage":0,"enemies":"Centurion and Healer","floor":22,"turns":6},{"damage":8,"enemies":"Snecko","floor":27,"turns":3},{"damage":7,"enemies":"Cultist and Chosen","floor":31,"turns":4},{"damage":34,"enemies":"Collector","floor":33,"turns":9},{"damage":0,"enemies":"3 Shapes","floor":35,"turns":4},{"damage":1,"enemies":"3 Darklings","floor":39,"turns":4},{"damage":0,"enemies":"Nemesis","floor":40,"turns":9},{"damage":0,"enemies":"Maw","floor":44,"turns":7},{"damage":0,"enemies":"Spire Growth","floor":46,"turns":6},{"damage":12,"enemies":"Giant Head","floor":47,"turns":8},{"damage":13,"enemies":"Transient","floor":48,"turns":5},{"damage":10,"enemies":"Time Eater","floor":50,"turns":21}],"seed_played":"4069843366802681313","potions_obtained":[{"floor":4,"key":"PowerPotion"},{"floor":7,"key":"SkillPotion"},{"floor":31,"key":"AttackPotion"},{"floor":35,"key":"Explosive Potion"},{"floor":40,"key":"Ancient Potion"},{"floor":46,"key":"Dexterity Potion"},{"floor":48,"key":"SteroidPotion"}],"is_trial":false,"path_per_floor":["M","?","?","M","?","E","M","R","T","$","R","E","R","E","R","B",null,"M","?","M","M","M","R","$","?","T","M","$","?","$","M","R","B",null,"M","?","$","?","M","E","$","R","T","M","$","M","E","M","R","B",null],"character_chosen":"DEFECT","items_purchased":["Electrodynamics","Cold Snap+1","Strawberry","Buffer","Toy Ornithopter","Lee\u0027s Waffle","PowerPotion","Compile Driver+1"],"campfire_rested":2,"item_purchase_floors":[24,24,37,37,37,45,45,45],"current_hp_per_floor":[64,46,46,46,46,46,46,46,46,46,46,46,46,26,50,23,67,58,58,58,38,38,38,38,38,38,30,30,30,30,23,47,13,64,64,64,71,71,80,80,80,80,80,80,95,95,83,70,70,65],"gold":102,"neow_bonus":"THREE_ENEMY_KILL","is_prod":false,"is_daily":false,"chose_seed":false,"campfire_upgraded":6,"win_rate":0,"timestamp":1556635902,"path_taken":["M","?","?","M","?","E","M","R","T","$","R","E","R","E","R","BOSS","M","?","M","M","?","R","$","?","T","M","$","?","?","M","R","BOSS","M","?","$","?","M","E","$","R","T","M","$","M","E","M","R","BOSS"],"build_version":"2019-01-23","purchased_purges":4,"victory":true,"max_hp_per_floor":[71,71,71,71,71,71,71,71,71,71,71,71,71,81,81,81,81,81,81,81,81,81,81,81,81,81,81,81,81,81,81,81,81,81,81,81,88,88,88,88,88,88,88,88,95,95,95,95,95,95],"card_choices":[{"not_picked":["Stack","Steam"],"picked":"Ball Lightning","floor":1},{"not_picked":["Reinforced Body","Fission"],"picked":"Ball Lightning","floor":4},{"not_picked":["Compile Driver","Force Field"],"picked":"Steam","floor":6},{"not_picked":["Hello World","Stack"],"picked":"Reinforced Body","floor":7},{"not_picked":["Beam Cell","Ball Lightning"],"picked":"Cold Snap","floor":12},{"not_picked":["Streamline+1","Leap"],"picked":"Ball Lightning+1","floor":14},{"not_picked":["Amplify","Meteor Strike+1"],"picked":"Thunder Strike+1","floor":16},{"not_picked":["Beam Cell+1","Rip and Tear+1","Heatsinks"],"picked":"SKIP","floor":18},{"not_picked":["Storm","Sunder+1"],"picked":"Consume","floor":20},{"not_picked":["Conserve Battery","Stack"],"picked":"Steam","floor":21},{"not_picked":["Go for the Eyes+1","Turbo"],"picked":"Leap+1","floor":22},{"not_picked":["Stack","Storm"],"picked":"Coolheaded","floor":27},{"not_picked":["Hologram","Stack","Ball Lightning+1"],"picked":"SKIP","floor":31},{"not_picked":["Fission","Meteor Strike+1"],"picked":"Creative AI","floor":33},{"not_picked":["Scrape+1","Ball Lightning+1","Barrage+1"],"picked":"SKIP","floor":35},{"not_picked":["Steam","Reinforced Body","Hologram"],"picked":"SKIP","floor":39},{"not_picked":["Scrape+1","Darkness","Redo+1"],"picked":"SKIP","floor":40},{"not_picked":["Beam Cell+1","Auto Shields","Static Discharge"],"picked":"SKIP","floor":44},{"not_picked":["Rebound+1","Force Field"],"picked":"Go for the Eyes+1","floor":46},{"not_picked":["Beam Cell+1","Meteor Strike+1","Static Discharge+1"],"picked":"SKIP","floor":47},{"not_picked":["Steam","Turbo+1","Redo+1"],"picked":"SKIP","floor":48}],"player_experience":305355,"relics_obtained":[{"floor":6,"key":"Bag of Preparation"},{"floor":9,"key":"Letter Opener"},{"floor":12,"key":"Molten Egg 2"},{"floor":14,"key":"Pear"},{"floor":26,"key":"Art of War"},{"floor":40,"key":"Centennial Puzzle"},{"floor":43,"key":"Potion Belt"},{"floor":47,"key":"The Courier"}],"event_choices":[{"damage_healed":0,"gold_gain":0,"player_choice":"Success","damage_taken":18,"relics_obtained":["Bronze Scales"],"max_hp_gain":0,"max_hp_loss":0,"event_name":"Scrap Ooze","floor":2,"gold_loss":0},{"cards_removed":["Strike_B"],"damage_healed":0,"gold_gain":0,"player_choice":"Card Removal","damage_taken":0,"max_hp_gain":0,"max_hp_loss":0,"event_name":"The Cleric","floor":3,"gold_loss":75},{"damage_healed":0,"gold_gain":0,"player_choice":"Upgraded","damage_taken":0,"max_hp_gain":0,"max_hp_loss":0,"event_name":"Upgrade Shrine","floor":5,"gold_loss":0,"cards_upgraded":["Zap"]},{"cards_removed":["Strike_B"],"damage_healed":0,"gold_gain":0,"player_choice":"Offered Basic","damage_taken":0,"max_hp_gain":0,"max_hp_loss":0,"event_name":"Bonfire Elementals","floor":19,"gold_loss":0},{"damage_healed":0,"gold_gain":0,"player_choice":"Paid Fearfully","damage_taken":0,"max_hp_gain":0,"max_hp_loss":0,"event_name":"Masked Bandits","floor":25,"gold_loss":7},{"damage_healed":0,"gold_gain":0,"player_choice":"Ignored","damage_taken":0,"max_hp_gain":0,"max_hp_loss":0,"event_name":"Vampires","floor":29,"gold_loss":0},{"damage_healed":0,"gold_gain":999,"player_choice":"Gold","damage_taken":0,"max_hp_gain":0,"max_hp_loss":0,"event_name":"MindBloom","floor":36,"gold_loss":0,"cards_obtained":["Normality","Normality"]},{"cards_removed":["Ball Lightning"],"damage_healed":0,"gold_gain":0,"player_choice":"Removed Attack","damage_taken":0,"max_hp_gain":0,"max_hp_loss":0,"event_name":"Falling","floor":38,"gold_loss":0}],"is_beta":false,"boss_relics":[{"not_picked":["Runic Pyramid","Tiny House"],"picked":"Inserter"},{"not_picked":["Coffee Dripper","Lizard Tail"],"picked":"Cursed Key"}],"items_purged_floors":[10,37,41,45],"is_endless":false,"potions_floor_spawned":[4,7,18,20,31,35,40,46,48],"ascension_level":16}