{"gold_per_floor":[113,63,63,81,81,112,112,137,137,137,97,115,115,125,125,223,223,235,235,235,235,235,269,56,56,80,80,80,103,18,30],"floor_reached":31,"playtime":1412,"items_purged":["Juggernaut"],"score":442,"play_id":"668cd3ec-31cf-4fcf-9332-3c2f06013596","local_time":"20190505114015","is_ascension_mode":true,"campfire_choices":[{"data":"True Grit","floor":7,"key":"SMITH"},{"data":"Armaments","floor":10,"key":"SMITH"},{"data":"Pommel Strike","floor":13,"key":"SMITH"},{"data":"Shrug It Off","floor":15,"key":"SMITH"},{"data":"Limit Break","floor":25,"key":"SMITH"},{"floor":28,"key":"REST"}],"neow_cost":"NONE","seed_source_timestamp":58147815501692,"circlet_count":0,"master_deck":["Bash+1","Heavy Blade","Pommel Strike+1","True Grit+1","Armaments+1","Brutality","Shrug It Off+1","Demon Form","Body Slam","Limit Break+1","Combust","True Grit","Spot Weakness","Blood for Blood","Flex","Disarm+1","J.A.X.","Disarm","Feed"],"relics":["Burning Blood","NeowsBlessing","Blue Candle","Darkstone Periapt","Shuriken","Pandora\u0027s Box","Juzu Bracelet","Vajra","Bag of Marbles","MawBank"],"potions_floor_usage":[8,8,14,16,16,16,31,31],"damage_taken":[{"damage":0,"enemies":"Jaw Worm","floor":1,"turns":1},{"damage":0,"enemies":"2 Louse","floor":4,"turns":1},{"damage":0,"enemies":"Gremlin Nob","floor":6,"turns":1},{"damage":21,"enemies":"3 Sentries","floor":8,"turns":14},{"damage":5,"enemies":"Small Slimes","floor":12,"turns":3},{"damage":20,"enemies":"Exordium Wildlife","floor":14,"turns":6},{"damage":41,"enemies":"Hexaghost","floor":16,"turns":13},{"damage":14,"enemies":"Spheric Guardian","floor":18,"turns":4},{"damage":33,"enemies":"Gremlin Leader","floor":23,"turns":5},{"damage":25,"enemies":"Colosseum Slavers","floor":31,"turns":7},{"damage":55,"enemies":"Colosseum Nobs","floor":31,"turns":3}],"seed_played":"-2327582889212372993","potions_obtained":[{"floor":4,"key":"EssenceOfSteel"},{"floor":6,"key":"Swift Potion"},{"floor":11,"key":"Regen Potion"},{"floor":11,"key":"Regen Potion"},{"floor":11,"key":"AttackPotion"},{"floor":14,"key":"Fire Potion"},{"floor":16,"key":"BloodPotion"},{"floor":18,"key":"Dexterity Potion"}],"is_trial":false,"path_per_floor":["M","?","?","M","$","E","R","E","T","R","?","M","R","M","R","B",null,"M","?","T","?","$","E","$","R","T","?","R","T","?","?"],"character_chosen":"IRONCLAD","items_purchased":["Feed"],"campfire_rested":1,"item_purchase_floors":[24],"current_hp_per_floor":[78,78,78,80,80,80,80,65,65,65,65,66,66,52,52,47,72,64,64,64,64,64,37,37,37,37,22,47,47,47,0],"gold":30,"neow_bonus":"THREE_ENEMY_KILL","is_prod":false,"is_daily":false,"chose_seed":false,"campfire_upgraded":5,"win_rate":0,"timestamp":1557052815,"path_taken":["M","?","?","M","$","E","R","E","T","R","?","?","R","M","R","BOSS","M","?","?","?","$","E","$","R","T","?","R","?","?","?"],"build_version":"2019-01-23","purchased_purges":1,"victory":false,"max_hp_per_floor":[80,80,80,80,80,80,80,80,80,80,80,80,80,80,80,80,80,80,80,80,80,80,80,80,80,80,85,85,85,85,88],"card_choices":[{"not_picked":["Clash","Iron Wave"],"picked":"Heavy Blade","floor":1},{"not_picked":["Sentinel","Second Wind"],"picked":"Pommel Strike","floor":4},{"not_picked":["Dual Wield","Armaments"],"picked":"True Grit","floor":6},{"not_picked":["Cleave","Pommel Strike"],"picked":"Armaments","floor":8},{"not_picked":["Headbutt","Infernal Blade"],"picked":"Brutality","floor":12},{"not_picked":["Sever Soul","Dual Wield"],"picked":"Shrug It Off","floor":14},{"not_picked":["Dark Embrace","Impervious"],"picked":"Demon Form","floor":16},{"not_picked":["Spot Weakness","Blood for Blood+1"],"picked":"Disarm+1","floor":18},{"not_picked":["Carnage","Cleave"],"picked":"Disarm","floor":23}],"player_experience":312694,"relics_obtained":[{"floor":6,"key":"Blue Candle"},{"floor":8,"key":"Darkstone Periapt"},{"floor":9,"key":"Shuriken"},{"floor":23,"key":"Juzu Bracelet"},{"floor":26,"key":"Vajra"},{"floor":29,"key":"Bag of Marbles"}],"event_choices":[{"cards_removed":["Strike_R"],"damage_healed":0,"gold_gain":0,"player_choice":"Card Removal","damage_taken":0,"max_hp_gain":0,"max_hp_loss":0,"event_name":"The Cleric","floor":2,"gold_loss":50},{"damage_healed":0,"gold_gain":0,"player_choice":"Grow","damage_taken":0,"max_hp_gain":0,"max_hp_loss":0,"event_name":"Living Wall","floor":3,"gold_loss":0,"cards_upgraded":["Bash"]},{"damage_healed":0,"gold_gain":0,"player_choice":"Bought 3 Potions","damage_taken":0,"max_hp_gain":0,"max_hp_loss":0,"event_name":"The Woman in Blue","floor":11,"gold_loss":0},{"damage_healed":0,"gold_gain":0,"player_choice":"Ignored","damage_taken":0,"max_hp_gain":0,"max_hp_loss":0,"event_name":"Ghosts","floor":19,"gold_loss":0},{"damage_healed":0,"gold_gain":0,"player_choice":"Obtain J.A.X.","damage_taken":0,"max_hp_gain":0,"max_hp_loss":0,"event_name":"Drug Dealer","floor":21,"gold_loss":0,"cards_obtained":["J.A.X."]},{"damage_healed":0,"gold_gain":0,"player_choice":"Shed Blood","damage_taken":20,"max_hp_gain":5,"max_hp_loss":0,"event_name":"Forgotten Altar","floor":27,"gold_loss":0},{"damage_healed":0,"gold_gain":0,"player_choice":"Obtained Relic","damage_taken":0,"relics_obtained":["MawBank"],"max_hp_gain":0,"max_hp_loss":0,"event_name":"Addict","floor":30,"gold_loss":85},{"damage_healed":0,"gold_gain":0,"player_choice":"Fight","damage_taken":0,"max_hp_gain":0,"max_hp_loss":0,"event_name":"Colosseum","floor":31,"gold_loss":0},{"damage_healed":0,"gold_gain":0,"player_choice":"Fought Nobs","damage_taken":0,"max_hp_gain":0,"max_hp_loss":0,"event_name":"Colosseum","floor":31,"gold_loss":0}],"is_beta":false,"boss_relics":[{"not_picked":["Runic Pyramid","Eternal Feather"],"picked":"Pandora\u0027s Box"}],"items_purged_floors":[24],"is_endless":false,"potions_floor_spawned":[4,6,14,16,18,31],"killed_by":"Colosseum Nobs","ascension_level":9}