{"gold_per_floor":[217,51,61,61,80,107,107,121,121,121,121],"floor_reached":11,"playtime":445,"items_purged":[],"score":146,"play_id":"ce00cbc6-f0e2-4046-8390-0f7f4a5c9d2d","local_time":"20190401132501","is_ascension_mode":true,"campfire_choices":[{"data":"Hologram","floor":7,"key":"SMITH"},{"data":"Dualcast","floor":10,"key":"SMITH"}],"neow_cost":"NONE","seed_source_timestamp":11533053886288,"circlet_count":0,"master_deck":["AscendersBane","Strike_B","Strike_B","Strike_B","Strike_B","Defend_B","Defend_B","Defend_B","Defend_B","Zap+1","Dualcast+1","Hologram+1","Cold Snap","Gash","Static Discharge+1","Capacitor+1"],"relics":["Cracked Core","Omamori","Frozen Egg 2","Peace Pipe"],"potions_floor_usage":[6,8],"damage_taken":[{"damage":0,"enemies":"2 Louse","floor":1,"turns":3},{"damage":1,"enemies":"Cultist","floor":3,"turns":4},{"damage":2,"enemies":"Jaw Worm","floor":5,"turns":4},{"damage":29,"enemies":"Gremlin Nob","floor":6,"turns":4},{"damage":5,"enemies":"Gremlin Gang","floor":8,"turns":3},{"damage":32,"enemies":"Exordium Thugs","floor":11,"turns":5}],"seed_played":"1946363164339528101","potions_obtained":[{"floor":3,"key":"FocusPotion"},{"floor":5,"key":"AttackPotion"}],"is_trial":false,"path_per_floor":["M","$","M","?","M","E","R","M","T","R","M"],"character_chosen":"DEFECT","items_purchased":["Omamori"],"campfire_rested":0,"item_purchase_floors":[2],"current_hp_per_floor":[64,64,63,63,61,32,32,27,27,27,0],"gold":121,"neow_bonus":"HUNDRED_GOLD","is_prod":false,"is_daily":false,"chose_seed":false,"campfire_upgraded":2,"win_rate":0,"timestamp":1554139501,"path_taken":["M","$","M","?","M","E","R","?","T","R","M"],"build_version":"2019-01-23","purchased_purges":0,"victory":false,"max_hp_per_floor":[71,71,71,71,71,71,71,71,71,71,71],"card_choices":[{"not_picked":["BootSequence","Melter"],"picked":"Hologram","floor":1},{"not_picked":["Static Discharge","Rebound"],"picked":"Cold Snap","floor":3},{"not_picked":["Hologram","Darkness"],"picked":"Gash","floor":5},{"not_picked":["Core Surge","Sweeping Beam"],"picked":"Static Discharge","floor":6},{"not_picked":["Cold Snap","Undo"],"picked":"Capacitor+1","floor":8}],"player_experience":1525376,"relics_obtained":[{"floor":6,"key":"Frozen Egg 2"},{"floor":9,"key":"Peace Pipe"}],"event_choices":[{"damage_healed":0,"gold_gain":0,"player_choice":"Upgraded","damage_taken":0,"max_hp_gain":0,"max_hp_loss":0,"event_name":"Upgrade Shrine","floor":4,"gold_loss":0,"cards_upgraded":["Zap"]}],"is_beta":false,"boss_relics":[],"items_purged_floors":[],"is_endless":false,"potions_floor_spawned":[3,5],"killed_by":"Exordium Thugs","ascension_level":20}