{"gold_per_floor":[111,73,73,148,26,26,52,52,52,67,86,86,86,122,122,216,216,236,250,271,2,33,33,57,97,174,207,226,269,269,285,285,381,381,404,418,751,373,473,504,519,519,543,573,627,218,243,255,255,255,255,255,80,106,106],"floor_reached":56,"playtime":1782,"items_purged":["Strike_R","Strike_R","Strike_R","Strike_R+1","Strike_R+1"],"score":2471,"play_id":"faee0225-1906-40d6-a800-2fcbb6e018ee","local_time":"20190315234331","is_ascension_mode":true,"campfire_choices":[{"data":"Whirlwind","floor":6.0,"key":"SMITH"},{"data":"Bash","floor":8.0,"key":"SMITH"},{"data":"Inflame","floor":12.0,"key":"SMITH"},{"data":"Sword Boomerang","floor":15.0,"key":"SMITH"},{"data":"True Grit","floor":23.0,"key":"SMITH"},{"data":"Demon Form","floor":30.0,"key":"SMITH"},{"data":"Heavy Blade","floor":32.0,"key":"SMITH"},{"floor":42,"key":"RECALL"},{"data":"1","floor":49,"key":"LIFT"},{"data":"2","floor":52,"key":"LIFT"}],"neow_cost":"NONE","seed_source_timestamp":216671750773560,"circlet_count":0,"master_deck":["AscendersBane","Defend_R","Defend_R+1","Defend_R","Defend_R","Bash+1","Clothesline","Whirlwind+1","Shrug It Off","Shrug It Off","Inflame+1","Sword Boomerang+1","Fiend Fire+1","Pommel Strike+1","Feel No Pain","Burning Pact","Heavy Blade+1","True Grit+1","Demon Form+1","Corruption","Barricade","Power Through+1","Battle Trance","Flame Barrier","Sentinel"],"special_seed":0,"relics":["Burning Blood","NeowsBlessing","Centennial Puzzle","Bronze Scales","Bag of Marbles","Snecko Eye","Red Mask","Pear","Pantograph","Lantern","Whetstone","Coffee Dripper","Self Forming Clay","Dead Branch","Strawberry","Anchor","Girya","Sundial","Magic Flower","Oddly Smooth Stone"],"potions_floor_usage":[47,55],"damage_taken":[{"damage":0.0,"enemies":"2 Louse","floor":1.0,"turns":1.0},{"damage":0.0,"enemies":"3 Sentries","floor":7.0,"turns":2.0},{"damage":0.0,"enemies":"Small Slimes","floor":10.0,"turns":1.0},{"damage":1.0,"enemies":"Jaw Worm","floor":11.0,"turns":3.0},{"damage":18.0,"enemies":"Gremlin Nob","floor":14.0,"turns":4.0},{"damage":5.0,"enemies":"Slime Boss","floor":16.0,"turns":6.0},{"damage":14.0,"enemies":"Shell Parasite","floor":18.0,"turns":5.0},{"damage":0.0,"enemies":"3 Byrds","floor":19.0,"turns":2.0},{"damage":5.0,"enemies":"Cultist and Chosen","floor":20.0,"turns":3.0},{"damage":0.0,"enemies":"Masked Bandits","floor":22.0,"turns":2.0},{"damage":6.0,"enemies":"Centurion and Healer","floor":24.0,"turns":2.0},{"damage":0.0,"enemies":"Slavers","floor":25.0,"turns":2.0},{"damage":0.0,"enemies":"Book of Stabbing","floor":27.0,"turns":2.0},{"damage":0.0,"enemies":"Shelled Parasite and Fungi","floor":28.0,"turns":4.0},{"damage":0.0,"enemies":"Gremlin Leader","floor":29.0,"turns":4.0},{"damage":1.0,"enemies":"Snake Plant","floor":31.0,"turns":2.0},{"damage":18.0,"enemies":"Collector","floor":33.0,"turns":5.0},{"damage":0.0,"enemies":"Orb Walker","floor":35.0,"turns":2.0},{"damage":0.0,"enemies":"3 Darklings","floor":36.0,"turns":1.0},{"damage":0,"enemies":"Mind Bloom Boss Battle","floor":39,"turns":3},{"damage":3,"enemies":"Reptomancer","floor":40,"turns":3},{"damage":20,"enemies":"4 Shapes","floor":41,"turns":1},{"damage":0,"enemies":"Nemesis","floor":44,"turns":3},{"damage":3,"enemies":"2 Orb Walkers","floor":45,"turns":3},{"damage":6,"enemies":"Reptomancer","floor":47,"turns":4},{"damage":0,"enemies":"Jaw Worm Horde","floor":48,"turns":1},{"damage":2,"enemies":"Donu and Deca","floor":50,"turns":5},{"damage":7,"enemies":"Shield and Spear","floor":54,"turns":3},{"damage":0,"enemies":"The Heart","floor":55,"turns":5}],"seed_played":"-1659026596787313007","potions_obtained":[{"floor":1.0,"key":"Explosive Potion"},{"floor":7.0,"key":"Block Potion"},{"floor":16.0,"key":"Weak Potion"},{"floor":18.0,"key":"Fruit Juice"},{"floor":22.0,"key":"AttackPotion"},{"floor":25.0,"key":"BloodPotion"},{"floor":48,"key":"SpeedPotion"}],"is_trial":false,"path_per_floor":["M","$","?","?","$","R","E","R","T","M","M","R","?","E","R","B",null,"M","M","M","$","?","R","M","E","T","E","M","E","R","M","R","B",null,"M","M","?","$","?","E","M","R","T","E","?","$","E","M","R","B",null,"R","$","E","B",null],"character_chosen":"IRONCLAD","items_purchased":["Whirlwind","Shrug It Off","Feel No Pain","Burning Pact","Heavy Blade","Self Forming Clay","Sundial"],"campfire_rested":0,"item_purchase_floors":[2,5,21,21,21,38,46],"current_hp_per_floor":[74,74,51,40,40,40,46,46,46,52,57,57,57,45,45,46,63,60,66,67,67,73,73,73,83,83,83,83,83,83,83,83,71,80,83,83,83,83,83,90,76,76,76,82,85,85,85,90,90,90,90,90,90,90,90],"gold":106,"neow_bonus":"THREE_ENEMY_KILL","is_prod":false,"is_daily":false,"chose_seed":false,"campfire_upgraded":7,"win_rate":0,"timestamp":1552707811,"path_taken":["M","$","?","?","$","R","E","R","T","M","M","R","?","E","R","BOSS","M","M","M","$","?","R","M","E","T","E","M","E","R","M","R","BOSS","M","M","?","$","?","E","M","R","T","E","?","?","E","M","R","BOSS","R","$","E","BOSS"],"build_version":"2019-02-06","purchased_purges":5,"victory":true,"max_hp_per_floor":[75,75,75,75,75,75,75,75,75,75,75,75,68,68,68,68,68,73,73,73,73,73,73,73,83,83,83,83,83,83,83,83,83,83,83,83,83,83,83,90,90,90,90,90,90,90,90,90,90,90,90,90,90,90,90],"card_choices":[{"not_picked":["Feel No Pain","Corruption"],"picked":"Clothesline","floor":1.0},{"not_picked":["Sentinel","Perfected Strike","Twin Strike"],"picked":"SKIP","floor":7.0},{"not_picked":["Twin Strike","Havoc","Shrug It Off"],"picked":"SKIP","floor":10.0},{"not_picked":["Twin Strike","Havoc"],"picked":"Shrug It Off","floor":10.0},{"not_picked":["Clash","Armaments"],"picked":"Inflame","floor":11.0},{"not_picked":["Perfected Strike","Rage"],"picked":"Sword Boomerang","floor":14.0},{"not_picked":["Demon Form","Juggernaut"],"picked":"Fiend Fire","floor":16.0},{"not_picked":["Second Wind","Warcry","Headbutt"],"picked":"SKIP","floor":18.0},{"not_picked":["Pummel","Metallicize","Headbutt"],"picked":"SKIP","floor":19.0},{"not_picked":["Iron Wave","Hemokinesis"],"picked":"Pommel Strike+1","floor":20.0},{"not_picked":["Metallicize+1","Clothesline"],"picked":"True Grit","floor":22.0},{"not_picked":["Perfected Strike","Headbutt","Entrench"],"picked":"SKIP","floor":24.0},{"not_picked":["Flex","Thunderclap"],"picked":"Demon Form","floor":25.0},{"not_picked":["Havoc","Reckless Charge"],"picked":"Corruption","floor":27.0},{"not_picked":["Hemokinesis","Spot Weakness","Perfected Strike"],"picked":"SKIP","floor":28.0},{"not_picked":["Heavy Blade","Headbutt","Clash"],"picked":"SKIP","floor":29.0},{"not_picked":["Searing Blow","Perfected Strike+1","Twin Strike"],"picked":"SKIP","floor":31.0},{"not_picked":["Fiend Fire","Impervious"],"picked":"Barricade","floor":33.0},{"not_picked":["Metallicize","Body Slam","Sword Boomerang+1"],"picked":"SKIP","floor":35.0},{"not_picked":["Flex","Pommel Strike+1"],"picked":"Power Through+1","floor":36.0},{"not_picked":["Sever Soul","Bludgeon","Sword Boomerang"],"picked":"SKIP","floor":40},{"not_picked":["Thunderclap+1","Anger","Headbutt"],"picked":"SKIP","floor":41},{"not_picked":["Burning Pact","Clothesline"],"picked":"Battle Trance","floor":44},{"not_picked":["Clothesline","Flex"],"picked":"Flame Barrier","floor":45},{"not_picked":["Shrug It Off","Dropkick","Seeing Red+1"],"picked":"SKIP","floor":47},{"not_picked":["Rupture+1","Immolate","Pummel"],"picked":"SKIP","floor":48},{"not_picked":["Double Tap","Heavy Blade"],"picked":"Sentinel","floor":54}],"player_experience":2194172,"relics_obtained":[{"floor":7.0,"key":"Centennial Puzzle"},{"floor":9.0,"key":"Bronze Scales"},{"floor":14.0,"key":"Bag of Marbles"},{"floor":22.0,"key":"Red Mask"},{"floor":25.0,"key":"Pear"},{"floor":26.0,"key":"Pantograph"},{"floor":27.0,"key":"Lantern"},{"floor":29.0,"key":"Whetstone"},{"floor":39,"key":"Dead Branch"},{"floor":40,"key":"Strawberry"},{"floor":44,"key":"Anchor"},{"floor":45,"key":"Girya"},{"floor":47,"key":"Magic Flower"},{"floor":54,"key":"Oddly Smooth Stone"}],"event_choices":[{"damage_healed":0.0,"max_hp_gain":0.0,"max_hp_loss":0.0,"gold_gain":0.0,"event_name":"Shining Light","player_choice":"Entered Light","floor":3.0,"gold_loss":0.0,"damage_taken":23.0,"cards_upgraded":["Defend_R","Strike_R"]},{"damage_healed":0.0,"max_hp_gain":0.0,"max_hp_loss":0.0,"gold_gain":75.0,"event_name":"World of Goop","player_choice":"Gather Gold","floor":4.0,"gold_loss":0.0,"damage_taken":11.0},{"damage_healed":0.0,"max_hp_gain":0.0,"max_hp_loss":7.0,"gold_gain":0.0,"event_name":"Golden Idol","player_choice":"Lose Max HP","floor":13.0,"gold_loss":0.0,"damage_taken":0.0,"relics_obtained":["Golden Idol"]},{"damage_healed":0.0,"max_hp_gain":0.0,"max_hp_loss":0.0,"gold_gain":0.0,"event_name":"Masked Bandits","player_choice":"Fought Bandits","floor":22.0,"gold_loss":0.0,"damage_taken":0.0},{"damage_healed":0.0,"max_hp_gain":0.0,"max_hp_loss":0.0,"gold_gain":333.0,"event_name":"The Moai Head","player_choice":"Gave Idol","floor":37.0,"relics_lost":["Golden Idol"],"gold_loss":0.0,"damage_taken":0.0},{"damage_healed":0,"gold_gain":0,"player_choice":"Fight","damage_taken":0,"max_hp_gain":0,"max_hp_loss":0,"event_name":"MindBloom","floor":39,"gold_loss":0},{"damage_healed":0,"gold_gain":0,"player_choice":"Fight","damage_taken":0,"max_hp_gain":0,"max_hp_loss":0,"event_name":"Mysterious Sphere","floor":45,"gold_loss":0}],"is_beta":true,"boss_relics":[{"not_picked":["Black Star","Orrery"],"picked":"Snecko Eye"},{"not_picked":["Pandora\u0027s Box","Calling Bell"],"picked":"Coffee Dripper"}],"items_purged_floors":[5,21,38,46,53],"is_endless":false,"potions_floor_spawned":[1,7,11,16,18,22,25,27,29,36,39,44,45,48],"ascension_level":15}