{"gold_per_floor":[110,110,110,130,130,130,145,145,171,171,205,215,43,43,43,115,115,125,143,143,160,180,180,192,192,222,233,249,259,259,293,293,370,370,385,385,485,0,14,14,24,35,35,35,52,83,8,8,8,8],"floor_reached":51,"playtime":2064,"items_purged":["Parasite"],"score":1853,"play_id":"e96e0be5-3114-411e-afad-c5b1506f57fd","local_time":"20181026154248","is_ascension_mode":true,"campfire_choices":[{"data":"Echo Form","floor":6.0,"key":"SMITH"},{"data":"Zap","floor":8.0,"key":"SMITH"},{"data":"Dualcast","floor":10.0,"key":"SMITH"},{"floor":15.0,"key":"REST"},{"data":"Sunder","floor":23.0,"key":"SMITH"},{"data":"Echo Form","floor":25.0,"key":"SMITH"},{"data":"Force Field","floor":30.0,"key":"SMITH"},{"floor":32.0,"key":"REST"},{"data":"Chrysalis","floor":40.0,"key":"SMITH"},{"floor":44,"key":"REST"},{"floor":49,"key":"REST"}],"neow_cost":"NONE","seed_source_timestamp":485857729108318,"circlet_count":0,"master_deck":["Strike_B+1","Strike_B+1","Defend_B","Defend_B","Defend_B","Defend_B","Zap+1","Dualcast+1","AscendersBane","Conserve Battery","Cold Snap","Echo Form+1","BootSequence","Coolheaded","Stack+1","Echo Form+1","Coolheaded","Sunder+1","Streamline","Force Field+1","Leap","Streamline","Cold Snap+1","Conserve Battery","All For One","Streamline+1","Hologram","Chrysalis+1","Stack","Loop","Undo","Hologram+1"],"special_seed":0,"relics":["Cracked Core","Bronze Scales","Whetstone","Lantern","Snecko Eye","Tiny Chest","DataDisk","Black Star","StoneCalendar","Matryoshka","Sundial","Vajra","Regal Pillow","Boot"],"potions_floor_usage":[42,42,50],"damage_taken":[{"damage":2.0,"enemies":"Jaw Worm","floor":1.0,"turns":3.0},{"damage":0.0,"enemies":"Cultist","floor":4.0,"turns":3.0},{"damage":16.0,"enemies":"Small Slimes","floor":7.0,"turns":2.0},{"damage":21.0,"enemies":"Gremlin Nob","floor":11.0,"turns":4.0},{"damage":0.0,"enemies":"3 Louse","floor":12.0,"turns":4.0},{"damage":2.0,"enemies":"The Guardian","floor":16.0,"turns":10.0},{"damage":6.0,"enemies":"Chosen","floor":18.0,"turns":5.0},{"damage":0.0,"enemies":"Spheric Guardian","floor":19.0,"turns":4.0},{"damage":0.0,"enemies":"Snecko","floor":21.0,"turns":6.0},{"damage":1.0,"enemies":"Chosen and Byrds","floor":22.0,"turns":3.0},{"damage":3.0,"enemies":"Cultist and Chosen","floor":24.0,"turns":7.0},{"damage":0.0,"enemies":"Snecko","floor":27.0,"turns":4.0},{"damage":13.0,"enemies":"Shelled Parasite and Fungi","floor":28.0,"turns":6.0},{"damage":6.0,"enemies":"Centurion and Healer","floor":29.0,"turns":5.0},{"damage":0.0,"enemies":"Gremlin Leader","floor":31.0,"turns":10.0},{"damage":4.0,"enemies":"Collector","floor":33.0,"turns":12.0},{"damage":7.0,"enemies":"3 Darklings","floor":35.0,"turns":3.0},{"damage":0.0,"enemies":"Mind Bloom Boss Battle","floor":37.0,"turns":6.0},{"damage":13.0,"enemies":"Orb Walker","floor":39.0,"turns":2.0},{"damage":20.0,"enemies":"Writhing Mass","floor":41.0,"turns":6.0},{"damage":15,"enemies":"Spire Growth","floor":42,"turns":4},{"damage":11,"enemies":"Maw","floor":45,"turns":8},{"damage":0,"enemies":"Giant Head","floor":46,"turns":7},{"damage":25,"enemies":"Donu and Deca","floor":50,"turns":12}],"seed_played":"-5688334368270159334","potions_obtained":[{"floor":4.0,"key":"Weak Potion"},{"floor":7.0,"key":"Block Potion"},{"floor":12.0,"key":"EssenceOfSteel"},{"floor":16.0,"key":"Dexterity Potion"},{"floor":42,"key":"Weak Potion"},{"floor":46,"key":"Ancient Potion"}],"is_trial":false,"path_per_floor":["M","?","?","M","?","R","M","R","T","R","E","M","$","?","R","B",null,"M","M","?","M","M","R","M","R","T","M","M","M","R","E","R","B",null,"M","?","?","$","M","R","M","M","T","R","M","E","$","?","R","B"],"character_chosen":"DEFECT","items_purchased":["Lantern","Matryoshka","Chrysalis"],"campfire_rested":4,"item_purchase_floors":[13,38,38],"current_hp_per_floor":[62,62,55,55,55,55,39,39,39,39,18,18,18,18,39,37,63,57,57,71,71,70,70,67,67,67,67,54,48,48,48,69,65,70,63,63,63,63,50,50,30,15,15,36,25,25,25,25,59,34],"gold":8,"neow_bonus":"THREE_CARDS","is_prod":false,"is_daily":false,"chose_seed":false,"campfire_upgraded":7,"win_rate":0,"timestamp":1540593768,"path_taken":["M","?","?","M","?","R","?","R","T","R","E","M","$","?","R","BOSS","M","M","?","M","M","R","M","R","T","?","M","M","R","E","R","BOSS","M","?","?","$","M","R","M","M","T","R","M","E","$","?","R","BOSS"],"build_version":"2018-10-25v2","purchased_purges":1,"victory":true,"max_hp_per_floor":[71,71,71,71,71,71,71,71,71,71,71,71,71,71,71,71,71,71,71,71,71,71,71,71,71,71,71,71,71,71,71,71,71,71,71,71,71,71,71,71,71,71,71,71,71,71,68,65,65,65],"card_choices":[{"not_picked":["Stack","Hologram"],"picked":"Leap","floor":0.0},{"not_picked":["Fusion","Hello World"],"picked":"Conserve Battery","floor":1.0},{"not_picked":["Hologram","White Noise"],"picked":"Cold Snap","floor":4.0},{"not_picked":["Tempest","Recycle"],"picked":"BootSequence","floor":7.0},{"not_picked":["Fusion","Meteor Strike"],"picked":"Coolheaded","floor":11.0},{"not_picked":["FTL","Rebound"],"picked":"Stack","floor":12.0},{"not_picked":["Hyperbeam","Creative AI"],"picked":"Echo Form","floor":16.0},{"not_picked":["Storm+1","Streamline"],"picked":"Coolheaded","floor":18.0},{"not_picked":["Blizzard","Turbo"],"picked":"Sunder","floor":19.0},{"not_picked":["Go for the Eyes","FTL+1"],"picked":"Streamline","floor":21.0},{"not_picked":["Ball Lightning","Sweeping Beam"],"picked":"Force Field","floor":22.0},{"not_picked":["Ball Lightning","Rebound"],"picked":"Leap","floor":24.0},{"not_picked":["Loop","Ball Lightning"],"picked":"Streamline","floor":27.0},{"not_picked":["BootSequence","White Noise","Turbo"],"picked":"SKIP","floor":28.0},{"not_picked":["Heatsinks","Beam Cell"],"picked":"Cold Snap+1","floor":29.0},{"not_picked":["Reprogram","Doom and Gloom"],"picked":"Conserve Battery","floor":31.0},{"not_picked":["Machine Learning","Creative AI"],"picked":"All For One","floor":33.0},{"not_picked":["Redo","Consume+1"],"picked":"Streamline+1","floor":35.0},{"not_picked":["Recycle+1","Static Discharge"],"picked":"Hologram","floor":37.0},{"not_picked":["Gash","Sweeping Beam"],"picked":"Stack","floor":39.0},{"not_picked":["Self Repair+1","Steam"],"picked":"Loop","floor":41.0},{"not_picked":["Steam","Chaos"],"picked":"Undo","floor":42},{"not_picked":["Turbo+1","Leap"],"picked":"Hologram+1","floor":45},{"not_picked":["Gash","Aggregate","Turbo"],"picked":"SKIP","floor":46}],"player_experience":940261,"relics_obtained":[{"floor":9.0,"key":"Bronze Scales"},{"floor":11.0,"key":"Whetstone"},{"floor":26.0,"key":"Tiny Chest"},{"floor":31.0,"key":"DataDisk"},{"floor":37.0,"key":"StoneCalendar"},{"floor":43,"key":"Sundial"},{"floor":43,"key":"Vajra"},{"floor":46,"key":"Regal Pillow"},{"floor":46,"key":"Boot"}],"event_choices":[{"cards_removed":["Strike_B"],"damage_healed":0.0,"max_hp_gain":0.0,"max_hp_loss":0.0,"gold_gain":0.0,"event_name":"Living Wall","player_choice":"Forget","floor":2.0,"gold_loss":0.0,"damage_taken":0.0},{"cards_removed":["Strike_B"],"damage_healed":0.0,"max_hp_gain":0.0,"max_hp_loss":0.0,"gold_gain":0.0,"event_name":"Golden Wing","player_choice":"Card Removal","floor":3.0,"gold_loss":0.0,"damage_taken":7.0},{"damage_healed":0.0,"max_hp_gain":0.0,"max_hp_loss":0.0,"gold_gain":0.0,"event_name":"Match and Keep!","player_choice":"2 cards matched","floor":5.0,"gold_loss":0.0,"damage_taken":0.0,"cards_obtained":["Lockon","Echo Form"]},{"damage_healed":0.0,"max_hp_gain":0.0,"max_hp_loss":0.0,"gold_gain":0.0,"event_name":"Upgrade Shrine","player_choice":"Upgraded","floor":14.0,"gold_loss":0.0,"damage_taken":0.0,"cards_upgraded":["Stack"]},{"cards_removed":["Lockon"],"damage_healed":14.0,"max_hp_gain":0.0,"max_hp_loss":0.0,"gold_gain":0.0,"event_name":"Bonfire Elementals","player_choice":"Offered Uncommon","floor":20.0,"gold_loss":0.0,"damage_taken":0.0},{"damage_healed":0.0,"max_hp_gain":0.0,"max_hp_loss":0.0,"gold_gain":0.0,"event_name":"Tomb of Lord Red Mask","player_choice":"Ignored","floor":36.0,"gold_loss":0.0,"damage_taken":0.0},{"damage_healed":0.0,"max_hp_gain":0.0,"max_hp_loss":0.0,"gold_gain":0.0,"event_name":"MindBloom","player_choice":"Fight","floor":37.0,"gold_loss":0.0,"damage_taken":0.0},{"damage_healed":0,"gold_gain":0,"player_choice":"Max HP","damage_taken":0,"max_hp_gain":0,"max_hp_loss":3,"event_name":"Winding Halls","floor":48,"gold_loss":0}],"is_beta":true,"boss_relics":[{"not_picked":["Astrolabe","Velvet Choker"],"picked":"Snecko Eye"},{"not_picked":["Eternal Feather","White Beast Statue"],"picked":"Black Star"}],"items_purged_floors":[47],"is_endless":false,"potions_floor_spawned":[4,7,12,16,19,21,22,24,37,41,42,46],"ascension_level":18}