{"gold_per_floor":[116,266,191,211,211,211,246,261,261,261,261,261,277,0,0,76,76,0,50,50,0,19,19,19],"floor_reached":24,"playtime":952,"items_purged":["Strike_G"],"score":380,"play_id":"4d501708-d883-45e2-97a2-aa361f4a3747","local_time":"20190506153644","is_ascension_mode":true,"campfire_choices":[{"data":"Neutralize","floor":6.0,"key":"SMITH"},{"floor":10.0,"key":"REST"},{"data":"Noxious Fumes","floor":15.0,"key":"SMITH"},{"floor":23.0,"key":"REST"}],"neow_cost":"NONE","seed_source_timestamp":1200521453135320,"circlet_count":0,"master_deck":["AscendersBane","Defend_G","Defend_G+1","Defend_G","Defend_G","Defend_G+1","Strike_G","Strike_G","Strike_G","Survivor","Neutralize+1","Choke","Crippling Poison","Dagger Spray","Dodge and Roll+1","Dodge and Roll+1","Noxious Fumes+1","Acrobatics+1","Envenom","Prepared+1","Leg Sweep+1","Reflex+1","Dagger Throw","Dagger Spray","Deadly Poison+1","Outmaneuver+1","Endless Agony"],"special_seed":0,"relics":["Ring of the Snake","Omamori","Sundial","Toxic Egg 2","Orrery"],"potions_floor_usage":[24],"damage_taken":[{"damage":0.0,"enemies":"Small Slimes","floor":1.0,"turns":4.0},{"damage":0.0,"enemies":"2 Louse","floor":4.0,"turns":3.0},{"damage":63.0,"enemies":"Gremlin Nob","floor":7.0,"turns":7.0},{"damage":0.0,"enemies":"Jaw Worm","floor":8.0,"turns":5.0},{"damage":4.0,"enemies":"Exordium Thugs","floor":13.0,"turns":4.0},{"damage":13.0,"enemies":"The Guardian","floor":16.0,"turns":12.0},{"damage":12.0,"enemies":"2 Thieves","floor":18.0,"turns":5.0},{"damage":0.0,"enemies":"Chosen","floor":22.0,"turns":5.0},{"damage":48,"enemies":"Book of Stabbing","floor":24,"turns":6}],"seed_played":"-8585969331998286520","potions_obtained":[{"floor":7.0,"key":"SkillPotion"},{"floor":22.0,"key":"Strength Potion"}],"is_trial":false,"path_per_floor":["M","?","?","M","?","R","E","M","T","R","?","?","M","$","R","B",null,"M","?","?","$","M","R","E"],"character_chosen":"THE_SILENT","items_purchased":["Dodge and Roll+1","Noxious Fumes","Acrobatics+1","Outmaneuver+1"],"campfire_rested":2,"item_purchase_floors":[14,14,14,21],"current_hp_per_floor":[59,59,59,59,64,64,1,1,1,22,1,18,14,14,14,1,54,42,42,22,22,22,44,0],"gold":19,"neow_bonus":"RANDOM_COMMON_RELIC","is_prod":false,"is_daily":false,"chose_seed":false,"campfire_upgraded":2,"win_rate":0,"timestamp":1557171404,"path_taken":["M","?","?","M","?","R","E","M","T","R","?","?","M","$","R","BOSS","M","?","?","$","M","R","E"],"build_version":"2019-01-23","purchased_purges":1,"victory":false,"max_hp_per_floor":[66,66,66,66,71,71,71,71,71,71,71,71,71,71,71,71,71,71,71,76,76,76,76,76],"card_choices":[{"not_picked":["Deflect","Outmaneuver"],"picked":"Choke","floor":1.0},{"not_picked":["Blade Dance","Flechettes","Outmaneuver"],"picked":"SKIP","floor":4.0},{"not_picked":["Poisoned Stab","Sucker Punch"],"picked":"Crippling Poison","floor":7.0},{"not_picked":["Quick Slash","Reflex"],"picked":"Dagger Spray","floor":8.0},{"not_picked":["Setup+1","Underhanded Strike"],"picked":"Dodge and Roll+1","floor":13.0},{"not_picked":["Glass Knife","Doppelganger+1"],"picked":"Envenom","floor":16.0},{"not_picked":["Blur+1","Bane"],"picked":"Prepared+1","floor":17.0},{"not_picked":["Distraction+1","PiercingWail+1"],"picked":"Leg Sweep+1","floor":17.0},{"not_picked":["Dagger Throw","Blade Dance+1"],"picked":"Reflex+1","floor":17.0},{"not_picked":["Choke","Riddle With Holes"],"picked":"Dagger Throw","floor":17.0},{"not_picked":["Skewer","Poisoned Stab"],"picked":"Dagger Spray","floor":17.0},{"not_picked":["Dagger Spray","Eviscerate"],"picked":"Deadly Poison+1","floor":18.0},{"not_picked":["Predator","Quick Slash"],"picked":"Endless Agony","floor":22.0}],"player_experience":2411932,"relics_obtained":[{"floor":7.0,"key":"Sundial"},{"floor":9.0,"key":"Toxic Egg 2"}],"event_choices":[{"damage_healed":0.0,"max_hp_gain":0.0,"max_hp_loss":0.0,"gold_gain":150.0,"event_name":"Liars Game","player_choice":"AGREE","floor":2.0,"gold_loss":0.0,"damage_taken":0.0,"cards_obtained":["Doubt"]},{"cards_removed":["Strike_G"],"damage_healed":0.0,"max_hp_gain":0.0,"max_hp_loss":0.0,"gold_gain":0.0,"event_name":"The Cleric","player_choice":"Card Removal","floor":3.0,"gold_loss":75.0,"damage_taken":0.0},{"damage_healed":0.0,"max_hp_gain":5.0,"max_hp_loss":0.0,"gold_gain":0.0,"event_name":"Big Fish","player_choice":"Donut","floor":5.0,"gold_loss":0.0,"damage_taken":0.0},{"damage_healed":0.0,"max_hp_gain":0.0,"max_hp_loss":0.0,"gold_gain":0.0,"event_name":"Shining Light","player_choice":"Entered Light","floor":11.0,"gold_loss":0.0,"damage_taken":21.0,"cards_upgraded":["Defend_G","Defend_G"]},{"damage_healed":17.0,"max_hp_gain":0.0,"max_hp_loss":0.0,"gold_gain":0.0,"event_name":"Mushrooms","player_choice":"Healed and dodged fight","floor":12.0,"gold_loss":0.0,"damage_taken":0.0,"cards_obtained":["Parasite"]},{"damage_healed":0.0,"max_hp_gain":0.0,"max_hp_loss":0.0,"gold_gain":50.0,"event_name":"Nest","player_choice":"Stole From Cult","floor":19.0,"gold_loss":0.0,"damage_taken":0.0},{"damage_healed":0.0,"max_hp_gain":5.0,"max_hp_loss":0.0,"gold_gain":0.0,"event_name":"Forgotten Altar","player_choice":"Shed Blood","floor":20.0,"gold_loss":0.0,"damage_taken":25.0}],"is_beta":false,"boss_relics":[{"not_picked":["White Beast Statue","Empty Cage"],"picked":"Orrery"}],"items_purged_floors":[14],"is_endless":false,"potions_floor_spawned":[7,22],"killed_by":"Book of Stabbing","ascension_level":20}