{"gold_per_floor":[99,21,21,21,21,21,21,21,21,21,21,21,21,21,21,21,21,21,21,21,21,21,21,21,21,21,21,21,21,21,21,21,21,21,21,21,21,21,21,21],"floor_reached":40,"playtime":1343,"items_purged":[],"score":848,"play_id":"62e78a9e-dc6e-4557-9b01-4c6993630f6f","local_time":"20190307113632","is_ascension_mode":true,"campfire_choices":[{"floor":10.0,"key":"REST"},{"data":"Leg Sweep","floor":13.0,"key":"SMITH"},{"data":"Noxious Fumes","floor":15.0,"key":"SMITH"},{"data":"Neutralize","floor":23.0,"key":"SMITH"},{"data":"Malaise","floor":29.0,"key":"SMITH"},{"data":"Noxious Fumes","floor":32,"key":"SMITH"}],"neow_cost":"NONE","seed_source_timestamp":518553042353623,"circlet_count":0,"master_deck":["AscendersBane","Defend_G","Defend_G","Defend_G+1","Defend_G+1","Defend_G","Strike_G","Strike_G","Strike_G","Strike_G","Strike_G","Survivor","Neutralize+1","Masterful Stab","Noxious Fumes+1","Leg Sweep+1","Noxious Fumes+1","Poisoned Stab","Backstab","Backflip","Malaise+1","Predator","PiercingWail","Dagger Throw","PiercingWail","Blur","Night Terror","Cloak And Dagger","Bandage Up","Discovery","Impatience","Die Die Die"],"special_seed":0,"relics":["Ectoplasm","Turnip","Mercury Hourglass","War Paint","Tough Bandages","Dodecahedron","Coffee Dripper","Vajra","Bag of Marbles","Blood Vial","Ninja Scroll","Eternal Feather"],"potions_floor_usage":[31,33],"damage_taken":[{"damage":6.0,"enemies":"2 Louse","floor":1.0,"turns":4.0},{"damage":0.0,"enemies":"Jaw Worm","floor":3.0,"turns":4.0},{"damage":0.0,"enemies":"Small Slimes","floor":5.0,"turns":4.0},{"damage":29.0,"enemies":"Gremlin Nob","floor":6.0,"turns":5.0},{"damage":5.0,"enemies":"3 Sentries","floor":8.0,"turns":5.0},{"damage":11.0,"enemies":"Lagavulin","floor":11.0,"turns":7.0},{"damage":0.0,"enemies":"Exordium Wildlife","floor":14.0,"turns":3.0},{"damage":3.0,"enemies":"Hexaghost","floor":16.0,"turns":9.0},{"damage":7.0,"enemies":"3 Byrds","floor":18.0,"turns":5.0},{"damage":6.0,"enemies":"Chosen","floor":20.0,"turns":5.0},{"damage":11.0,"enemies":"Snake Plant","floor":21.0,"turns":5.0},{"damage":4.0,"enemies":"Snecko","floor":25.0,"turns":6.0},{"damage":5.0,"enemies":"Centurion and Healer","floor":28.0,"turns":5.0},{"damage":3.0,"enemies":"Gremlin Leader","floor":30.0,"turns":9.0},{"damage":0,"enemies":"Shelled Parasite and Fungi","floor":31,"turns":1},{"damage":15,"enemies":"Champ","floor":33,"turns":16},{"damage":0,"enemies":"3 Shapes","floor":35,"turns":5},{"damage":0,"enemies":"Orb Walker","floor":37,"turns":2},{"damage":54,"enemies":"Giant Head","floor":40,"turns":8}],"seed_played":"-5266898291089764087","potions_obtained":[{"floor":3.0,"key":"SteroidPotion"},{"floor":6.0,"key":"Fire Potion"},{"floor":11.0,"key":"Weak Potion"},{"floor":14.0,"key":"SneckoOil"},{"floor":16.0,"key":"Weak Potion"},{"floor":25.0,"key":"Poison Potion"},{"floor":30.0,"key":"SteroidPotion"},{"floor":31,"key":"GhostInAJar"}],"is_trial":false,"path_per_floor":["M","$","M","?","M","E","?","E","T","R","E","$","R","M","R","B",null,"M","$","M","M","?","R","T","M","T","?","M","R","E","M","R","B",null,"M","?","M","T","?","E"],"character_chosen":"THE_SILENT","items_purchased":["Noxious Fumes"],"campfire_rested":1,"item_purchase_floors":[2],"current_hp_per_floor":[53,53,53,48,48,19,19,14,14,33,22,22,22,22,22,19,54,47,47,41,30,30,30,30,26,26,26,23,23,22,24,24,11,52,54,44,46,46,46,0],"gold":21,"neow_bonus":"BOSS_RELIC","is_prod":false,"is_daily":false,"chose_seed":false,"campfire_upgraded":5,"win_rate":0,"timestamp":1551983792,"path_taken":["M","$","M","?","M","E","?","E","T","R","E","?","R","M","R","BOSS","M","$","M","M","?","R","?","M","T","?","M","R","E","M","R","BOSS","M","?","M","?","?","E"],"build_version":"2019-02-06","purchased_purges":0,"victory":false,"max_hp_per_floor":[66,66,66,66,66,66,66,66,66,66,66,66,66,66,66,66,66,66,66,66,66,66,66,66,66,66,66,66,66,66,66,66,66,66,66,66,66,66,66,66],"card_choices":[{"not_picked":["Outmaneuver","Acrobatics"],"picked":"Masterful Stab","floor":1.0},{"not_picked":["Choke","Dagger Throw"],"picked":"Leg Sweep","floor":3.0},{"not_picked":["Dagger Throw","Backflip"],"picked":"Noxious Fumes","floor":5.0},{"not_picked":["Skewer","Sucker Punch"],"picked":"Poisoned Stab","floor":6.0},{"not_picked":["Underhanded Strike","Bane"],"picked":"Backstab","floor":8.0},{"not_picked":["Deadly Poison","Storm of Steel"],"picked":"Backflip","floor":11.0},{"not_picked":["Acrobatics","Slice","Underhanded Strike"],"picked":"SKIP","floor":14.0},{"not_picked":["Bullet Time","Tools of the Trade"],"picked":"Malaise","floor":16.0},{"not_picked":["Distraction+1","Slice"],"picked":"Predator","floor":18.0},{"not_picked":["Escape Plan","Deadly Poison"],"picked":"PiercingWail","floor":20.0},{"not_picked":["Accuracy","Setup"],"picked":"Dagger Throw","floor":21.0},{"not_picked":["Deadly Poison","Prepared","Setup+1"],"picked":"SKIP","floor":25.0},{"not_picked":["Outmaneuver","Flying Knee"],"picked":"PiercingWail","floor":28.0},{"not_picked":["Outmaneuver","Skewer","Sucker Punch+1"],"picked":"SKIP","floor":30.0},{"not_picked":["Tactician","Acrobatics"],"picked":"Blur","floor":31},{"not_picked":["Grand Finale","Phantasmal Killer"],"picked":"Night Terror","floor":33},{"not_picked":["Quick Slash","Slice"],"picked":"Cloak And Dagger","floor":35},{"not_picked":["HandOfGreed","Master of Strategy"],"picked":"Bandage Up","floor":36},{"not_picked":["Forethought","Thinking Ahead"],"picked":"Discovery","floor":36},{"not_picked":["Magnetism","Panacea"],"picked":"Impatience","floor":36},{"not_picked":["Deflect","Poisoned Stab","Concentrate"],"picked":"SKIP","floor":37}],"player_experience":1165274,"relics_obtained":[{"floor":6.0,"key":"Mercury Hourglass"},{"floor":8.0,"key":"War Paint"},{"floor":9.0,"key":"Tough Bandages"},{"floor":11.0,"key":"Dodecahedron"},{"floor":24.0,"key":"Vajra"},{"floor":26.0,"key":"Bag of Marbles"},{"floor":30.0,"key":"Ninja Scroll"}],"event_choices":[{"damage_healed":0.0,"max_hp_gain":0.0,"max_hp_loss":0.0,"gold_gain":0.0,"event_name":"Scrap Ooze","player_choice":"Success","floor":4.0,"gold_loss":0.0,"damage_taken":5.0,"relics_obtained":["Turnip"]},{"damage_healed":0.0,"max_hp_gain":0.0,"max_hp_loss":0.0,"gold_gain":0.0,"event_name":"Dead Adventurer","player_choice":"Searched \u00270\u0027 times","floor":7.0,"gold_loss":0.0,"damage_taken":0.0},{"damage_healed":0.0,"max_hp_gain":0.0,"max_hp_loss":0.0,"gold_gain":0.0,"event_name":"The Mausoleum","player_choice":"Ignored","floor":22.0,"gold_loss":0.0,"damage_taken":0.0},{"damage_healed":0.0,"max_hp_gain":0.0,"max_hp_loss":0.0,"gold_gain":0.0,"event_name":"WeMeetAgain","player_choice":"Gave Potion","floor":27.0,"gold_loss":0.0,"damage_taken":0.0,"relics_obtained":["Blood Vial"]},{"damage_healed":0,"gold_gain":0,"player_choice":"Memory 3","damage_taken":10,"max_hp_gain":0,"max_hp_loss":0,"event_name":"SensoryStone","floor":36,"gold_loss":0},{"damage_healed":0,"gold_gain":0,"player_choice":"1 cards matched","damage_taken":0,"max_hp_gain":0,"max_hp_loss":0,"event_name":"Match and Keep!","floor":39,"gold_loss":0,"cards_obtained":["Die Die Die"]}],"is_beta":true,"boss_relics":[{"not_picked":["Philosopher\u0027s Stone","Pandora\u0027s Box"],"picked":"Coffee Dripper"},{"not_picked":["Busted Crown","Fusion Hammer"],"picked":"Eternal Feather"}],"items_purged_floors":[],"is_endless":false,"potions_floor_spawned":[3,6,11,14,16,25,30,31],"killed_by":"Giant Head","ascension_level":20}