{"gold_per_floor":[114,132,57,71,71,71,102,172,199,226,226,245,245,276,276,355,355,368,80,99,118,134,134,160,160,160,160,210,210],"floor_reached":29,"playtime":2046,"items_purged":["Strike_B"],"score":473,"play_id":"3193aafb-7a75-455a-9422-b4126a37ad5c","local_time":"20190428133202","is_ascension_mode":true,"campfire_choices":[{"data":"Lockon","floor":6,"key":"SMITH"},{"floor":11,"key":"REST"},{"data":"Defragment","floor":13,"key":"SMITH"},{"data":"Machine Learning","floor":15,"key":"SMITH"},{"data":"Fission","floor":23,"key":"SMITH"},{"floor":25,"key":"REST"},{"floor":27,"key":"REST"}],"neow_cost":"NONE","seed_source_timestamp":7283601204545,"circlet_count":0,"master_deck":["AscendersBane","Strike_B","Strike_B","Defend_B","Defend_B","Defend_B","Defend_B","Zap+1","Dualcast","Streamline","Lockon+1","Defragment+1","Core Surge","Cold Snap","Machine Learning+1","Genetic Algorithm","Steam","Fission+1","Glacier","Hologram","Reinforced Body","Defragment"],"relics":["Cracked Core","SsserpentHead","DataDisk","Orichalcum","Bronze Scales","Boot","Sozu","Blood Vial","Mummified Hand","Meat on the Bone"],"potions_floor_usage":[10,16,24],"damage_taken":[{"damage":9,"enemies":"2 Louse","floor":1,"turns":3},{"damage":7,"enemies":"Jaw Worm","floor":2,"turns":2},{"damage":1,"enemies":"Cultist","floor":4,"turns":3},{"damage":16,"enemies":"Gremlin Nob","floor":7,"turns":3},{"damage":7,"enemies":"Large Slime","floor":8,"turns":5},{"damage":5,"enemies":"3 Sentries","floor":10,"turns":4},{"damage":2,"enemies":"3 Louse","floor":12,"turns":2},{"damage":12,"enemies":"Gremlin Nob","floor":14,"turns":3},{"damage":8,"enemies":"The Guardian","floor":16,"turns":7},{"damage":15,"enemies":"2 Thieves","floor":18,"turns":4},{"damage":1,"enemies":"Chosen","floor":20,"turns":4},{"damage":9,"enemies":"Centurion and Healer","floor":21,"turns":7},{"damage":2,"enemies":"Snecko","floor":22,"turns":6},{"damage":28,"enemies":"Slavers","floor":24,"turns":2},{"damage":57,"enemies":"Gremlin Leader","floor":29,"turns":8}],"seed_played":"-6905588002235474125","potions_obtained":[{"floor":1,"key":"Explosive Potion"},{"floor":4,"key":"PowerPotion"},{"floor":10,"key":"PowerPotion"}],"is_trial":false,"path_per_floor":["M","M","?","M","?","R","E","M","T","E","R","M","R","E","R","B",null,"M","$","M","M","M","R","E","R","T","R","?","E"],"character_chosen":"DEFECT","items_purchased":["Hologram","Blood Vial"],"campfire_rested":3,"item_purchase_floors":[19,19],"current_hp_per_floor":[55,48,48,47,47,47,31,24,24,19,40,38,38,26,26,18,58,43,43,44,37,37,37,11,32,32,53,53,0],"gold":210,"neow_bonus":"UPGRADE_CARD","is_prod":false,"is_daily":false,"chose_seed":false,"campfire_upgraded":4,"win_rate":0,"timestamp":1556451122,"path_taken":["M","M","?","M","?","R","E","?","T","E","R","M","R","E","R","BOSS","M","$","M","M","M","R","E","R","T","R","?","E"],"build_version":"2019-01-23","purchased_purges":1,"victory":false,"max_hp_per_floor":[71,71,71,71,71,71,71,71,71,71,71,71,71,71,71,71,71,71,71,71,71,71,71,71,71,71,71,71,71],"card_choices":[{"not_picked":["Chaos","Genetic Algorithm"],"picked":"Streamline","floor":1},{"not_picked":["Barrage","Force Field"],"picked":"Lockon","floor":2},{"not_picked":["Streamline","Conserve Battery"],"picked":"Defragment","floor":4},{"not_picked":["Rebound","Leap"],"picked":"Core Surge","floor":7},{"not_picked":["Leap","Streamline"],"picked":"Cold Snap","floor":8},{"not_picked":["Hyperbeam","Aggregate"],"picked":"Machine Learning","floor":10},{"not_picked":["BootSequence","Streamline"],"picked":"Genetic Algorithm","floor":12},{"not_picked":["Rainbow","Redo"],"picked":"Steam","floor":14},{"not_picked":["Buffer","Multi-Cast"],"picked":"Fission","floor":16},{"not_picked":["Recycle","Heatsinks"],"picked":"Glacier","floor":18},{"not_picked":["Beam Cell","Leap","Redo"],"picked":"SKIP","floor":20},{"not_picked":["BootSequence","Streamline"],"picked":"Reinforced Body","floor":21},{"not_picked":["Rebound","Genetic Algorithm","Beam Cell+1"],"picked":"SKIP","floor":22},{"not_picked":["Beam Cell","Redo"],"picked":"Defragment","floor":24}],"player_experience":290221,"relics_obtained":[{"floor":7,"key":"DataDisk"},{"floor":9,"key":"Orichalcum"},{"floor":10,"key":"Bronze Scales"},{"floor":14,"key":"Boot"},{"floor":24,"key":"Mummified Hand"},{"floor":26,"key":"Meat on the Bone"}],"event_choices":[{"cards_removed":["Strike_B"],"damage_healed":0,"gold_gain":0,"player_choice":"Card Removal","damage_taken":0,"max_hp_gain":0,"max_hp_loss":0,"event_name":"The Cleric","floor":3,"gold_loss":75},{"damage_healed":0,"gold_gain":0,"player_choice":"Trade","damage_taken":0,"relics_obtained":["SsserpentHead"],"max_hp_gain":0,"max_hp_loss":0,"event_name":"FaceTrader","floor":5,"gold_loss":0},{"damage_healed":0,"gold_gain":0,"player_choice":"Ignored","damage_taken":0,"max_hp_gain":0,"max_hp_loss":0,"event_name":"Vampires","floor":28,"gold_loss":0}],"is_beta":false,"boss_relics":[{"not_picked":["Fusion Hammer","FrozenCore"],"picked":"Sozu"}],"items_purged_floors":[19],"is_endless":false,"potions_floor_spawned":[1,4,10,14,18,21,22,24],"killed_by":"Gremlin Leader","ascension_level":16}