{"gold_per_floor":[116,129,147,72,89,117,117,117,190,290,320,339,339,357,357,458,458,472,46,59,59,79,90,90,90,113,113,141,160,82,182,182,283,283,300,43,43,143,153,153,179,192,192,192,192,212,212,230,230,230,230,230,23,49,49],"floor_reached":55,"playtime":2807,"items_purged":["Defend_R"],"score":732,"play_id":"467168d8-e389-4436-aeea-b871668536a1","local_time":"20190121210415","is_ascension_mode":false,"campfire_choices":[{"floor":8,"key":"REST"},{"floor":13,"key":"DIG"},{"floor":15,"key":"REST"},{"floor":24,"key":"DIG"},{"data":"Apotheosis","floor":27,"key":"SMITH"},{"floor":32,"key":"REST"},{"floor":40,"key":"RECALL"},{"data":"Perfected Strike","floor":44,"key":"SMITH"},{"floor":47,"key":"DIG"},{"floor":49,"key":"DIG"},{"floor":52,"key":"DIG"}],"neow_cost":"NONE","seed_source_timestamp":14654198844620,"circlet_count":0,"master_deck":["Strike_R","Strike_R","Strike_R","Strike_R","Strike_R","Defend_R","Defend_R+1","Bash","Perfected Strike+1","Twin Strike","Metallicize","Entrench","Ghostly Armor+1","Cleave","Wild Strike","Barricade","Twin Strike+1","Apotheosis+1","Panacea","Metallicize","Metallicize","Whirlwind+1","Entrench","Twin Strike+1","Metallicize","Perfected Strike+1","Offering","Body Slam+1","Reaper","Offering+1","Flex+1","Panacea+1","Burning Pact+1","Entrench+1"],"relics":["Burning Blood","Shovel","Matryoshka","Centennial Puzzle","Blue Candle","Mark of Pain","Vajra","Smiling Mask","Ancient Tea Set","Happy Flower","War Paint","Anchor","Red Mask","Magic Flower","Singing Bowl","Velvet Choker","Toxic Egg 2","Prayer Wheel","Shuriken","Red Skull","Pen Nib","Pear","Bottled Lightning","Lantern"],"potions_floor_usage":[6,11,16,20,22,28,31,33,50,55,55,55],"damage_taken":[{"damage":5,"enemies":"Cultist","floor":1,"turns":4},{"damage":2,"enemies":"Small Slimes","floor":2,"turns":3},{"damage":6,"enemies":"Jaw Worm","floor":3,"turns":2},{"damage":20,"enemies":"Lots of Slimes","floor":5,"turns":5},{"damage":30,"enemies":"Lagavulin","floor":6,"turns":6},{"damage":39,"enemies":"Gremlin Nob","floor":11,"turns":6},{"damage":5,"enemies":"3 Louse","floor":12,"turns":3},{"damage":0,"enemies":"Exordium Thugs","floor":14,"turns":4},{"damage":44,"enemies":"Slime Boss","floor":16,"turns":10},{"damage":26,"enemies":"Chosen","floor":18,"turns":5},{"damage":3,"enemies":"3 Byrds","floor":20,"turns":3},{"damage":18,"enemies":"Snake Plant","floor":22,"turns":5},{"damage":2,"enemies":"Sentry and Sphere","floor":23,"turns":5},{"damage":4,"enemies":"Masked Bandits","floor":28,"turns":4},{"damage":21,"enemies":"Shelled Parasite and Fungi","floor":29,"turns":5},{"damage":0,"enemies":"Colosseum Slavers","floor":31,"turns":3},{"damage":7,"enemies":"Colosseum Nobs","floor":31,"turns":5},{"damage":30,"enemies":"Collector","floor":33,"turns":10},{"damage":17,"enemies":"3 Shapes","floor":35,"turns":3},{"damage":6,"enemies":"Mind Bloom Boss Battle","floor":38,"turns":8},{"damage":0,"enemies":"Orb Walker","floor":39,"turns":2},{"damage":10,"enemies":"Giant Head","floor":41,"turns":8},{"damage":31,"enemies":"Writhing Mass","floor":42,"turns":5},{"damage":31,"enemies":"3 Darklings","floor":46,"turns":5},{"damage":0,"enemies":"Spire Growth","floor":48,"turns":5},{"damage":71,"enemies":"Time Eater","floor":50,"turns":15},{"damage":55,"enemies":"Shield and Spear","floor":54,"turns":6},{"damage":104,"enemies":"The Heart","floor":55,"turns":6}],"seed_played":"-4584392251164100","potions_obtained":[{"floor":2,"key":"SpeedPotion"},{"floor":5,"key":"GamblersBrew"},{"floor":11,"key":"AttackPotion"},{"floor":16,"key":"Energy Potion"},{"floor":18,"key":"LiquidBronze"},{"floor":22,"key":"Block Potion"},{"floor":23,"key":"LiquidBronze"},{"floor":31,"key":"Strength Potion"},{"floor":35,"key":"Fire Potion"},{"floor":39,"key":"Dexterity Potion"},{"floor":48,"key":"SkillPotion"},{"floor":54,"key":"EssenceOfSteel"}],"is_trial":false,"path_per_floor":["M","M","M","$","M","E","?","R","T","?","E","M","R","M","R","B",null,"M","$","M","?","M","M","R","T","T","R","?","M","$","?","R","B",null,"M","$","?","?","M","R","E","M","T","R","T","M","R","M","R","B",null,"R","$","E","B"],"character_chosen":"IRONCLAD","items_purchased":["Apotheosis","Panacea","Vajra","Metallicize","Toxic Egg 2","Panacea+1","Burning Pact+1","PowerPotion"],"campfire_rested":3,"item_purchase_floors":[19,19,19,30,36,53,53,53],"current_hp_per_floor":[80,80,80,80,66,42,42,66,66,66,33,34,34,40,64,26,80,60,60,63,63,51,55,55,55,55,55,57,42,42,47,71,50,80,74,74,74,79,84,84,85,72,72,72,72,66,66,87,97,46,102,102,102,56,0],"gold":49,"neow_bonus":"THREE_CARDS","is_prod":false,"is_daily":false,"chose_seed":false,"campfire_upgraded":2,"win_rate":0,"timestamp":1548122655,"path_taken":["M","M","M","$","?","E","?","R","T","?","E","?","R","M","R","BOSS","M","$","M","?","?","M","R","?","T","R","?","M","?","?","R","BOSS","M","$","?","?","M","R","E","M","T","R","?","M","R","?","R","BOSS","R","$","E","BOSS"],"build_version":"2019-01-17v2","purchased_purges":1,"victory":false,"max_hp_per_floor":[80,80,80,80,80,80,80,80,80,80,80,80,80,80,80,80,80,80,80,80,80,80,80,80,80,80,80,80,80,80,80,80,80,80,82,82,82,84,84,84,86,86,86,86,86,88,88,92,102,102,102,102,102,102,102],"card_choices":[{"not_picked":["Armaments","Clash"],"picked":"Perfected Strike","floor":1},{"not_picked":["Clothesline","True Grit"],"picked":"Twin Strike","floor":2},{"not_picked":["Hemokinesis","Bludgeon"],"picked":"Metallicize","floor":3},{"not_picked":["Anger","True Grit","Headbutt"],"picked":"SKIP","floor":5},{"not_picked":["Corruption","Sever Soul"],"picked":"Entrench","floor":6},{"not_picked":["Sword Boomerang","Offering"],"picked":"Ghostly Armor","floor":11},{"not_picked":["Flex","Headbutt"],"picked":"Cleave","floor":12},{"not_picked":["Fire Breathing","Searing Blow"],"picked":"Wild Strike","floor":14},{"not_picked":["Double Tap","Feed"],"picked":"Barricade","floor":16},{"not_picked":["Clash","Intimidate"],"picked":"Twin Strike+1","floor":18},{"not_picked":["Pommel Strike","Corruption"],"picked":"Metallicize","floor":20},{"not_picked":["Rupture","Warcry","Headbutt"],"picked":"SKIP","floor":22},{"not_picked":["Fire Breathing+1","Pommel Strike"],"picked":"Whirlwind+1","floor":23},{"not_picked":["Warcry","Cleave+1"],"picked":"Entrench","floor":28},{"not_picked":["Havoc","Clash+1"],"picked":"Twin Strike+1","floor":29},{"not_picked":["Searing Blow","Thunderclap"],"picked":"Perfected Strike","floor":31},{"not_picked":["Juggernaut","Limit Break"],"picked":"Offering","floor":33},{"not_picked":["Warcry","Sword Boomerang+1","Clash"],"picked":"Singing Bowl","floor":35},{"not_picked":["Wild Strike","Sword Boomerang","Havoc+1"],"picked":"Singing Bowl","floor":38},{"not_picked":["Rage+1","Wild Strike+1"],"picked":"Body Slam+1","floor":39},{"not_picked":["Fire Breathing+1","Havoc+1"],"picked":"Reaper","floor":39},{"not_picked":["Warcry+1","Thunderclap+1","Shrug It Off+1"],"picked":"Singing Bowl","floor":41},{"not_picked":["Armaments+1","Spot Weakness+1"],"picked":"Offering+1","floor":42},{"not_picked":["Carnage+1","Cleave+1","Shockwave+1"],"picked":"SKIP","floor":42},{"not_picked":["Cleave+1","Heavy Blade+1","Clash+1"],"picked":"Singing Bowl","floor":46},{"not_picked":["Heavy Blade+1","Wild Strike"],"picked":"Flex+1","floor":46},{"not_picked":["Bloodletting+1","Havoc+1","Disarm+1"],"picked":"Singing Bowl","floor":48},{"not_picked":["Headbutt+1","Shrug It Off+1","Flex+1"],"picked":"Singing Bowl","floor":48},{"not_picked":["Infernal Blade+1","Burning Pact+1"],"picked":"Entrench+1","floor":54}],"player_experience":533984,"relics_obtained":[{"floor":6,"key":"Shovel"},{"floor":9,"key":"Matryoshka"},{"floor":11,"key":"Centennial Puzzle"},{"floor":13,"key":"Blue Candle"},{"floor":24,"key":"Smiling Mask"},{"floor":25,"key":"Ancient Tea Set"},{"floor":25,"key":"Happy Flower"},{"floor":26,"key":"War Paint"},{"floor":26,"key":"Anchor"},{"floor":28,"key":"Red Mask"},{"floor":31,"key":"Magic Flower"},{"floor":31,"key":"Singing Bowl"},{"floor":38,"key":"Prayer Wheel"},{"floor":41,"key":"Shuriken"},{"floor":45,"key":"Red Skull"},{"floor":47,"key":"Pen Nib"},{"floor":49,"key":"Pear"},{"floor":52,"key":"Bottled Lightning"},{"floor":54,"key":"Lantern"}],"event_choices":[{"damage_healed":0,"gold_gain":0,"player_choice":"Grow","damage_taken":0,"max_hp_gain":0,"max_hp_loss":0,"event_name":"Living Wall","floor":7,"gold_loss":0,"cards_upgraded":["Perfected Strike"]},{"damage_healed":0,"gold_gain":100,"player_choice":"Pray","damage_taken":0,"max_hp_gain":0,"max_hp_loss":0,"event_name":"Golden Shrine","floor":10,"gold_loss":0},{"damage_healed":0,"gold_gain":0,"player_choice":"Copied","damage_taken":0,"max_hp_gain":0,"max_hp_loss":0,"event_name":"Duplicator","floor":21,"gold_loss":0,"cards_obtained":["Metallicize"]},{"damage_healed":0,"gold_gain":0,"player_choice":"Fought Bandits","damage_taken":0,"max_hp_gain":0,"max_hp_loss":0,"event_name":"Masked Bandits","floor":28,"gold_loss":0},{"damage_healed":0,"gold_gain":0,"player_choice":"Fight","damage_taken":0,"max_hp_gain":0,"max_hp_loss":0,"event_name":"Colosseum","floor":31,"gold_loss":0},{"damage_healed":0,"gold_gain":0,"player_choice":"Fought Nobs","damage_taken":0,"max_hp_gain":0,"max_hp_loss":0,"event_name":"Colosseum","floor":31,"gold_loss":0},{"cards_removed":["Defend_R"],"damage_healed":0,"gold_gain":0,"player_choice":"Removed Skill","damage_taken":0,"max_hp_gain":0,"max_hp_loss":0,"event_name":"Falling","floor":37,"gold_loss":0},{"damage_healed":0,"gold_gain":0,"player_choice":"Fight","damage_taken":0,"max_hp_gain":0,"max_hp_loss":0,"event_name":"MindBloom","floor":38,"gold_loss":0}],"is_beta":false,"boss_relics":[{"not_picked":["Lizard Tail","Empty Cage"],"picked":"Mark of Pain"},{"not_picked":["Snecko Eye","Astrolabe"],"picked":"Velvet Choker"}],"items_purged_floors":[4],"is_endless":false,"potions_floor_spawned":[2,5,11,16,18,22,23,31,35,39,48,54],"killed_by":"The Heart","ascension_level":0}