{"gold_per_floor":[112,126,137,137,153,153,180,180,227,7,33,33,33,33,33,111,111,111,56,56,56,56,56,56,56,56,56,56,56,56,56,56,56,56,56,56,2,2,2,2,2,2,2,2,2,2,2,2,2,2],"floor_reached":50,"playtime":3938,"items_purged":[],"score":1011,"play_id":"8746b3ec-74e2-41b1-840e-e7036b8117cf","local_time":"20190430155257","is_ascension_mode":true,"campfire_choices":[{"data":"Beam Cell","floor":6,"key":"SMITH"},{"floor":8,"key":"REST"},{"data":"Fission","floor":12,"key":"SMITH"},{"floor":15,"key":"REST"},{"data":"White Noise","floor":24,"key":"SMITH"},{"floor":27,"key":"REST"},{"data":"Coolheaded","floor":32,"key":"SMITH"},{"data":"Seek","floor":40,"key":"SMITH"},{"data":"Go for the Eyes","floor":42,"key":"SMITH"},{"data":"Hologram","floor":45,"key":"SMITH"},{"data":"Beam Cell","floor":49,"key":"SMITH"}],"neow_cost":"NONE","seed_source_timestamp":10794448754508,"circlet_count":0,"master_deck":["AscendersBane","Strike_B","Strike_B","Strike_B","Defend_B","Defend_B","Defend_B","Defend_B","Zap","Dualcast","Cold Snap","Gash","Skim","Beam Cell+1","Skim","Gash","Biased Cognition+1","Coolheaded+1","Fission+1","All For One","Defragment+1","Coolheaded+1","Cold Snap","White Noise+1","Defragment+1","Necronomicurse","BootSequence+1","Redo+1","Seek+1","Stack+1","White Noise","Go for the Eyes+1","Hologram+1","Hologram+1","Beam Cell+1"],"relics":["Cracked Core","Frozen Egg 2","Bag of Preparation","Happy Flower","Ectoplasm","Bird Faced Urn","Necronomicon","Meat on the Bone","Strawberry","Runic Dome","Turnip","Letter Opener","Sundial","Art of War"],"potions_floor_usage":[2,7,21,23,33,50,50],"damage_taken":[{"damage":11,"enemies":"Small Slimes","floor":1,"turns":3},{"damage":6,"enemies":"2 Louse","floor":2,"turns":2},{"damage":2,"enemies":"Jaw Worm","floor":3,"turns":4},{"damage":4,"enemies":"Blue Slaver","floor":5,"turns":4},{"damage":28,"enemies":"3 Sentries","floor":7,"turns":9},{"damage":10,"enemies":"Lagavulin","floor":11,"turns":6},{"damage":9,"enemies":"Slime Boss","floor":16,"turns":10},{"damage":0,"enemies":"Chosen","floor":18,"turns":3},{"damage":8,"enemies":"3 Byrds","floor":21,"turns":3},{"damage":10,"enemies":"Snake Plant","floor":22,"turns":4},{"damage":3,"enemies":"Book of Stabbing","floor":23,"turns":4},{"damage":24,"enemies":"Slavers","floor":28,"turns":3},{"damage":9,"enemies":"Snecko","floor":30,"turns":4},{"damage":0,"enemies":"3 Cultists","floor":31,"turns":4},{"damage":16,"enemies":"Collector","floor":33,"turns":7},{"damage":0,"enemies":"3 Shapes","floor":35,"turns":1},{"damage":3,"enemies":"3 Darklings","floor":36,"turns":5},{"damage":0,"enemies":"Mind Bloom Boss Battle","floor":38,"turns":8},{"damage":11,"enemies":"Reptomancer","floor":41,"turns":7},{"damage":7,"enemies":"Giant Head","floor":44,"turns":6},{"damage":12,"enemies":"Writhing Mass","floor":46,"turns":5},{"damage":4,"enemies":"Transient","floor":47,"turns":5},{"damage":0,"enemies":"Spire Growth","floor":48,"turns":4},{"damage":103,"enemies":"Donu and Deca","floor":50,"turns":11}],"seed_played":"4065340195177584897","potions_obtained":[{"floor":1,"key":"Fire Potion"},{"floor":5,"key":"FocusPotion"},{"floor":11,"key":"LiquidBronze"},{"floor":21,"key":"EssenceOfSteel"},{"floor":23,"key":"FearPotion"},{"floor":28,"key":"Fire Potion"},{"floor":35,"key":"Energy Potion"}],"is_trial":false,"path_per_floor":["M","M","M","?","M","R","E","R","T","$","E","R","?","?","R","B",null,"M","$","?","M","M","E","R","?","T","R","E","$","M","M","R","B",null,"M","M","$","?","?","R","E","R","T","E","R","M","M","M","R","B"],"character_chosen":"DEFECT","items_purchased":["Biased Cognition+1","Coolheaded","Coolheaded","Go for the Eyes"],"campfire_rested":3,"item_purchase_floors":[10,10,19,37],"current_hp_per_floor":[53,47,45,38,34,34,6,27,27,27,17,17,17,17,38,29,61,61,61,61,53,43,40,40,19,19,40,39,39,48,60,60,52,72,78,75,75,78,78,78,69,69,69,72,72,74,74,78,78,0],"gold":2,"neow_bonus":"THREE_CARDS","is_prod":false,"is_daily":false,"chose_seed":false,"campfire_upgraded":8,"win_rate":0,"timestamp":1556632377,"path_taken":["M","M","M","?","M","R","E","R","T","$","E","R","?","?","R","BOSS","M","$","?","M","M","E","R","?","T","R","E","$","M","M","R","BOSS","M","M","$","?","?","R","E","R","T","E","R","M","M","?","R","BOSS"],"build_version":"2019-01-23","purchased_purges":0,"victory":false,"max_hp_per_floor":[71,71,71,71,71,71,71,71,71,71,71,71,71,71,71,71,71,71,71,71,71,71,71,71,71,71,71,78,78,78,78,78,78,78,78,78,78,78,78,78,78,78,78,78,78,78,78,78,78,78],"card_choices":[{"not_picked":["Recycle","Redo"],"picked":"Cold Snap","floor":0},{"not_picked":["Darkness","FTL"],"picked":"Gash","floor":1},{"not_picked":["Redo","White Noise"],"picked":"Skim","floor":2},{"not_picked":["Turbo","Barrage"],"picked":"Beam Cell","floor":3},{"not_picked":["Defragment","Blizzard"],"picked":"Skim","floor":5},{"not_picked":["Echo Form","FTL"],"picked":"Gash","floor":7},{"not_picked":["Ball Lightning","Reprogram"],"picked":"Fission","floor":11},{"not_picked":["Hyperbeam","Creative AI+1"],"picked":"All For One","floor":16},{"not_picked":["Doom and Gloom","Stack"],"picked":"Defragment+1","floor":18},{"not_picked":["Turbo","Stack"],"picked":"Cold Snap","floor":21},{"not_picked":["Reinforced Body","Turbo"],"picked":"White Noise","floor":22},{"not_picked":["Thunder Strike","Compile Driver"],"picked":"Defragment+1","floor":23},{"not_picked":["Melter","Recycle+1","Tempest"],"picked":"SKIP","floor":28},{"not_picked":["Static Discharge+1","Hello World+1"],"picked":"BootSequence+1","floor":30},{"not_picked":["Hologram","White Noise"],"picked":"Redo+1","floor":31},{"not_picked":["Electrodynamics+1","Reboot"],"picked":"Seek","floor":33},{"not_picked":["Conserve Battery","Sweeping Beam+1"],"picked":"Stack+1","floor":35},{"not_picked":["Compile Driver","Fusion"],"picked":"White Noise","floor":36},{"not_picked":["Ball Lightning+1","Barrage"],"picked":"Hologram+1","floor":38},{"not_picked":["Force Field","Barrage","Turbo+1"],"picked":"SKIP","floor":41},{"not_picked":["Self Repair+1","Skim"],"picked":"Hologram","floor":44},{"not_picked":["Turbo","Stack+1","Coolheaded"],"picked":"SKIP","floor":46},{"not_picked":["Leap","Undo+1","Steam"],"picked":"SKIP","floor":47},{"not_picked":["Rebound","Streamline"],"picked":"Beam Cell","floor":48}],"player_experience":301093,"relics_obtained":[{"floor":7,"key":"Frozen Egg 2"},{"floor":9,"key":"Bag of Preparation"},{"floor":11,"key":"Happy Flower"},{"floor":23,"key":"Bird Faced Urn"},{"floor":25,"key":"Necronomicon"},{"floor":26,"key":"Meat on the Bone"},{"floor":28,"key":"Strawberry"},{"floor":38,"key":"Turnip"},{"floor":41,"key":"Letter Opener"},{"floor":43,"key":"Sundial"},{"floor":44,"key":"Art of War"}],"event_choices":[{"cards_removed":["Strike_B"],"damage_healed":0,"gold_gain":0,"player_choice":"Card Removal","damage_taken":7,"max_hp_gain":0,"max_hp_loss":0,"event_name":"Golden Wing","floor":4,"gold_loss":0},{"damage_healed":0,"gold_gain":0,"player_choice":"Ignored","damage_taken":0,"max_hp_gain":0,"max_hp_loss":0,"event_name":"Shining Light","floor":13,"gold_loss":0},{"damage_healed":0,"gold_gain":0,"player_choice":"Grow","damage_taken":0,"max_hp_gain":0,"max_hp_loss":0,"event_name":"Living Wall","floor":14,"gold_loss":0,"cards_upgraded":["Coolheaded"]},{"damage_healed":0,"gold_gain":0,"player_choice":"Ignored","damage_taken":0,"max_hp_gain":0,"max_hp_loss":0,"event_name":"The Mausoleum","floor":20,"gold_loss":0},{"damage_healed":0,"gold_gain":0,"player_choice":"Obtained Book","damage_taken":21,"max_hp_gain":0,"max_hp_loss":0,"event_name":"Cursed Tome","floor":25,"gold_loss":0},{"damage_healed":0,"gold_gain":0,"player_choice":"Fight","damage_taken":0,"max_hp_gain":0,"max_hp_loss":0,"event_name":"MindBloom","floor":38,"gold_loss":0},{"damage_healed":0,"gold_gain":0,"player_choice":"0 cards matched","damage_taken":0,"max_hp_gain":0,"max_hp_loss":0,"event_name":"Match and Keep!","floor":39,"gold_loss":0,"cards_obtained":[]}],"is_beta":false,"boss_relics":[{"not_picked":["Lizard Tail","Coffee Dripper"],"picked":"Ectoplasm"},{"not_picked":["Snecko Eye","Calling Bell"],"picked":"Runic Dome"}],"items_purged_floors":[],"is_endless":false,"potions_floor_spawned":[1,5,11,21,23,28,31,35,46],"killed_by":"Donu and Deca","ascension_level":16}