{"gold_per_floor":[216,39,39,53,69,69,100,117,117,133,5,38,49,61,61,135,135,151,151,33,48,48,48,60,75,75,75,92,107,107,135,135,211,211,231,246,246,0,0,0,0,18,18,52,52,77,77,77,77,77,77,77,43,70,70],"floor_reached":55,"playtime":2072,"items_purged":["Strike_R","Strike_R","Bash"],"score":1237,"play_id":"fe3bb7bc-7583-4baa-bb10-200107b941b2","local_time":"20190320194928","is_ascension_mode":true,"campfire_choices":[{"data":"Armaments","floor":6.0,"key":"SMITH"},{"data":"Whirlwind","floor":15.0,"key":"SMITH"},{"data":"Corruption","floor":23.0,"key":"SMITH"},{"data":"Inflame","floor":27.0,"key":"SMITH"},{"data":"Fiend Fire","floor":30.0,"key":"SMITH"},{"data":"Inflame","floor":32.0,"key":"SMITH"},{"floor":41.0,"key":"RECALL"},{"floor":45,"key":"REST"},{"data":"Limit Break","floor":47,"key":"SMITH"},{"data":"Shrug It Off","floor":49,"key":"SMITH"},{"floor":52,"key":"REST"}],"neow_cost":"NONE","seed_source_timestamp":634350739022174,"circlet_count":0,"master_deck":["AscendersBane","Defend_R","Defend_R","Defend_R","Defend_R","Inflame+1","Inflame+1","Anger","Armaments+1","Pummel","Whirlwind+1","Immolate","Flex+1","Battle Trance+1","Shockwave+1","Corruption+1","Fiend Fire+1","Exhume","Limit Break+1","Shrug It Off+1","Shrug It Off+1","Disarm","Clothesline+1"],"special_seed":0,"relics":["Burning Blood","Lantern","Smiling Mask","Sundial","Pear","Astrolabe","Nloth\u0027s Gift","Meat on the Bone","Boot","Runic Dome","ClockworkSouvenir","Red Mask","Bag of Preparation","Turnip","Ice Cream"],"potions_floor_usage":[55,55],"damage_taken":[{"damage":9.0,"enemies":"Jaw Worm","floor":1.0,"turns":4.0},{"damage":0.0,"enemies":"Small Slimes","floor":4.0,"turns":2.0},{"damage":1.0,"enemies":"Cultist","floor":5.0,"turns":3.0},{"damage":15.0,"enemies":"Lagavulin","floor":7.0,"turns":5.0},{"damage":13.0,"enemies":"Blue Slaver","floor":8.0,"turns":4.0},{"damage":5.0,"enemies":"Lots of Slimes","floor":10.0,"turns":4.0},{"damage":28.0,"enemies":"3 Sentries","floor":12.0,"turns":6.0},{"damage":0.0,"enemies":"Gremlin Gang","floor":13.0,"turns":1.0},{"damage":3.0,"enemies":"Blue Slaver","floor":14.0,"turns":3.0},{"damage":15.0,"enemies":"Slime Boss","floor":16.0,"turns":7.0},{"damage":29.0,"enemies":"Shell Parasite","floor":18.0,"turns":5.0},{"damage":3.0,"enemies":"Chosen","floor":21.0,"turns":4.0},{"damage":10.0,"enemies":"Centurion and Healer","floor":24.0,"turns":4.0},{"damage":4.0,"enemies":"Chosen and Byrds","floor":25.0,"turns":4.0},{"damage":3.0,"enemies":"Cultist and Chosen","floor":28.0,"turns":3.0},{"damage":16.0,"enemies":"Snecko","floor":29.0,"turns":4.0},{"damage":12.0,"enemies":"Gremlin Leader","floor":31.0,"turns":4.0},{"damage":25.0,"enemies":"Collector","floor":33.0,"turns":4.0},{"damage":21.0,"enemies":"3 Darklings","floor":35.0,"turns":4.0},{"damage":6.0,"enemies":"3 Shapes","floor":36.0,"turns":5.0},{"damage":9,"enemies":"Writhing Mass","floor":42,"turns":4},{"damage":27,"enemies":"Nemesis","floor":44,"turns":4},{"damage":8,"enemies":"Giant Head","floor":46,"turns":5},{"damage":37,"enemies":"Time Eater","floor":50,"turns":5},{"damage":36,"enemies":"Shield and Spear","floor":54,"turns":4},{"damage":56,"enemies":"The Heart","floor":55,"turns":6}],"seed_played":"7529671710598683340","potions_obtained":[{"floor":1.0,"key":"Fire Potion"},{"floor":7.0,"key":"AttackPotion"},{"floor":10.0,"key":"Strength Potion"},{"floor":16.0,"key":"Swift Potion"},{"floor":35.0,"key":"Strength Potion"},{"floor":46,"key":"FearPotion"}],"is_trial":false,"path_per_floor":["M","$","?","M","M","R","E","M","T","M","$","E","M","M","R","B",null,"M","?","$","M","?","R","M","M","T","R","M","M","R","E","R","B",null,"M","M","?","$","?","$","R","M","T","E","R","E","R","$","R","B",null,"R","$","E","B"],"character_chosen":"IRONCLAD","items_purchased":["Lantern","Inflame","Whirlwind","Corruption","ClockworkSouvenir","Disarm"],"campfire_rested":2,"item_purchase_floors":[2,2,11,20,38,53],"current_hp_per_floor":[65,65,70,76,80,80,71,64,64,65,65,53,59,62,62,53,81,58,58,58,63,63,63,59,61,61,61,64,54,54,60,60,53,81,66,66,66,66,66,66,66,63,63,54,79,77,77,77,77,58,78,85,85,55,0],"gold":70,"neow_bonus":"HUNDRED_GOLD","is_prod":false,"is_daily":false,"chose_seed":false,"campfire_upgraded":8,"win_rate":0,"timestamp":1553125768,"path_taken":["M","$","?","M","M","R","E","M","T","M","$","E","M","M","R","BOSS","M","?","$","?","?","R","?","M","T","R","?","M","R","E","R","BOSS","M","M","?","$","?","?","R","M","T","E","R","E","R","$","R","BOSS","R","$","E","BOSS"],"build_version":"2019-03-15","purchased_purges":3,"victory":false,"max_hp_per_floor":[75,75,80,80,80,80,80,80,80,80,80,90,90,90,90,90,90,90,90,90,90,90,90,90,90,90,90,90,90,90,90,90,90,90,90,90,85,85,85,85,85,85,85,85,85,85,85,85,85,85,85,85,85,85,85],"card_choices":[{"not_picked":["Heavy Blade","Clothesline"],"picked":"Inflame","floor":1.0},{"not_picked":["Thunderclap","Clothesline"],"picked":"Anger","floor":4.0},{"not_picked":["Flex","Dual Wield"],"picked":"Armaments","floor":5.0},{"not_picked":["Iron Wave","Wild Strike","Body Slam"],"picked":"SKIP","floor":7.0},{"not_picked":["Perfected Strike","Sentinel","Body Slam"],"picked":"SKIP","floor":8.0},{"not_picked":["Reckless Charge","Dual Wield"],"picked":"Pummel","floor":10.0},{"not_picked":["Headbutt","Second Wind","Exhume"],"picked":"SKIP","floor":12.0},{"not_picked":["Dropkick","Havoc","Body Slam"],"picked":"SKIP","floor":13.0},{"not_picked":["Anger","Iron Wave","Corruption"],"picked":"SKIP","floor":14.0},{"not_picked":["Bludgeon","Exhume"],"picked":"Immolate","floor":16.0},{"not_picked":["Thunderclap+1","Flex"],"picked":"Shockwave+1","floor":18.0},{"not_picked":["Blood for Blood","Clash","Heavy Blade"],"picked":"SKIP","floor":21.0},{"not_picked":["Wild Strike+1","Body Slam"],"picked":"Fiend Fire","floor":24.0},{"not_picked":["Wild Strike","Seeing Red"],"picked":"Exhume","floor":25.0},{"not_picked":["Wild Strike","Reckless Charge","Clash"],"picked":"SKIP","floor":28.0},{"not_picked":["Fire Breathing","Body Slam","Combust"],"picked":"SKIP","floor":29.0},{"not_picked":["Double Tap","Wild Strike","Iron Wave"],"picked":"SKIP","floor":31.0},{"not_picked":["Feed","Bludgeon"],"picked":"Limit Break","floor":33.0},{"not_picked":["Rampage","Headbutt"],"picked":"Shrug It Off","floor":35.0},{"not_picked":["Sword Boomerang","Pommel Strike+1","Body Slam"],"picked":"SKIP","floor":36.0},{"not_picked":["Sword Boomerang","Fire Breathing","Headbutt"],"picked":"SKIP","floor":42},{"not_picked":["Iron Wave+1","Immolate","Reckless Charge+1"],"picked":"SKIP","floor":44},{"not_picked":["Sentinel","Metallicize"],"picked":"Shrug It Off+1","floor":46},{"not_picked":["Heavy Blade","Flex"],"picked":"Clothesline+1","floor":54}],"player_experience":2237201,"relics_obtained":[{"floor":7.0,"key":"Smiling Mask"},{"floor":9.0,"key":"Sundial"},{"floor":12.0,"key":"Pear"},{"floor":26.0,"key":"Meat on the Bone"},{"floor":31.0,"key":"Boot"},{"floor":44,"key":"Bag of Preparation"},{"floor":46,"key":"Turnip"},{"floor":54,"key":"Ice Cream"}],"event_choices":[{"damage_healed":0.0,"max_hp_gain":5.0,"max_hp_loss":0.0,"gold_gain":0.0,"event_name":"Big Fish","player_choice":"Donut","floor":3.0,"gold_loss":0.0,"damage_taken":0.0},{"cards_removed":["Perfected Strike"],"damage_healed":0.0,"max_hp_gain":0.0,"max_hp_loss":0.0,"gold_gain":0.0,"event_name":"WeMeetAgain","player_choice":"Gave Card","floor":19.0,"gold_loss":0.0,"damage_taken":0.0,"relics_obtained":["Blood Vial"]},{"damage_healed":0.0,"max_hp_gain":0.0,"max_hp_loss":0.0,"gold_gain":0.0,"event_name":"N\u0027loth","player_choice":"Traded Relic","floor":22.0,"relics_lost":["Blood Vial"],"gold_loss":0.0,"damage_taken":0.0,"relics_obtained":["Nloth\u0027s Gift"]},{"damage_healed":0.0,"max_hp_gain":0.0,"max_hp_loss":5.0,"gold_gain":0.0,"event_name":"Winding Halls","player_choice":"Max HP","floor":37.0,"gold_loss":0.0,"damage_taken":0.0},{"damage_healed":0.0,"max_hp_gain":0.0,"max_hp_loss":0.0,"gold_gain":0.0,"event_name":"Tomb of Lord Red Mask","player_choice":"Paid","floor":39.0,"gold_loss":0.0,"damage_taken":0.0,"relics_obtained":["Red Mask"]}],"is_beta":true,"boss_relics":[{"not_picked":["Fusion Hammer","Eternal Feather"],"picked":"Astrolabe"},{"not_picked":["Runic Cube","Pandora\u0027s Box"],"picked":"Runic Dome"}],"items_purged_floors":[11,20,38],"is_endless":false,"potions_floor_spawned":[1,7,10,16,18,25,29,31,35,44,46],"killed_by":"The Heart","ascension_level":15}