{"gold_per_floor":[111,186,186,202,51,51,64,10,34,34,20,32,32,44,44,120,120,60,79,79,91,110,110,135,151,151,151,164,184,184,195,195,269,269,280,280,280,300,99,128,128,128,151,51,51,69,84,119,131,143],"floor_reached":51,"playtime":1940,"items_purged":["Strike_B","Writhe","Strike_B"],"score":1421,"play_id":"e37a6658-9083-4752-8021-e63ffa340172","local_time":"20180804231821","is_ascension_mode":true,"campfire_choices":[{"data":"Zap","floor":6,"key":"SMITH"},{"data":"Defragment","floor":10,"key":"SMITH"},{"data":"Dualcast","floor":13,"key":"SMITH"},{"data":"Go for the Eyes","floor":15,"key":"SMITH"},{"data":"Defragment","floor":23,"key":"SMITH"},{"data":"Creative AI","floor":27,"key":"SMITH"},{"data":"Loop","floor":30,"key":"SMITH"},{"floor":32,"key":"REST"},{"data":"Defragment","floor":42,"key":"SMITH"},{"data":"Buffer","floor":45,"key":"SMITH"},{"floor":49,"key":"REST"}],"neow_cost":"NONE","seed_source_timestamp":222588565144876,"circlet_count":0,"master_deck":["Strike_B","Strike_B","Defend_B","Defend_B","Defend_B","Defend_B","Zap+1","Dualcast+1","AscendersBane","Machine Learning","Cold Snap","Glacier+1","Defragment+1","Glacier","Conserve Battery","Coolheaded","Go for the Eyes+1","Creative AI+1","Loop+1","Defragment+1","Loop","Cold Snap","Leap+1","Electrodynamics","Buffer+1","Defragment+1","Storm","Reboot","Defragment+1"],"relics":["Cracked Core","Bag of Marbles","Runic Dome","Juzu Bracelet","The Courier","Busted Crown","Boot","War Paint","MawBank"],"potions_floor_usage":[11,11,28],"damage_taken":[{"damage":7,"enemies":"Jaw Worm","floor":1,"turns":3},{"damage":8,"enemies":"2 Louse","floor":4,"turns":3},{"damage":0,"enemies":"Cultist","floor":7,"turns":3},{"damage":9,"enemies":"Exordium Thugs","floor":11,"turns":6},{"damage":1,"enemies":"Looter","floor":12,"turns":4},{"damage":4,"enemies":"3 Louse","floor":14,"turns":3},{"damage":0,"enemies":"The Guardian","floor":16,"turns":15},{"damage":19,"enemies":"2 Thieves","floor":18,"turns":4},{"damage":0,"enemies":"Shell Parasite","floor":19,"turns":8},{"damage":14,"enemies":"3 Cultists","floor":21,"turns":8},{"damage":1,"enemies":"Snecko","floor":22,"turns":5},{"damage":0,"enemies":"Book of Stabbing","floor":24,"turns":10},{"damage":0,"enemies":"Centurion and Healer","floor":25,"turns":12},{"damage":6,"enemies":"3 Cultists","floor":28,"turns":7},{"damage":2,"enemies":"Snecko","floor":29,"turns":8},{"damage":12,"enemies":"Cultist and Chosen","floor":31,"turns":7},{"damage":13,"enemies":"Champ","floor":33,"turns":12},{"damage":0,"enemies":"Flame Bruiser 1 Orb","floor":35,"turns":12},{"damage":6,"enemies":"Orb Walker","floor":38,"turns":5},{"damage":7,"enemies":"Nemesis","floor":40,"turns":9},{"damage":7,"enemies":"Spire Growth","floor":46,"turns":5},{"damage":9,"enemies":"3 Darklings","floor":47,"turns":2},{"damage":0,"enemies":"Giant Head","floor":48,"turns":8},{"damage":25,"enemies":"Donu and Deca","floor":50,"turns":9}],"seed_played":"-6606263198137695743","potions_obtained":[{"floor":4,"key":"Regen Potion"},{"floor":7,"key":"Weak Potion"},{"floor":14,"key":"FairyPotion"},{"floor":19,"key":"FocusPotion"},{"floor":28,"key":"SteroidPotion"}],"is_trial":false,"path_per_floor":["M","?","?","M","$","R","M","$","T","R","M","M","R","M","R","B",null,"M","M","?","M","M","R","E","M","T","R","M","M","R","M","R","B",null,"M","?","?","M","$","E","?","R","T","$","R","M","M","E","R","B"],"character_chosen":"DEFECT","items_purchased":["Defragment","Conserve Battery","Defragment","Storm"],"campfire_rested":2,"item_purchase_floors":[5,8,39,39],"current_hp_per_floor":[57,46,46,38,38,38,38,38,38,38,43,42,42,38,38,38,63,44,44,44,30,29,29,29,29,29,29,23,21,21,9,30,17,58,58,58,71,65,65,58,58,58,58,58,58,51,42,42,63,38],"gold":155,"neow_bonus":"ONE_RANDOM_RARE_CARD","is_prod":false,"is_daily":false,"chose_seed":false,"campfire_upgraded":9,"win_rate":0,"timestamp":1533449901,"path_taken":["M","?","?","M","$","R","M","$","T","R","M","M","R","?","R","BOSS","M","M","?","M","M","R","E","M","T","R","M","M","R","M","R","BOSS","M","?","?","M","$","E","?","R","T","$","R","M","M","E","R","BOSS"],"build_version":"2018-08-01","purchased_purges":3,"victory":true,"max_hp_per_floor":[71,71,71,71,71,71,71,71,71,71,71,71,71,71,71,71,71,71,71,71,71,71,71,71,71,71,71,71,71,71,71,71,71,71,71,71,71,71,71,71,71,71,71,71,71,71,71,71,71,71],"card_choices":[{"not_picked":["Hologram","Gash"],"picked":"Cold Snap","floor":1},{"not_picked":["Steam","Sweeping Beam"],"picked":"Glacier","floor":4},{"not_picked":["Coolheaded","Gash"],"picked":"Glacier","floor":7},{"not_picked":["Beam Cell","Gash","Consume"],"picked":"SKIP","floor":11},{"not_picked":["Rebound","Streamline"],"picked":"Coolheaded","floor":12},{"not_picked":["Turbo","Consume"],"picked":"Go for the Eyes","floor":14},{"not_picked":["Machine Learning","Core Surge"],"picked":"Creative AI","floor":16},{"not_picked":["Conserve Battery","Melter+1"],"picked":"Loop","floor":18},{"not_picked":["Barrage","Turbo"],"picked":"Defragment","floor":19},{"not_picked":["Sweeping Beam","Steam","Lockon"],"picked":"SKIP","floor":21},{"not_picked":["Skim","Compile Driver+1","Hello World"],"picked":"SKIP","floor":22},{"not_picked":["Go for the Eyes","Skim","Sweeping Beam"],"picked":"SKIP","floor":24},{"not_picked":["Steam","Gash+1"],"picked":"Loop","floor":25},{"not_picked":["Turbo","Sweeping Beam"],"picked":"Cold Snap","floor":28},{"not_picked":["Static Discharge+1","Beam Cell"],"picked":"Leap","floor":29},{"not_picked":["Leap","Gash"],"picked":"Electrodynamics","floor":31},{"not_picked":["Rainbow","Biased Cognition"],"picked":"Buffer","floor":33},{"not_picked":["Recycle"],"picked":"SKIP","floor":35},{"not_picked":["Cold Snap"],"picked":"SKIP","floor":38},{"not_picked":[],"picked":"Reboot","floor":40},{"not_picked":["Turbo"],"picked":"SKIP","floor":46},{"not_picked":["Gash"],"picked":"SKIP","floor":47},{"not_picked":["Rip and Tear"],"picked":"SKIP","floor":48}],"player_experience":843922,"relics_obtained":[{"floor":9,"key":"Bag of Marbles"},{"floor":24,"key":"Juzu Bracelet"},{"floor":26,"key":"The Courier"},{"floor":40,"key":"Boot"},{"floor":43,"key":"War Paint"},{"floor":48,"key":"MawBank"}],"event_choices":[{"event_name":"World of Goop","player_choice":"Gather Gold","floor":2,"damage_taken":0},{"event_name":"Liars Game","player_choice":"disagreed","floor":3,"damage_taken":0},{"event_name":"Addict","player_choice":"Ignored","floor":20,"damage_taken":0},{"event_name":"NoteForYourself","player_choice":"Ignored","floor":36,"damage_taken":0},{"event_name":"Winding Halls","player_choice":"Writhe","floor":37,"damage_taken":0},{"event_name":"Duplicator","player_choice":"One dupe","floor":41,"damage_taken":0}],"is_beta":true,"boss_relics":[{"not_picked":["Philosopher\u0027s Stone","Pandora\u0027s Box"],"picked":"Runic Dome"},{"not_picked":["White Beast Statue","Calling Bell"],"picked":"Busted Crown"}],"items_purged_floors":[5,39,44],"is_endless":false,"potions_floor_spawned":[4,7,14,19,28,31,33,40,48],"ascension_level":15}