{"gold_per_floor":[119,119,44,44,55,89,89,118,199,199,209,222,222,222,222,222],"floor_reached":16,"playtime":335,"items_purged":["Strike_R"],"score":233,"play_id":"6ac81a99-7963-4351-bc8e-34afbca24e50","local_time":"20181225115906","is_ascension_mode":true,"campfire_choices":[{"data":"Warcry","floor":7,"key":"SMITH"},{"data":"Inflame","floor":10,"key":"SMITH"},{"data":"Corruption","floor":13,"key":"SMITH"},{"data":"Ghostly Armor","floor":15,"key":"SMITH"}],"neow_cost":"NONE","seed_source_timestamp":177539092413126,"circlet_count":0,"master_deck":["AscendersBane","Strike_R","Strike_R+1","Strike_R","Defend_R","Defend_R","Defend_R","Defend_R","Bash+1","Pommel Strike+1","Ghostly Armor+1","Warcry+1","Inflame+1","Power Through","Corruption+1"],"relics":["Burning Blood","NeowsBlessing","Whetstone","Incense Burner","Darkstone Periapt","Golden Idol"],"potions_floor_usage":[16],"damage_taken":[{"damage":0,"enemies":"Jaw Worm","floor":1,"turns":1},{"damage":0,"enemies":"Cultist","floor":5,"turns":1},{"damage":0,"enemies":"Lagavulin","floor":6,"turns":1},{"damage":30,"enemies":"3 Sentries","floor":8,"turns":11},{"damage":0,"enemies":"2 Louse","floor":11,"turns":3},{"damage":0,"enemies":"2 Fungi Beasts","floor":12,"turns":5},{"damage":39,"enemies":"Hexaghost","floor":16,"turns":11}],"seed_played":"-8691054197295377709","potions_obtained":[{"floor":5,"key":"EssenceOfSteel"},{"floor":8,"key":"SmokeBomb"}],"is_trial":false,"path_per_floor":["M","?","$","?","M","E","R","E","T","R","M","M","R","?","R","B"],"character_chosen":"IRONCLAD","items_purchased":[],"campfire_rested":0,"item_purchase_floors":[],"current_hp_per_floor":[74,74,74,74,75,75,75,51,51,51,57,63,63,37,37,0],"gold":222,"neow_bonus":"THREE_ENEMY_KILL","is_prod":false,"is_daily":false,"chose_seed":false,"campfire_upgraded":4,"win_rate":0,"timestamp":1545764346,"path_taken":["M","?","$","?","?","E","R","E","T","R","M","M","R","?","R","BOSS"],"build_version":"2018-12-20","purchased_purges":1,"victory":false,"max_hp_per_floor":[75,75,75,75,75,75,75,75,75,75,75,75,75,75,75,75],"card_choices":[{"not_picked":["Clash","Flex"],"picked":"Pommel Strike","floor":1},{"not_picked":["Thunderclap","Disarm"],"picked":"Ghostly Armor","floor":5},{"not_picked":["Heavy Blade","Wild Strike"],"picked":"Warcry","floor":6},{"not_picked":["Whirlwind","Sever Soul"],"picked":"Inflame","floor":8},{"not_picked":["Heavy Blade","Havoc"],"picked":"Power Through","floor":11},{"not_picked":["Feed","Twin Strike"],"picked":"Corruption","floor":12}],"player_experience":993542,"relics_obtained":[{"floor":6,"key":"Whetstone"},{"floor":8,"key":"Incense Burner"},{"floor":9,"key":"Darkstone Periapt"}],"event_choices":[{"cards_removed":["Strike_R"],"damage_healed":0,"gold_gain":0,"player_choice":"Forget","damage_taken":0,"max_hp_gain":0,"max_hp_loss":0,"event_name":"Living Wall","floor":2,"gold_loss":0},{"damage_healed":0,"gold_gain":0,"player_choice":"Upgraded","damage_taken":0,"max_hp_gain":0,"max_hp_loss":0,"event_name":"Upgrade Shrine","floor":4,"gold_loss":0,"cards_upgraded":["Bash"]},{"damage_healed":0,"gold_gain":0,"player_choice":"Take Damage","damage_taken":26,"relics_obtained":["Golden Idol"],"max_hp_gain":0,"max_hp_loss":0,"event_name":"Golden Idol","floor":14,"gold_loss":0}],"is_beta":true,"boss_relics":[],"items_purged_floors":[3],"is_endless":false,"potions_floor_spawned":[5,8,12],"killed_by":"Hexaghost","ascension_level":15}