{"gold_per_floor":[109,120,136,50,64,64,64,94,117,146,158,158,176,193,193,268,268,282,282,34,34,46,46,246,246,319,319,353,371,383,394,394,471,471,482,495,509,557,571,571,605,605,632,72,122,153,153,170,170,170,170,170,170,10,42,42],"floor_reached":56,"playtime":2960,"items_purged":["Strike_R"],"score":1828,"play_id":"cf241b95-3c43-4b02-b5d0-7fcb531df23f","local_time":"20190502234022","is_ascension_mode":true,"campfire_choices":[{"data":"Bash","floor":6.0,"key":"SMITH"},{"data":"Whirlwind","floor":12.0,"key":"SMITH"},{"data":"Fiend Fire","floor":15.0,"key":"SMITH"},{"data":"Juggernaut","floor":23.0,"key":"SMITH"},{"data":"True Grit","floor":25.0,"key":"SMITH"},{"data":"Inflame","floor":27.0,"key":"SMITH"},{"data":"Demon Form","floor":32.0,"key":"SMITH"},{"floor":40.0,"key":"REST"},{"floor":42.0,"key":"RECALL"},{"floor":47.0,"key":"REST"},{"floor":49.0,"key":"REST"},{"floor":53.0,"key":"REST"}],"neow_cost":"NONE","seed_source_timestamp":881459430135089,"circlet_count":0,"master_deck":["AscendersBane","Strike_R","Strike_R","Strike_R","Defend_R","Defend_R+1","Defend_R","Defend_R","Bash+1","Feel No Pain","Power Through","True Grit+1","Inflame+1","Whirlwind+1","Battle Trance","Fiend Fire+1","Juggernaut+1","Corruption","Demon Form+1","Shrug It Off+1","Warcry+1","Dark Embrace","Seeing Red+1","Flame Barrier","Spot Weakness+1","Shrug It Off","Feel No Pain","Limit Break","Heavy Blade","Evolve"],"special_seed":0,"relics":["Burning Blood","Orichalcum","Vajra","Ancient Tea Set","Bronze Scales","Velvet Choker","Lantern","MutagenicStrength","Centennial Puzzle","Fusion Hammer","Mango","PreservedInsect","War Paint","Oddly Smooth Stone","Regal Pillow","Red Skull","Boot"],"potions_floor_usage":[],"damage_taken":[{"damage":5.0,"enemies":"Cultist","floor":1.0,"turns":4.0},{"damage":8.0,"enemies":"2 Louse","floor":2.0,"turns":2.0},{"damage":4.0,"enemies":"Small Slimes","floor":3.0,"turns":5.0},{"damage":8.0,"enemies":"Red Slaver","floor":5.0,"turns":4.0},{"damage":20.0,"enemies":"Gremlin Nob","floor":8.0,"turns":4.0},{"damage":26.0,"enemies":"Lagavulin","floor":10.0,"turns":6.0},{"damage":0.0,"enemies":"Gremlin Gang","floor":11.0,"turns":2.0},{"damage":0.0,"enemies":"3 Louse","floor":13.0,"turns":1.0},{"damage":1.0,"enemies":"Blue Slaver","floor":14.0,"turns":2.0},{"damage":41.0,"enemies":"Hexaghost","floor":16.0,"turns":10.0},{"damage":0.0,"enemies":"Chosen","floor":18.0,"turns":2.0},{"damage":0.0,"enemies":"Shell Parasite","floor":22.0,"turns":1.0},{"damage":4.0,"enemies":"Gremlin Leader","floor":28.0,"turns":4.0},{"damage":0.0,"enemies":"3 Cultists","floor":29.0,"turns":4.0},{"damage":0.0,"enemies":"Cultist and Chosen","floor":30.0,"turns":3.0},{"damage":0.0,"enemies":"Sentry and Sphere","floor":31.0,"turns":1.0},{"damage":65.0,"enemies":"Collector","floor":33.0,"turns":8.0},{"damage":16.0,"enemies":"3 Darklings","floor":35.0,"turns":3.0},{"damage":6.0,"enemies":"3 Shapes","floor":36.0,"turns":4.0},{"damage":0.0,"enemies":"Maw","floor":37.0,"turns":4.0},{"damage":25.0,"enemies":"2 Orb Walkers","floor":38.0,"turns":4.0},{"damage":24.0,"enemies":"Spire Growth","floor":39.0,"turns":4.0},{"damage":28.0,"enemies":"Nemesis","floor":41.0,"turns":5.0},{"damage":12.0,"enemies":"Giant Head","floor":46.0,"turns":6.0},{"damage":3.0,"enemies":"Sphere and 2 Shapes","floor":48.0,"turns":3.0},{"damage":30.0,"enemies":"Time Eater","floor":50.0,"turns":8.0},{"damage":12.0,"enemies":"Donu and Deca","floor":51.0,"turns":6.0},{"damage":56.0,"enemies":"Shield and Spear","floor":55.0,"turns":6.0},{"damage":58,"enemies":"The Heart","floor":56,"turns":2}],"seed_played":"1817431299410043335","potions_obtained":[{"floor":1.0,"key":"Fire Potion"},{"floor":5.0,"key":"Fire Potion"},{"floor":8.0,"key":"BloodPotion"},{"floor":10.0,"key":"Swift Potion"},{"floor":18.0,"key":"SneckoOil"},{"floor":31.0,"key":"SkillPotion"},{"floor":33.0,"key":"Poison Potion"},{"floor":35.0,"key":"FairyPotion"},{"floor":38.0,"key":"Dexterity Potion"},{"floor":39.0,"key":"Regen Potion"},{"floor":41.0,"key":"FearPotion"}],"is_trial":false,"path_per_floor":["M","M","M","$","M","R","?","E","T","E","M","R","M","M","R","B",null,"M","?","$","?","M","R","?","R","T","R","E","M","M","M","R","B",null,"M","M","M","?","M","R","E","R","T","$","?","E","R","M","R","B","B",null,"R","$","E","B"],"character_chosen":"IRONCLAD","items_purchased":["Inflame","Lantern","Corruption","Feel No Pain","Oddly Smooth Stone","Regal Pillow","Limit Break","Evolve"],"campfire_rested":4,"item_purchase_floors":[4,20,20,44,44,44,44,54],"current_hp_per_floor":[69,67,69,69,67,67,67,53,53,40,46,46,52,57,57,22,62,68,68,68,68,74,74,74,74,74,74,75,75,75,75,75,16,60,50,50,56,51,33,59,51,51,51,51,51,45,86,89,89,65,59,82,89,89,39,0],"gold":42,"neow_bonus":"RANDOM_COMMON_RELIC","is_prod":false,"is_daily":false,"chose_seed":false,"campfire_upgraded":7,"win_rate":0,"timestamp":1556854822,"path_taken":["M","M","?","$","M","R","?","E","T","E","M","R","?","M","R","BOSS","M","?","$","?","M","R","?","R","T","R","E","?","M","M","R","BOSS","M","?","M","?","M","R","E","R","T","$","?","E","R","M","R","BOSS","BOSS","R","$","E","BOSS"],"build_version":"2019-01-23","purchased_purges":1,"victory":false,"max_hp_per_floor":[75,75,75,75,75,75,75,75,75,75,75,75,75,75,75,75,75,75,75,75,75,75,75,75,75,75,75,75,75,75,75,75,75,75,75,75,75,89,89,89,89,89,89,89,89,89,89,89,89,89,89,89,89,89,89,89],"card_choices":[{"not_picked":["Second Wind","Headbutt"],"picked":"Feel No Pain","floor":1.0},{"not_picked":["Clash","Fire Breathing"],"picked":"Power Through","floor":2.0},{"not_picked":["Pommel Strike","Anger"],"picked":"True Grit","floor":3.0},{"not_picked":["Burning Pact","Sword Boomerang","Ghostly Armor"],"picked":"SKIP","floor":5.0},{"not_picked":["Heavy Blade","Exhume"],"picked":"Whirlwind","floor":8.0},{"not_picked":["Reckless Charge","Headbutt"],"picked":"Battle Trance","floor":10.0},{"not_picked":["Twin Strike","Body Slam","Sever Soul"],"picked":"SKIP","floor":11.0},{"not_picked":["Body Slam","Twin Strike"],"picked":"Fiend Fire","floor":13.0},{"not_picked":["Perfected Strike","Pommel Strike","Entrench"],"picked":"SKIP","floor":14.0},{"not_picked":["Exhume","Demon Form"],"picked":"Juggernaut","floor":16.0},{"not_picked":["Sever Soul","Perfected Strike","Sword Boomerang"],"picked":"SKIP","floor":18.0},{"not_picked":["Cleave+1","Carnage","Armaments"],"picked":"SKIP","floor":22.0},{"not_picked":["Seeing Red+1","Anger+1"],"picked":"Demon Form","floor":28.0},{"not_picked":["Blood for Blood","Second Wind"],"picked":"Shrug It Off","floor":29.0},{"not_picked":["Clash","Body Slam","Uppercut"],"picked":"SKIP","floor":30.0},{"not_picked":["Clash","Body Slam","Uppercut"],"picked":"SKIP","floor":30.0},{"not_picked":["Havoc","Rage"],"picked":"Warcry+1","floor":31.0},{"not_picked":["Demon Form","Berserk"],"picked":"Dark Embrace","floor":33.0},{"not_picked":["True Grit","Heavy Blade"],"picked":"Seeing Red+1","floor":35.0},{"not_picked":["Clothesline+1","Flame Barrier","Pommel Strike"],"picked":"SKIP","floor":36.0},{"not_picked":["Clothesline+1","Pommel Strike"],"picked":"Flame Barrier","floor":36.0},{"not_picked":["Clothesline","True Grit","Twin Strike"],"picked":"SKIP","floor":37.0},{"not_picked":["Seeing Red","Inflame"],"picked":"Spot Weakness+1","floor":38.0},{"not_picked":["True Grit","Brutality"],"picked":"Shrug It Off","floor":39.0},{"not_picked":["Searing Blow","Spot Weakness","Clash"],"picked":"SKIP","floor":41.0},{"not_picked":["Warcry","Blood for Blood","Twin Strike+1"],"picked":"SKIP","floor":46.0},{"not_picked":["Warcry+1","Rage+1"],"picked":"Heavy Blade","floor":48.0},{"not_picked":["Body Slam","Rampage","Heavy Blade"],"picked":"SKIP","floor":55.0}],"player_experience":2275200,"relics_obtained":[{"floor":8.0,"key":"Vajra"},{"floor":9.0,"key":"Ancient Tea Set"},{"floor":10.0,"key":"Bronze Scales"},{"floor":28.0,"key":"Centennial Puzzle"},{"floor":38.0,"key":"Mango"},{"floor":41.0,"key":"PreservedInsect"},{"floor":43.0,"key":"War Paint"},{"floor":46.0,"key":"Red Skull"},{"floor":55.0,"key":"Boot"}],"event_choices":[{"cards_removed":["Strike_R"],"damage_healed":0.0,"max_hp_gain":0.0,"max_hp_loss":0.0,"gold_gain":0.0,"event_name":"Purifier","player_choice":"Purged","floor":7.0,"gold_loss":0.0,"damage_taken":0.0},{"damage_healed":0.0,"max_hp_gain":0.0,"max_hp_loss":0.0,"gold_gain":0.0,"event_name":"Vampires","player_choice":"Ignored","floor":19.0,"gold_loss":0.0,"damage_taken":0.0},{"damage_healed":0.0,"max_hp_gain":0.0,"max_hp_loss":0.0,"gold_gain":0.0,"event_name":"Drug Dealer","player_choice":"Inject Mutagens","floor":21.0,"gold_loss":0.0,"damage_taken":0.0,"relics_obtained":["MutagenicStrength"]},{"damage_healed":0.0,"max_hp_gain":0.0,"max_hp_loss":0.0,"gold_gain":200.0,"event_name":"Wheel of Change","player_choice":"Gold","floor":24.0,"gold_loss":0.0,"damage_taken":0.0},{"damage_healed":0.0,"max_hp_gain":0.0,"max_hp_loss":0.0,"gold_gain":0.0,"event_name":"Mysterious Sphere","player_choice":"Fight","floor":38.0,"gold_loss":0.0,"damage_taken":0.0},{"damage_healed":0.0,"max_hp_gain":0.0,"max_hp_loss":0.0,"gold_gain":50.0,"event_name":"Golden Shrine","player_choice":"Pray","floor":45.0,"gold_loss":0.0,"damage_taken":0.0}],"is_beta":false,"boss_relics":[{"not_picked":["Tiny House","Astrolabe"],"picked":"Velvet Choker"},{"not_picked":["Pandora\u0027s Box","Cursed Key"],"picked":"Fusion Hammer"}],"items_purged_floors":[54],"is_endless":false,"potions_floor_spawned":[1,5,8,10,13,18,31,33,35,38,39,41],"killed_by":"The Heart","ascension_level":20}