{"gold_per_floor":[114,124,124,6,6,45,45,63,63,63,94,94,169,207,207,301,301,320,320,235,77,100,136,136,169,169,169,219,252,273,273,273,351,351,361,411,143,0,10,10,43,43,66,85,118,118,118,118,118,118,118,118,118,48,75,75],"floor_reached":57,"playtime":3885,"items_purged":["Strike_G","Strike_G+1"],"score":3306,"play_id":"b0800819-3e94-4ca4-9e1f-7dee4da1072e","local_time":"20190510110339","is_ascension_mode":true,"campfire_choices":[{"data":"Noxious Fumes","floor":7.0,"key":"SMITH"},{"data":"Neutralize","floor":12.0,"key":"SMITH"},{"data":"Catalyst","floor":15.0,"key":"SMITH"},{"data":"Well Laid Plans","floor":27.0,"key":"SMITH"},{"data":"Burst","floor":32.0,"key":"SMITH"},{"floor":40.0,"key":"RECALL"},{"data":"Footwork","floor":42.0,"key":"SMITH"},{"data":"Crippling Poison","floor":49.0,"key":"SMITH"},{"data":"Night Terror","floor":53.0,"key":"SMITH"}],"neow_cost":"NONE","seed_source_timestamp":1526230114683605,"circlet_count":0,"master_deck":["AscendersBane","Defend_G","Defend_G","Defend_G","Defend_G","Strike_G+1","Survivor","Neutralize+1","Dash","Noxious Fumes+1","Catalyst+1","Crippling Poison+1","Well Laid Plans+1","Burst+1","Predator","Escape Plan","Deadly Poison","Dodge and Roll+1","Footwork+1","Night Terror+1","Footwork+1","Deadly Poison+1","Deflect+1","Prepared+1","PiercingWail","Finesse","Secret Technique","Catalyst","Footwork"],"special_seed":0,"relics":["Ring of the Snake","NeowsBlessing","Bloody Idol","Thread and Needle","Gambling Chip","Juzu Bracelet","Whetstone","Boot","Velvet Choker","Anchor","Bag of Preparation","Girya","Orichalcum","Omamori","Blood Vial","Sozu","Ginger","Snake Skull","Red Mask","Kunai","The Courier","Bottled Lightning"],"potions_floor_usage":[56],"damage_taken":[{"damage":0.0,"enemies":"Jaw Worm","floor":1.0,"turns":1.0},{"damage":0.0,"enemies":"2 Louse","floor":2.0,"turns":1.0},{"damage":0.0,"enemies":"Gremlin Nob","floor":6.0,"turns":1.0},{"damage":0.0,"enemies":"Small Slimes","floor":8.0,"turns":4.0},{"damage":2.0,"enemies":"Lagavulin","floor":11.0,"turns":8.0},{"damage":2.0,"enemies":"3 Sentries","floor":14.0,"turns":6.0},{"damage":0.0,"enemies":"Hexaghost","floor":16.0,"turns":7.0},{"damage":0.0,"enemies":"Spheric Guardian","floor":18.0,"turns":2.0},{"damage":0.0,"enemies":"3 Byrds","floor":22.0,"turns":3.0},{"damage":9.0,"enemies":"Gremlin Leader","floor":23.0,"turns":6.0},{"damage":7.0,"enemies":"Book of Stabbing","floor":25.0,"turns":3.0},{"damage":1.0,"enemies":"Slavers","floor":29.0,"turns":5.0},{"damage":0.0,"enemies":"3 Cultists","floor":30.0,"turns":4.0},{"damage":0.0,"enemies":"Collector","floor":33.0,"turns":5.0},{"damage":0.0,"enemies":"3 Shapes","floor":35.0,"turns":5.0},{"damage":26.0,"enemies":"2 Orb Walkers","floor":36.0,"turns":6.0},{"damage":0.0,"enemies":"Orb Walker","floor":39.0,"turns":2.0},{"damage":0.0,"enemies":"Nemesis","floor":41.0,"turns":6.0},{"damage":0.0,"enemies":"Maw","floor":44.0,"turns":4.0},{"damage":0.0,"enemies":"Reptomancer","floor":45.0,"turns":2.0},{"damage":1.0,"enemies":"Awakened One","floor":50.0,"turns":8.0},{"damage":0.0,"enemies":"Donu and Deca","floor":51.0,"turns":10.0},{"damage":0.0,"enemies":"Shield and Spear","floor":55.0,"turns":10.0},{"damage":54,"enemies":"The Heart","floor":56,"turns":8}],"seed_played":"5098233565983668604","potions_obtained":[{"floor":1.0,"key":"GhostInAJar"},{"floor":2.0,"key":"SkillPotion"},{"floor":11.0,"key":"SteroidPotion"},{"floor":14.0,"key":"Poison Potion"},{"floor":18.0,"key":"EssenceOfSteel"},{"floor":23.0,"key":"Poison Potion"},{"floor":29.0,"key":"SpeedPotion"},{"floor":30.0,"key":"Strength Potion"}],"is_trial":false,"path_per_floor":["M","M","?","$","?","E","R","M","T","?","E","R","?","E","R","B",null,"M","?","?","$","M","E","?","E","T","R","?","E","M","?","R","B",null,"M","?","$","?","M","R","E","R","T","M","E","?","?","?","R","B","B",null,"R","$","E","B",null],"character_chosen":"THE_SILENT","items_purchased":["Noxious Fumes","Bag of Preparation","Snake Skull","Catalyst"],"campfire_rested":0,"item_purchase_floors":[4,21,37,54],"current_hp_per_floor":[59,59,59,59,52,52,52,52,52,34,32,32,21,19,19,19,50,50,50,50,50,50,41,41,34,34,34,34,33,35,35,35,42,56,60,39,39,39,46,46,53,53,58,60,60,50,50,50,50,51,53,58,58,58,60,6],"gold":75,"neow_bonus":"THREE_ENEMY_KILL","is_prod":false,"is_daily":false,"chose_seed":false,"campfire_upgraded":8,"win_rate":0,"timestamp":1557500619,"path_taken":["M","M","?","$","?","E","R","M","T","?","E","R","?","E","R","BOSS","M","?","?","$","M","E","?","E","T","R","?","E","M","?","R","BOSS","M","?","$","?","M","R","E","R","T","M","E","?","?","?","R","BOSS","BOSS","R","$","E","BOSS"],"build_version":"2019-01-23","purchased_purges":2,"victory":true,"max_hp_per_floor":[66,66,60,60,60,60,60,60,60,60,60,60,60,60,60,60,60,60,60,60,60,60,60,60,60,60,60,60,60,60,60,60,60,60,60,60,60,60,60,60,60,60,60,60,60,60,60,60,60,60,60,60,60,60,60,60],"card_choices":[{"not_picked":["Backflip","Deflect"],"picked":"Dash","floor":1.0},{"not_picked":["Flechettes","Slice","Bane"],"picked":"SKIP","floor":2.0},{"not_picked":["Quick Slash","Slice"],"picked":"Catalyst","floor":6.0},{"not_picked":["Underhanded Strike","Dash"],"picked":"Cloak And Dagger","floor":8.0},{"not_picked":["Endless Agony","Envenom"],"picked":"Crippling Poison","floor":11.0},{"not_picked":["Skewer","Cloak And Dagger"],"picked":"Well Laid Plans","floor":14.0},{"not_picked":["Unload","Tools of the Trade"],"picked":"Burst","floor":16.0},{"not_picked":["Dagger Throw","Quick Slash"],"picked":"Predator","floor":18.0},{"not_picked":["Underhanded Strike","Flying Knee"],"picked":"Escape Plan","floor":22.0},{"not_picked":["Tactician","Infinite Blades"],"picked":"Deadly Poison","floor":23.0},{"not_picked":["Heel Hook","All Out Attack"],"picked":"Dodge and Roll+1","floor":25.0},{"not_picked":["Bane","Dagger Throw"],"picked":"Footwork","floor":29.0},{"not_picked":["Predator","Deflect","Concentrate"],"picked":"SKIP","floor":30.0},{"not_picked":["Burst","Envenom"],"picked":"Night Terror","floor":33.0},{"not_picked":["Dodge and Roll+1","Poisoned Stab"],"picked":"Footwork+1","floor":35.0},{"not_picked":["Underhanded Strike","Prepared"],"picked":"Deadly Poison+1","floor":36.0},{"not_picked":["Prepared","Blade Dance+1"],"picked":"Deflect+1","floor":39.0},{"not_picked":["Leg Sweep","Finisher"],"picked":"Prepared+1","floor":41.0},{"not_picked":["Bane","Choke","Blade Dance+1"],"picked":"SKIP","floor":44.0},{"not_picked":["Tools of the Trade","Setup"],"picked":"PiercingWail","floor":45.0},{"not_picked":["Impatience","Enlightenment"],"picked":"Finesse","floor":46.0},{"not_picked":["Purity","Discovery"],"picked":"Secret Technique","floor":46.0},{"not_picked":["Finisher+1","Underhanded Strike+1"],"picked":"Footwork","floor":55.0}],"player_experience":2546984,"relics_obtained":[{"floor":6.0,"key":"Thread and Needle"},{"floor":9.0,"key":"Gambling Chip"},{"floor":11.0,"key":"Whetstone"},{"floor":14.0,"key":"Boot"},{"floor":23.0,"key":"Girya"},{"floor":25.0,"key":"Orichalcum"},{"floor":26.0,"key":"Omamori"},{"floor":29.0,"key":"Blood Vial"},{"floor":36.0,"key":"Ginger"},{"floor":41.0,"key":"Kunai"},{"floor":45.0,"key":"The Courier"},{"floor":55.0,"key":"Bottled Lightning"}],"event_choices":[{"damage_healed":0.0,"max_hp_gain":0.0,"max_hp_loss":6.0,"gold_gain":0.0,"event_name":"Golden Idol","player_choice":"Lose Max HP","floor":3.0,"gold_loss":0.0,"damage_taken":0.0,"relics_obtained":["Golden Idol"]},{"cards_removed":["Strike_G"],"damage_healed":0.0,"max_hp_gain":0.0,"max_hp_loss":0.0,"gold_gain":0.0,"event_name":"Golden Wing","player_choice":"Card Removal","floor":5.0,"gold_loss":0.0,"damage_taken":7.0},{"damage_healed":0.0,"max_hp_gain":0.0,"max_hp_loss":0.0,"gold_gain":0.0,"event_name":"Scrap Ooze","player_choice":"Success","floor":10.0,"gold_loss":0.0,"damage_taken":18.0,"relics_obtained":["Juzu Bracelet"]},{"damage_healed":0.0,"max_hp_gain":0.0,"max_hp_loss":0.0,"gold_gain":75.0,"event_name":"World of Goop","player_choice":"Gather Gold","floor":13.0,"gold_loss":0.0,"damage_taken":11.0},{"damage_healed":0.0,"max_hp_gain":0.0,"max_hp_loss":0.0,"gold_gain":0.0,"event_name":"Vampires","player_choice":"Ignored","floor":19.0,"gold_loss":0.0,"damage_taken":0.0},{"damage_healed":0.0,"max_hp_gain":0.0,"max_hp_loss":0.0,"gold_gain":0.0,"event_name":"Addict","player_choice":"Obtained Relic","floor":20.0,"gold_loss":85.0,"damage_taken":0.0,"relics_obtained":["Anchor"]},{"cards_removed":["Strike_G"],"damage_healed":0.0,"max_hp_gain":0.0,"max_hp_loss":0.0,"gold_gain":0.0,"event_name":"Purifier","player_choice":"Purged","floor":24.0,"gold_loss":0.0,"damage_taken":0.0},{"damage_healed":0.0,"max_hp_gain":0.0,"max_hp_loss":0.0,"gold_gain":50.0,"event_name":"Nest","player_choice":"Stole From Cult","floor":28.0,"gold_loss":0.0,"damage_taken":0.0},{"damage_healed":0.0,"max_hp_gain":0.0,"max_hp_loss":0.0,"gold_gain":0.0,"event_name":"Forgotten Altar","player_choice":"Gave Idol","floor":31.0,"relics_lost":["Golden Idol"],"gold_loss":0.0,"damage_taken":0.0,"relics_obtained":["Bloody Idol"]},{"damage_healed":0.0,"max_hp_gain":0.0,"max_hp_loss":0.0,"gold_gain":0.0,"event_name":"Mysterious Sphere","player_choice":"Fight","floor":36.0,"gold_loss":0.0,"damage_taken":0.0},{"damage_healed":0.0,"max_hp_gain":0.0,"max_hp_loss":0.0,"gold_gain":0.0,"event_name":"Tomb of Lord Red Mask","player_choice":"Paid","floor":38.0,"gold_loss":143.0,"damage_taken":0.0,"relics_obtained":["Red Mask"]},{"damage_healed":0.0,"max_hp_gain":0.0,"max_hp_loss":0.0,"gold_gain":0.0,"event_name":"SensoryStone","player_choice":"Memory 3","floor":46.0,"gold_loss":0.0,"damage_taken":10.0},{"cards_removed":["Defend_G"],"damage_healed":0.0,"max_hp_gain":0.0,"max_hp_loss":0.0,"gold_gain":0.0,"event_name":"Bonfire Elementals","player_choice":"Offered Basic","floor":47.0,"gold_loss":0.0,"damage_taken":0.0},{"cards_removed":["Cloak And Dagger"],"damage_healed":0.0,"max_hp_gain":0.0,"max_hp_loss":0.0,"gold_gain":0.0,"event_name":"Falling","player_choice":"Removed Skill","floor":48.0,"gold_loss":0.0,"damage_taken":0.0}],"is_beta":false,"boss_relics":[{"not_picked":["White Beast Statue","Pandora\u0027s Box"],"picked":"Velvet Choker"},{"not_picked":["Orrery","HoveringKite"],"picked":"Sozu"}],"items_purged_floors":[4,37],"is_endless":false,"potions_floor_spawned":[1,2,11,14,18,23,29,30,39,44,45],"ascension_level":20}