{"gold_per_floor":[109,185,185,44,44,85,85,129,129,144,169,169,194,228,228,324,324,307,307,320,345,369,369,388,388,388,407,442,29,79,94,94,94],"floor_reached":33,"playtime":1272,"items_purged":[],"score":845,"play_id":"bae36c3e-122f-4ad9-a183-83f96b80d8d0","local_time":"20190330003946","is_ascension_mode":true,"campfire_choices":[{"data":"Buffer","floor":7,"key":"SMITH"},{"data":"Zap","floor":12,"key":"SMITH"},{"data":"Rainbow","floor":15,"key":"SMITH"},{"floor":23,"key":"REST"},{"floor":25,"key":"REST"},{"floor":32,"key":"REST"}],"neow_cost":"NONE","seed_source_timestamp":1119295815012472,"circlet_count":0,"master_deck":["AscendersBane","Strike_B","Strike_B","Strike_B","Strike_B","Defend_B","Defend_B","Defend_B","Defend_B","Zap+1","Dualcast","Streamline","Buffer+1","Biased Cognition","Ball Lightning","Rainbow+1","Core Surge","BootSequence","Biased Cognition"],"relics":["Cracked Core","NeowsBlessing","Golden Idol","Tiny Chest","Bag of Preparation","Mango","Singing Bowl","Oddly Smooth Stone","Omamori","Fusion Hammer","PreservedInsect","Pantograph"],"potions_floor_usage":[10,14,18,22,28,31,31],"damage_taken":[{"damage":0,"enemies":"Cultist","floor":1,"turns":1},{"damage":0,"enemies":"3 Sentries","floor":6,"turns":1},{"damage":0,"enemies":"Lagavulin","floor":8,"turns":1},{"damage":0,"enemies":"Small Slimes","floor":10,"turns":2},{"damage":1,"enemies":"2 Louse","floor":11,"turns":2},{"damage":0,"enemies":"3 Sentries","floor":14,"turns":3},{"damage":0,"enemies":"Slime Boss","floor":16,"turns":6},{"damage":10,"enemies":"2 Thieves","floor":18,"turns":4},{"damage":19,"enemies":"Shell Parasite","floor":20,"turns":4},{"damage":13,"enemies":"Snake Plant","floor":21,"turns":3},{"damage":12,"enemies":"Sentry and Sphere","floor":22,"turns":4},{"damage":0,"enemies":"Snecko","floor":24,"turns":5},{"damage":12,"enemies":"Chosen and Byrds","floor":27,"turns":5},{"damage":73,"enemies":"Slavers","floor":28,"turns":6},{"damage":6,"enemies":"Snake Plant","floor":31,"turns":4},{"damage":68,"enemies":"Champ","floor":33,"turns":12}],"seed_played":"-8834935574122984212","potions_obtained":[{"floor":6,"key":"PowerPotion"},{"floor":8,"key":"Block Potion"},{"floor":14,"key":"SkillPotion"},{"floor":18,"key":"Ancient Potion"},{"floor":27,"key":"Weak Potion"}],"is_trial":false,"path_per_floor":["M","?","?","$","?","E","R","E","T","M","M","R","T","E","R","B",null,"M","?","M","M","M","R","M","R","T","M","E","$","?","M","R","B"],"character_chosen":"DEFECT","items_purchased":["Tiny Chest","Pantograph","PowerPotion","Ancient Potion"],"campfire_rested":3,"item_purchase_floors":[4,29,29,29],"current_hp_per_floor":[64,64,64,64,64,64,64,78,78,78,79,79,79,79,79,79,85,77,77,60,49,39,67,69,97,97,87,16,16,16,12,42,0],"gold":94,"neow_bonus":"THREE_ENEMY_KILL","is_prod":false,"is_daily":false,"chose_seed":false,"campfire_upgraded":3,"win_rate":0,"timestamp":1553920786,"path_taken":["M","?","?","$","?","E","R","E","T","M","M","R","?","E","R","BOSS","M","?","M","?","M","R","M","R","T","?","E","$","?","?","R","BOSS"],"build_version":"2019-01-23","purchased_purges":0,"victory":false,"max_hp_per_floor":[71,71,71,71,71,71,71,85,85,85,87,87,87,87,87,87,87,89,89,91,93,95,95,97,97,97,99,101,101,101,103,103,103],"card_choices":[{"not_picked":["Compile Driver","Stack"],"picked":"Streamline","floor":1},{"not_picked":["Compile Driver","Coolheaded"],"picked":"Buffer","floor":6},{"not_picked":["Hologram","Double Energy"],"picked":"Biased Cognition","floor":8},{"not_picked":["Stack","Redo"],"picked":"Ball Lightning","floor":10},{"not_picked":["FTL","Fusion","Go for the Eyes"],"picked":"Singing Bowl","floor":11},{"not_picked":["Streamline","Turbo"],"picked":"Rainbow","floor":14},{"not_picked":["Amplify","Biased Cognition"],"picked":"Core Surge","floor":16},{"not_picked":["Go for the Eyes","Stack","Auto Shields"],"picked":"Singing Bowl","floor":18},{"not_picked":["Conserve Battery","Coolheaded","Redo"],"picked":"Singing Bowl","floor":20},{"not_picked":["Streamline","Redo","Steam"],"picked":"Singing Bowl","floor":21},{"not_picked":["Hyperbeam","Rebound+1","Coolheaded"],"picked":"Singing Bowl","floor":22},{"not_picked":["Barrage","Auto Shields","Turbo"],"picked":"Singing Bowl","floor":24},{"not_picked":["Blizzard","Compile Driver","Streamline"],"picked":"Singing Bowl","floor":27},{"not_picked":["Doom and Gloom","Skim","Steam"],"picked":"Singing Bowl","floor":28},{"not_picked":["Turbo","Beam Cell","Force Field"],"picked":"Singing Bowl","floor":31}],"player_experience":1492062,"relics_obtained":[{"floor":6,"key":"Bag of Preparation"},{"floor":8,"key":"Mango"},{"floor":9,"key":"Singing Bowl"},{"floor":13,"key":"Oddly Smooth Stone"},{"floor":14,"key":"Omamori"},{"floor":28,"key":"PreservedInsect"}],"event_choices":[{"damage_healed":0,"gold_gain":76,"player_choice":"Gained Gold","damage_taken":0,"max_hp_gain":0,"max_hp_loss":0,"event_name":"Golden Wing","floor":2,"gold_loss":0},{"damage_healed":0,"gold_gain":0,"player_choice":"Take Wound","damage_taken":0,"relics_obtained":["Golden Idol"],"max_hp_gain":0,"max_hp_loss":0,"event_name":"Golden Idol","floor":3,"gold_loss":0,"cards_obtained":["Injury"]},{"cards_removed":["Injury"],"damage_healed":0,"gold_gain":0,"player_choice":"Forget","damage_taken":0,"max_hp_gain":0,"max_hp_loss":0,"event_name":"Living Wall","floor":5,"gold_loss":0},{"damage_healed":0,"gold_gain":0,"player_choice":"2 cards matched","damage_taken":0,"max_hp_gain":0,"max_hp_loss":0,"event_name":"Match and Keep!","floor":19,"gold_loss":0,"cards_obtained":["BootSequence","Biased Cognition"]},{"damage_healed":0,"gold_gain":50,"player_choice":"Pray","damage_taken":0,"max_hp_gain":0,"max_hp_loss":0,"event_name":"Golden Shrine","floor":30,"gold_loss":0}],"is_beta":false,"boss_relics":[{"not_picked":["Runic Dome","Snecko Eye"],"picked":"Fusion Hammer"}],"items_purged_floors":[],"is_endless":false,"potions_floor_spawned":[6,8,14,18,27],"killed_by":"Champ","ascension_level":20}