{"gold_per_floor":[116,116,135,152,163,12,62,76,100,100,116,116,144,159,159,236,236,255,180,180,180,196,196,210,240,265,265,277,277,304,178,178,256,256,271,271,271,271,24,54,54,54,54,54,82,101,101,113,113,113,113,113,64,64],"floor_reached":54,"playtime":2154,"items_purged":["Double Energy"],"score":1414,"play_id":"ee6f2c12-b9fc-431a-9526-38722b9ee825","local_time":"20190327233028","is_ascension_mode":true,"campfire_choices":[{"data":"Zap","floor":10.0,"key":"SMITH"},{"data":"Hologram","floor":12.0,"key":"SMITH"},{"data":"Biased Cognition","floor":15.0,"key":"SMITH"},{"data":"Hologram","floor":23.0,"key":"SMITH"},{"floor":29.0,"key":"REST"},{"data":"Coolheaded","floor":32.0,"key":"SMITH"},{"floor":41.0,"key":"REST"},{"floor":47.0,"key":"RECALL"},{"floor":49.0,"key":"DIG"},{"floor":52,"key":"DIG"}],"neow_cost":"NONE","seed_source_timestamp":1252422181937960,"circlet_count":0,"master_deck":["AscendersBane","Defend_B","Defend_B","Defend_B","Defend_B","Zap+1","Dualcast","Leap","Genetic Algorithm","Hologram+1","Biased Cognition+1","Hologram+1","Echo Form","Cold Snap","Blizzard","Ghostly","Ghostly","Ghostly","Steam","Coolheaded+1","Compile Driver","Creative AI","Panacea","Flash of Steel","Panacea","Coolheaded","Parasite"],"special_seed":0,"relics":["Cracked Core","DataDisk","Bronze Scales","Philosopher\u0027s Stone","Centennial Puzzle","Vajra","Incense Burner","Fusion Hammer","Bag of Preparation","Shovel","Shuriken","Bottled Flame","Mercury Hourglass"],"potions_floor_usage":[50,54,54],"damage_taken":[{"damage":3.0,"enemies":"2 Louse","floor":1.0,"turns":3.0},{"damage":2.0,"enemies":"Jaw Worm","floor":3.0,"turns":4.0},{"damage":1.0,"enemies":"Cultist","floor":4.0,"turns":4.0},{"damage":16.0,"enemies":"Large Slime","floor":5.0,"turns":10.0},{"damage":3.0,"enemies":"Looter","floor":8.0,"turns":4.0},{"damage":5.0,"enemies":"2 Fungi Beasts","floor":11.0,"turns":4.0},{"damage":4.0,"enemies":"Lagavulin","floor":13.0,"turns":7.0},{"damage":4.0,"enemies":"Large Slime","floor":14.0,"turns":4.0},{"damage":0.0,"enemies":"Slime Boss","floor":16.0,"turns":5.0},{"damage":7.0,"enemies":"Spheric Guardian","floor":18.0,"turns":3.0},{"damage":0.0,"enemies":"3 Byrds","floor":22.0,"turns":4.0},{"damage":2.0,"enemies":"Centurion and Healer","floor":24.0,"turns":7.0},{"damage":16.0,"enemies":"Book of Stabbing","floor":25.0,"turns":5.0},{"damage":0.0,"enemies":"Snake Plant","floor":28.0,"turns":3.0},{"damage":0.0,"enemies":"Gremlin Leader","floor":30.0,"turns":7.0},{"damage":13.0,"enemies":"Collector","floor":33.0,"turns":11.0},{"damage":0.0,"enemies":"Orb Walker","floor":35.0,"turns":4.0},{"damage":12.0,"enemies":"Giant Head","floor":40.0,"turns":10.0},{"damage":0.0,"enemies":"Reptomancer","floor":45.0,"turns":8.0},{"damage":0.0,"enemies":"3 Shapes","floor":46.0,"turns":5.0},{"damage":0.0,"enemies":"Writhing Mass","floor":48.0,"turns":7.0},{"damage":2,"enemies":"Donu and Deca","floor":50,"turns":9},{"damage":34,"enemies":"Shield and Spear","floor":54,"turns":7}],"seed_played":"7335633759405746506","potions_obtained":[{"floor":3.0,"key":"LiquidBronze"},{"floor":5.0,"key":"PowerPotion"},{"floor":24.0,"key":"AttackPotion"},{"floor":33.0,"key":"Dexterity Potion"},{"floor":45.0,"key":"SpeedPotion"}],"is_trial":false,"path_per_floor":["M","?","M","M","M","$","?","M","T","R","M","R","E","M","R","B",null,"M","?","?","?","M","R","M","E","T","?","M","R","E","$","R","B",null,"M","?","?","?","$","E","R","$","T","$","E","M","R","M","R","B",null,"R","$","E"],"character_chosen":"DEFECT","items_purchased":["All For One","Block Potion","Bag of Preparation","Panacea","PowerPotion"],"campfire_rested":2,"item_purchase_floors":[6,31,39,39,53],"current_hp_per_floor":[61,66,64,63,47,47,47,44,44,44,39,39,35,31,31,31,65,58,58,58,38,38,38,36,20,20,20,20,31,31,31,31,18,33,33,33,23,23,23,11,21,21,21,21,21,21,21,21,21,19,32,32,32,0],"gold":64,"neow_bonus":"REMOVE_CARD","is_prod":false,"is_daily":false,"chose_seed":false,"campfire_upgraded":5,"win_rate":0,"timestamp":1553743828,"path_taken":["M","?","M","M","M","$","?","M","T","R","M","R","E","?","R","BOSS","M","?","?","?","M","R","M","E","T","?","?","R","E","$","R","BOSS","M","?","?","?","$","E","R","$","T","?","E","M","R","M","R","BOSS","R","$","E"],"build_version":"2019-03-15","purchased_purges":1,"victory":false,"max_hp_per_floor":[71,76,76,76,76,76,76,76,76,76,76,76,76,76,76,76,76,76,76,76,38,38,38,38,38,38,38,38,38,38,38,38,38,38,38,38,38,36,36,36,36,36,36,36,36,36,36,36,36,36,36,36,36,36],"card_choices":[{"not_picked":["Go for the Eyes","Double Energy"],"picked":"Leap","floor":1.0},{"not_picked":["Stack","Leap","Steam Power"],"picked":"SKIP","floor":3.0},{"not_picked":["Storm","Hologram"],"picked":"Genetic Algorithm","floor":4.0},{"not_picked":["Hello World","Consume","Go for the Eyes"],"picked":"SKIP","floor":5.0},{"not_picked":["Recycle","Leap"],"picked":"Hologram","floor":8.0},{"not_picked":["Turbo","Hyperbeam","Leap"],"picked":"SKIP","floor":11.0},{"not_picked":["Reprogram","Turbo"],"picked":"Biased Cognition","floor":13.0},{"not_picked":["Compile Driver","Fusion"],"picked":"Hologram","floor":14.0},{"not_picked":["Machine Learning","Meteor Strike"],"picked":"Echo Form","floor":16.0},{"not_picked":["Recycle","Rebound"],"picked":"Cold Snap","floor":18.0},{"not_picked":["Go for the Eyes","Skim"],"picked":"Steam","floor":22.0},{"not_picked":["Sweeping Beam+1","Doom and Gloom"],"picked":"Coolheaded","floor":24.0},{"not_picked":["Static Discharge","Lockon"],"picked":"Compile Driver","floor":25.0},{"not_picked":["Double Energy","Turbo","Beam Cell"],"picked":"SKIP","floor":28.0},{"not_picked":["Sweeping Beam","Double Energy","Lockon"],"picked":"SKIP","floor":30.0},{"not_picked":["All For One","Buffer"],"picked":"Creative AI","floor":33.0},{"not_picked":["Redo","Steam","Barrage"],"picked":"SKIP","floor":35.0},{"not_picked":["Flash of Steel","Mayhem"],"picked":"Panacea","floor":37.0},{"not_picked":["Blind","Enlightenment"],"picked":"Flash of Steel","floor":37.0},{"not_picked":["Barrage","Beam Cell+1","Recycle"],"picked":"SKIP","floor":40.0},{"not_picked":["Doom and Gloom","Gash","Sunder"],"picked":"SKIP","floor":45.0},{"not_picked":["Ball Lightning","Cold Snap+1"],"picked":"Coolheaded","floor":46.0},{"not_picked":["Reprogram","Streamline","Cold Snap+1"],"picked":"SKIP","floor":48.0}],"player_experience":2303045,"relics_obtained":[{"floor":9.0,"key":"DataDisk"},{"floor":13.0,"key":"Bronze Scales"},{"floor":25.0,"key":"Centennial Puzzle"},{"floor":26.0,"key":"Vajra"},{"floor":30.0,"key":"Incense Burner"},{"floor":40.0,"key":"Shovel"},{"floor":45.0,"key":"Shuriken"},{"floor":49.0,"key":"Bottled Flame"},{"floor":52,"key":"Mercury Hourglass"}],"event_choices":[{"damage_healed":0.0,"max_hp_gain":5.0,"max_hp_loss":0.0,"gold_gain":0.0,"event_name":"Big Fish","player_choice":"Donut","floor":2.0,"gold_loss":0.0,"damage_taken":0.0},{"damage_healed":0.0,"max_hp_gain":0.0,"max_hp_loss":0.0,"gold_gain":50.0,"event_name":"Golden Shrine","player_choice":"Pray","floor":7.0,"gold_loss":0.0,"damage_taken":0.0},{"cards_removed":["Strike_B"],"damage_healed":0.0,"max_hp_gain":0.0,"max_hp_loss":0.0,"gold_gain":0.0,"event_name":"Beggar","player_choice":"Gave Gold","floor":19.0,"gold_loss":75.0,"damage_taken":0.0},{"damage_healed":0.0,"max_hp_gain":0.0,"max_hp_loss":0.0,"gold_gain":0.0,"cards_transformed":["Strike_B","Strike_B"],"event_name":"Drug Dealer","player_choice":"Became Test Subject","floor":20.0,"gold_loss":0.0,"damage_taken":0.0,"cards_obtained":["Double Energy","Blizzard"]},{"damage_healed":0.0,"max_hp_gain":0.0,"max_hp_loss":38.0,"gold_gain":0.0,"event_name":"Ghosts","player_choice":"Became a Ghost","floor":21.0,"gold_loss":0.0,"damage_taken":0.0,"cards_obtained":["Ghostly","Ghostly","Ghostly"]},{"damage_healed":0.0,"max_hp_gain":0.0,"max_hp_loss":0.0,"gold_gain":0.0,"event_name":"The Mausoleum","player_choice":"Ignored","floor":27.0,"gold_loss":0.0,"damage_taken":0.0},{"cards_removed":["All For One"],"damage_healed":0.0,"max_hp_gain":0.0,"max_hp_loss":0.0,"gold_gain":0.0,"event_name":"Falling","player_choice":"Removed Attack","floor":36.0,"gold_loss":0.0,"damage_taken":0.0},{"damage_healed":0.0,"max_hp_gain":0.0,"max_hp_loss":0.0,"gold_gain":0.0,"event_name":"SensoryStone","player_choice":"Memory 3","floor":37.0,"gold_loss":0.0,"damage_taken":10.0},{"damage_healed":0.0,"max_hp_gain":0.0,"max_hp_loss":2.0,"gold_gain":0.0,"event_name":"Winding Halls","player_choice":"Max HP","floor":38.0,"gold_loss":0.0,"damage_taken":0.0}],"is_beta":true,"boss_relics":[{"not_picked":["Calling Bell","Tiny House"],"picked":"Philosopher\u0027s Stone"},{"not_picked":["Runic Dome","Eternal Feather"],"picked":"Fusion Hammer"}],"items_purged_floors":[31],"is_endless":false,"potions_floor_spawned":[3,5,8,24,33,35,45,48],"killed_by":"Shield and Spear","ascension_level":15}