{"gold_per_floor":[119,119,130,130,145,177,177,210,237,267,267,295,260,272,272,343,343,362,412,432,432,39,39,73,73,73,85,85,102,27,60,60,60],"floor_reached":33,"playtime":1311,"items_purged":[],"score":722,"play_id":"a045d466-a9c6-4f26-823d-c40f05ebf882","local_time":"20190424025232","is_ascension_mode":true,"campfire_choices":[{"data":"Seeing Red","floor":7,"key":"SMITH"},{"data":"Wild Strike","floor":11,"key":"SMITH"},{"floor":15,"key":"RECALL"},{"data":"Spot Weakness","floor":23,"key":"SMITH"},{"data":"Immolate","floor":28,"key":"SMITH"},{"data":"Inflame","floor":32,"key":"SMITH"}],"neow_cost":"NONE","seed_source_timestamp":117597970271176,"circlet_count":0,"master_deck":["AscendersBane","Strike_R+1","Strike_R+1","Strike_R+1","Strike_R+1","Defend_R+1","Defend_R+1","Defend_R+1","Defend_R+1","Bash+1","Carnage+1","Shrug It Off","Seeing Red+1","Wild Strike+1","Shrug It Off","Reaper","Offering","Evolve","Spot Weakness+1","Immolate+1","Shockwave","Inflame+1"],"relics":["Burning Blood","Happy Flower","Art of War","Anchor","Centennial Puzzle","Torii","Potion Belt","Philosopher\u0027s Stone","Gremlin Horn","Bottled Flame","Pocketwatch","Molten Egg 2"],"potions_floor_usage":[6,8,16,24,24],"damage_taken":[{"damage":8,"enemies":"2 Louse","floor":1,"turns":4},{"damage":0,"enemies":"Cultist","floor":3,"turns":2},{"damage":2,"enemies":"Jaw Worm","floor":5,"turns":3},{"damage":17,"enemies":"3 Sentries","floor":6,"turns":6},{"damage":35,"enemies":"Lagavulin","floor":8,"turns":4},{"damage":0,"enemies":"Gremlin Nob","floor":10,"turns":2},{"damage":20,"enemies":"Lagavulin","floor":12,"turns":4},{"damage":0,"enemies":"Blue Slaver","floor":14,"turns":2},{"damage":19,"enemies":"The Guardian","floor":16,"turns":10},{"damage":8,"enemies":"Shell Parasite","floor":18,"turns":4},{"damage":6,"enemies":"Spheric Guardian","floor":20,"turns":3},{"damage":15,"enemies":"Book of Stabbing","floor":24,"turns":3},{"damage":13,"enemies":"Centurion and Healer","floor":27,"turns":4},{"damage":13,"enemies":"Snecko","floor":29,"turns":4},{"damage":6,"enemies":"Gremlin Leader","floor":31,"turns":3},{"damage":79,"enemies":"Automaton","floor":33,"turns":6}],"seed_played":"8243748184605645072","potions_obtained":[{"floor":1,"key":"Explosive Potion"},{"floor":5,"key":"Poison Potion"},{"floor":14,"key":"Fire Potion"},{"floor":18,"key":"Block Potion"},{"floor":20,"key":"GamblersBrew"}],"is_trial":false,"path_per_floor":["M","?","M","?","M","E","R","E","T","E","R","E","?","M","R","B",null,"M","?","M","?","$","R","E","?","T","M","R","M","?","E","R","B"],"character_chosen":"IRONCLAD","items_purchased":["Gremlin Horn","Fruit Juice"],"campfire_rested":0,"item_purchase_floors":[22,22],"current_hp_per_floor":[66,66,72,72,75,64,64,35,35,41,41,27,45,51,51,38,66,68,68,68,68,68,68,75,54,54,57,57,54,54,60,60,0],"gold":60,"neow_bonus":"RANDOM_COMMON_RELIC","is_prod":false,"is_daily":false,"chose_seed":false,"campfire_upgraded":5,"win_rate":0,"timestamp":1556088752,"path_taken":["M","?","M","?","?","E","R","E","T","E","R","E","?","M","R","BOSS","M","?","M","?","$","R","E","?","T","M","R","M","?","E","R","BOSS"],"build_version":"2019-01-23","purchased_purges":0,"victory":false,"max_hp_per_floor":[75,75,75,75,75,75,75,75,75,75,75,75,75,75,75,75,75,75,75,75,75,75,75,75,80,80,80,80,80,80,80,80,80],"card_choices":[{"not_picked":["Metallicize","Infernal Blade"],"picked":"Carnage","floor":1},{"not_picked":["Perfected Strike","Havoc"],"picked":"Shrug It Off","floor":3},{"not_picked":["Dual Wield","Body Slam"],"picked":"Seeing Red","floor":5},{"not_picked":["Perfected Strike","Twin Strike","Armaments"],"picked":"SKIP","floor":6},{"not_picked":["Burning Pact","Dual Wield"],"picked":"Wild Strike","floor":8},{"not_picked":["Iron Wave","Body Slam","Heavy Blade"],"picked":"SKIP","floor":10},{"not_picked":["Bloodletting","Clash"],"picked":"Shrug It Off","floor":12},{"not_picked":["Sword Boomerang","Perfected Strike"],"picked":"Reaper","floor":14},{"not_picked":["Limit Break","Fiend Fire"],"picked":"Offering","floor":16},{"not_picked":["Pommel Strike","Sword Boomerang"],"picked":"Evolve","floor":18},{"not_picked":["True Grit","Twin Strike"],"picked":"Spot Weakness","floor":20},{"not_picked":["Combust+1","Shrug It Off"],"picked":"Immolate","floor":24},{"not_picked":["Headbutt","Twin Strike"],"picked":"Shockwave","floor":27},{"not_picked":["Perfected Strike","Havoc","Thunderclap"],"picked":"SKIP","floor":29},{"not_picked":["True Grit","Pummel"],"picked":"Inflame","floor":31}],"player_experience":1903713,"relics_obtained":[{"floor":6,"key":"Art of War"},{"floor":8,"key":"Anchor"},{"floor":9,"key":"Centennial Puzzle"},{"floor":10,"key":"Torii"},{"floor":12,"key":"Potion Belt"},{"floor":24,"key":"Bottled Flame"},{"floor":26,"key":"Pocketwatch"},{"floor":31,"key":"Molten Egg 2"}],"event_choices":[{"damage_healed":0,"gold_gain":0,"player_choice":"Grow","damage_taken":0,"max_hp_gain":0,"max_hp_loss":0,"event_name":"Living Wall","floor":2,"gold_loss":0,"cards_upgraded":["Carnage"]},{"damage_healed":0,"gold_gain":0,"player_choice":"Forge","damage_taken":0,"max_hp_gain":0,"max_hp_loss":0,"event_name":"Accursed Blacksmith","floor":4,"gold_loss":0,"cards_upgraded":["Bash"]},{"damage_healed":18,"gold_gain":0,"player_choice":"Healed","damage_taken":0,"max_hp_gain":0,"max_hp_loss":0,"event_name":"The Cleric","floor":13,"gold_loss":35},{"damage_healed":0,"gold_gain":50,"player_choice":"Stole From Cult","damage_taken":0,"max_hp_gain":0,"max_hp_loss":0,"event_name":"Nest","floor":19,"gold_loss":0},{"damage_healed":0,"gold_gain":0,"player_choice":"Simplicity","damage_taken":0,"max_hp_gain":0,"max_hp_loss":0,"event_name":"Back to Basics","floor":21,"gold_loss":0,"cards_upgraded":["Strike_R","Strike_R","Strike_R","Strike_R","Strike_R","Defend_R","Defend_R","Defend_R","Defend_R"]},{"damage_healed":0,"gold_gain":0,"player_choice":"Shed Blood","damage_taken":26,"max_hp_gain":5,"max_hp_loss":0,"event_name":"Forgotten Altar","floor":25,"gold_loss":0},{"cards_removed":["Strike_R"],"damage_healed":0,"gold_gain":0,"player_choice":"Gave Gold","damage_taken":0,"max_hp_gain":0,"max_hp_loss":0,"event_name":"Beggar","floor":30,"gold_loss":75}],"is_beta":false,"boss_relics":[{"not_picked":["Orrery","Calling Bell"],"picked":"Philosopher\u0027s Stone"}],"items_purged_floors":[],"is_endless":false,"potions_floor_spawned":[1,5,14,18,20],"killed_by":"Automaton","ascension_level":20}