{"gold_per_floor":[110,57,57,57,57,57,85,85,131,131,144,178,178,191,191,264,264,274,287,287,298,298,298,314,327,379,290,320,370,403,403,403,403],"floor_reached":33,"playtime":1000,"items_purged":[],"score":625,"play_id":"ff08543b-baef-41bc-a1b5-ede62f6380ad","local_time":"20190314014132","is_ascension_mode":true,"campfire_choices":[{"data":"Perfected Strike","floor":6,"key":"SMITH"},{"data":"Dual Wield","floor":8,"key":"SMITH"},{"data":"Bash","floor":10,"key":"SMITH"},{"data":"Pommel Strike","floor":13,"key":"SMITH"},{"data":"Spot Weakness","floor":15,"key":"SMITH"},{"floor":23,"key":"REST"},{"floor":32,"key":"REST"}],"neow_cost":"NONE","seed_source_timestamp":51805688554438,"circlet_count":0,"master_deck":["AscendersBane","Strike_R+1","Strike_R+1","Strike_R+1","Strike_R+1","Strike_R+1","Defend_R+1","Defend_R+1","Defend_R+1","Bash+1","Perfected Strike+1","Pommel Strike+1","Dual Wield+1","Spot Weakness+1","Offering","Wild Strike+1","Wild Strike","Wild Strike+1","Perfected Strike+1","Battle Trance","Perfected Strike","Dramatic Entrance","Perfected Strike+1"],"relics":["Burning Blood","NeowsBlessing","Meat on the Bone","Centennial Puzzle","Red Skull","Mango","Fusion Hammer","Blood Vial","Juzu Bracelet","Whetstone"],"potions_floor_usage":[18,28,30,33],"damage_taken":[{"damage":0,"enemies":"Jaw Worm","floor":1,"turns":1},{"damage":0,"enemies":"Gremlin Nob","floor":7,"turns":1},{"damage":0,"enemies":"Small Slimes","floor":11,"turns":1},{"damage":15,"enemies":"Lagavulin","floor":12,"turns":5},{"damage":1,"enemies":"Cultist","floor":14,"turns":3},{"damage":53,"enemies":"The Guardian","floor":16,"turns":7},{"damage":13,"enemies":"3 Byrds","floor":18,"turns":4},{"damage":6,"enemies":"Chosen","floor":19,"turns":2},{"damage":22,"enemies":"Centurion and Healer","floor":21,"turns":4},{"damage":6,"enemies":"Snecko","floor":24,"turns":1},{"damage":25,"enemies":"Cultist and Chosen","floor":25,"turns":4},{"damage":35,"enemies":"Book of Stabbing","floor":28,"turns":3},{"damage":18,"enemies":"Gremlin Leader","floor":30,"turns":4},{"damage":115,"enemies":"Collector","floor":33,"turns":7}],"seed_played":"8180694547302511002","potions_obtained":[{"floor":14,"key":"Fire Potion"},{"floor":18,"key":"Dexterity Potion"},{"floor":21,"key":"Regen Potion"},{"floor":30,"key":"SkillPotion"}],"is_trial":false,"path_per_floor":["M","$","?","T","?","R","E","R","T","R","M","E","R","M","R","B",null,"M","M","?","M","?","R","M","M","T","$","E","?","E","?","R","B"],"character_chosen":"IRONCLAD","items_purchased":["Pommel Strike","Dramatic Entrance"],"campfire_rested":2,"item_purchase_floors":[2,27],"current_hp_per_floor":[74,74,74,74,67,67,73,73,73,73,75,80,80,85,85,50,79,72,72,59,55,55,81,81,62,62,62,56,56,58,58,84,0],"gold":403,"neow_bonus":"THREE_ENEMY_KILL","is_prod":false,"is_daily":false,"chose_seed":false,"campfire_upgraded":5,"win_rate":0,"timestamp":1552542092,"path_taken":["M","$","?","?","?","R","E","R","T","R","M","E","R","M","R","BOSS","M","M","?","?","?","R","?","M","T","$","E","?","E","?","R","BOSS"],"build_version":"2019-01-23","purchased_purges":0,"victory":false,"max_hp_per_floor":[75,75,75,75,75,75,75,75,75,75,75,89,89,89,89,89,89,89,89,89,89,89,89,89,89,89,89,89,89,89,89,89,89],"card_choices":[{"not_picked":["Pommel Strike","Armaments"],"picked":"Perfected Strike","floor":1},{"not_picked":["Thunderclap","Havoc"],"picked":"Dual Wield","floor":7},{"not_picked":["Clash","True Grit","Infernal Blade"],"picked":"SKIP","floor":11},{"not_picked":["Armaments","Shockwave"],"picked":"Spot Weakness","floor":12},{"not_picked":["Body Slam","Clothesline","Searing Blow"],"picked":"SKIP","floor":14},{"not_picked":["Fiend Fire","Berserk"],"picked":"Offering","floor":16},{"not_picked":["Armaments","Whirlwind"],"picked":"Wild Strike","floor":18},{"not_picked":["Thunderclap","Body Slam"],"picked":"Wild Strike","floor":19},{"not_picked":["Flex","Searing Blow"],"picked":"Wild Strike+1","floor":21},{"not_picked":["Havoc","Shockwave"],"picked":"Battle Trance","floor":24},{"not_picked":["Disarm","Anger"],"picked":"Perfected Strike","floor":25},{"not_picked":["Clash+1","Armaments","Seeing Red"],"picked":"SKIP","floor":28},{"not_picked":["Demon Form","Sword Boomerang"],"picked":"Perfected Strike","floor":30}],"player_experience":1107202,"relics_obtained":[{"floor":4,"key":"Meat on the Bone"},{"floor":7,"key":"Centennial Puzzle"},{"floor":9,"key":"Red Skull"},{"floor":12,"key":"Mango"},{"floor":26,"key":"Blood Vial"},{"floor":28,"key":"Juzu Bracelet"},{"floor":30,"key":"Whetstone"}],"event_choices":[{"damage_healed":0,"gold_gain":0,"player_choice":"Leave","damage_taken":0,"max_hp_gain":0,"max_hp_loss":0,"event_name":"The Cleric","floor":3,"gold_loss":0},{"cards_removed":["Defend_R"],"damage_healed":0,"gold_gain":0,"player_choice":"Card Removal","damage_taken":7,"max_hp_gain":0,"max_hp_loss":0,"event_name":"Golden Wing","floor":5,"gold_loss":0},{"damage_healed":0,"gold_gain":0,"player_choice":"Damaged","damage_taken":13,"max_hp_gain":0,"max_hp_loss":0,"event_name":"Wheel of Change","floor":20,"gold_loss":0},{"damage_healed":0,"gold_gain":0,"player_choice":"Copied","damage_taken":0,"max_hp_gain":0,"max_hp_loss":0,"event_name":"Duplicator","floor":22,"gold_loss":0,"cards_obtained":["Perfected Strike"]},{"damage_healed":0,"gold_gain":50,"player_choice":"Pray","damage_taken":0,"max_hp_gain":0,"max_hp_loss":0,"event_name":"Golden Shrine","floor":29,"gold_loss":0},{"damage_healed":0,"gold_gain":0,"player_choice":"Simplicity","damage_taken":0,"max_hp_gain":0,"max_hp_loss":0,"event_name":"Back to Basics","floor":31,"gold_loss":0,"cards_upgraded":["Strike_R","Strike_R","Strike_R","Strike_R","Strike_R","Defend_R","Defend_R","Defend_R"]}],"is_beta":false,"boss_relics":[{"not_picked":["Black Star","Ectoplasm"],"picked":"Fusion Hammer"}],"items_purged_floors":[],"is_endless":false,"potions_floor_spawned":[14,18,21,24,30],"killed_by":"Collector","ascension_level":18}