{"gold_per_floor":[118,118,141,161,182,182,203,203,203,128,149,149,109,130,130,220,220,239,239,161,161],"floor_reached":21,"playtime":763,"items_purged":[],"score":333,"play_id":"b629b420-62ed-43af-979f-f2b482370800","local_time":"20180826110159","is_ascension_mode":true,"campfire_choices":[{"data":"Neutralize","floor":6,"key":"SMITH"},{"data":"Malaise","floor":12,"key":"SMITH"},{"floor":15,"key":"REST"}],"neow_cost":"TEN_PERCENT_HP_LOSS","seed_source_timestamp":954625848684581,"circlet_count":0,"master_deck":["Defend_G","Defend_G","Defend_G","Defend_G","Defend_G","Strike_G","Strike_G","Survivor","Neutralize+1","AscendersBane","Malaise+1","Poisoned Stab","Dagger Spray","Sucker Punch","Backflip","Cloak And Dagger","Wraith Form v2","Bouncing Flask","Infinite Blades","Burst","Infinite Blades"],"relics":["Ring of the Snake","Golden Idol","Tingsha","Runic Pyramid"],"potions_floor_usage":[16],"damage_taken":[{"damage":8,"enemies":"Cultist","floor":1,"turns":7},{"damage":1,"enemies":"Small Slimes","floor":3,"turns":5},{"damage":0,"enemies":"2 Louse","floor":4,"turns":3},{"damage":5,"enemies":"2 Fungi Beasts","floor":5,"turns":4},{"damage":9,"enemies":"Lots of Slimes","floor":7,"turns":6},{"damage":11,"enemies":"Exordium Thugs","floor":11,"turns":6},{"damage":1,"enemies":"Looter","floor":13,"turns":4},{"damage":15,"enemies":"Large Slime","floor":14,"turns":6},{"damage":13,"enemies":"Hexaghost","floor":16,"turns":11},{"damage":6,"enemies":"Chosen","floor":18,"turns":8},{"damage":38,"enemies":"3 Byrds","floor":21,"turns":6}],"seed_played":"362222306933259339","potions_obtained":[{"floor":1,"key":"Strength Potion"},{"floor":11,"key":"SpeedPotion"},{"floor":16,"key":"SpeedPotion"}],"is_trial":false,"path_per_floor":["M","?","M","M","M","R","M","?","T","?","M","R","M","M","R","B",null,"M","?","$"],"character_chosen":"THE_SILENT","items_purchased":["Infinite Blades"],"campfire_rested":1,"item_purchase_floors":[20],"current_hp_per_floor":[51,51,50,50,45,45,36,36,36,36,25,25,24,9,25,12,44,38,38,38,0],"gold":161,"neow_bonus":"THREE_RARE_CARDS","is_prod":false,"is_daily":false,"chose_seed":false,"campfire_upgraded":2,"win_rate":0,"timestamp":1535306519,"path_taken":["M","?","M","M","M","R","M","?","T","?","M","R","?","M","R","BOSS","M","?","$","M"],"build_version":"2018-08-23v2","purchased_purges":0,"victory":false,"max_hp_per_floor":[60,54,54,54,54,54,54,54,54,54,54,54,54,54,54,54,54,54,54,54,54],"card_choices":[{"not_picked":["Wraith Form v2","Envenom"],"picked":"Malaise","floor":0},{"not_picked":["Infinite Blades","Acrobatics"],"picked":"Poisoned Stab","floor":1},{"not_picked":["Sucker Punch","PiercingWail"],"picked":"Dagger Spray","floor":3},{"not_picked":["Dagger Spray","Calculated Gamble"],"picked":"Sucker Punch","floor":4},{"not_picked":["Unload","Bane"],"picked":"Backflip","floor":5},{"not_picked":["Poisoned Stab","Dodge and Roll"],"picked":"Cloak And Dagger","floor":7},{"not_picked":["Blur","Expertise"],"picked":"Bouncing Flask","floor":11},{"not_picked":["Sucker Punch","Backflip"],"picked":"Infinite Blades","floor":13},{"not_picked":["Prepared","Acrobatics","Deflect"],"picked":"SKIP","floor":14},{"not_picked":["Night Terror","Corpse Explosion"],"picked":"Burst","floor":16},{"not_picked":["Concentrate","Slice","Outmaneuver"],"picked":"SKIP","floor":18}],"player_experience":901124,"relics_obtained":[{"floor":9,"key":"Tingsha"}],"event_choices":[{"event_name":"Golden Idol","player_choice":"Lose Max HP","floor":2,"damage_taken":0},{"event_name":"Transmorgrifier","player_choice":"Transform","floor":8,"damage_taken":0},{"event_name":"The Cleric","player_choice":"Card Removal","floor":10,"damage_taken":0},{"event_name":"Purifier","player_choice":"One Purge","floor":19,"damage_taken":0}],"is_beta":true,"boss_relics":[{"not_picked":["Lizard Tail","Empty Cage"],"picked":"Runic Pyramid"}],"items_purged_floors":[],"is_endless":false,"potions_floor_spawned":[1,11,16],"killed_by":"3 Byrds","ascension_level":19}