{"gold_per_floor":[114,61,79,96,114,114,84,119,146,166,186,186,186,186,186,257,257,276,125,125,104,123,123,123],"floor_reached":24,"playtime":858,"items_purged":["Strike_G"],"score":400,"play_id":"7a6ead7d-5ff2-4ee1-b08d-50bf2e8191f2","local_time":"20181121165302","is_ascension_mode":true,"campfire_choices":[{"data":"Neutralize","floor":6,"key":"SMITH"},{"floor":13,"key":"REST"},{"data":"Caltrops","floor":15,"key":"SMITH"},{"floor":23,"key":"REST"}],"neow_cost":"NONE","seed_source_timestamp":592205206310870,"circlet_count":0,"master_deck":["AscendersBane","Defend_G","Defend_G","Defend_G","Defend_G","Defend_G","Strike_G","Strike_G","Strike_G","Survivor","Neutralize+1","Dramatic Entrance","Crippling Poison","Dagger Throw","Backflip","Sucker Punch","Caltrops+1","Poisoned Stab","Backflip","Dodge and Roll","After Image","Well Laid Plans","Infinite Blades","Deflect","Dash","Cloak And Dagger"],"relics":["Ring of the Snake","Peace Pipe","Orichalcum","Orrery","MutagenicStrength"],"potions_floor_usage":[8,8,8,8],"damage_taken":[{"damage":0,"enemies":"Jaw Worm","floor":1,"turns":4},{"damage":7,"enemies":"Small Slimes","floor":3,"turns":3},{"damage":2,"enemies":"2 Louse","floor":4,"turns":4},{"damage":0,"enemies":"2 Fungi Beasts","floor":5,"turns":4},{"damage":7,"enemies":"Exordium Thugs","floor":7,"turns":4},{"damage":25,"enemies":"Lagavulin","floor":8,"turns":5},{"damage":0,"enemies":"3 Louse","floor":10,"turns":3},{"damage":15,"enemies":"Large Slime","floor":11,"turns":8},{"damage":31,"enemies":"The Guardian","floor":16,"turns":16},{"damage":12,"enemies":"Chosen","floor":18,"turns":7},{"damage":24,"enemies":"2 Thieves","floor":21,"turns":4},{"damage":11,"enemies":"Centurion and Healer","floor":22,"turns":11},{"damage":38,"enemies":"3 Cultists","floor":24,"turns":5}],"seed_played":"-4469020105111251161","potions_obtained":[{"floor":1,"key":"EntropicBrew"},{"floor":5,"key":"Regen Potion"},{"floor":16,"key":"Ancient Potion"},{"floor":21,"key":"LiquidBronze"}],"is_trial":false,"path_per_floor":["M","$","M","M","M","R","M","E","T","M","M","?","R","?","R","B",null,"M","$","?","M","M","R","M"],"character_chosen":"THE_SILENT","items_purchased":["Dagger Throw","Dash"],"campfire_rested":2,"item_purchase_floors":[2,19],"current_hp_per_floor":[59,59,52,50,50,50,43,32,32,32,17,17,36,58,58,27,56,44,44,44,20,9,28,0],"gold":123,"neow_bonus":"RANDOM_COLORLESS","is_prod":false,"is_daily":false,"chose_seed":false,"campfire_upgraded":2,"win_rate":0,"timestamp":1542844382,"path_taken":["M","$","M","M","M","R","M","E","T","M","M","?","R","?","R","BOSS","M","$","?","M","M","R","M"],"build_version":"2018-11-15","purchased_purges":1,"victory":false,"max_hp_per_floor":[66,66,66,66,66,66,66,66,66,66,66,66,66,66,66,66,66,66,66,66,66,66,66,66],"card_choices":[{"not_picked":["Quick Slash","Deadly Poison"],"picked":"Crippling Poison","floor":1},{"not_picked":["Bane","Prepared"],"picked":"Backflip","floor":3},{"not_picked":["Tactician","Expertise"],"picked":"Sucker Punch","floor":4},{"not_picked":["Deflect","Terror"],"picked":"Caltrops","floor":5},{"not_picked":["Dodge and Roll","Flying Knee"],"picked":"Poisoned Stab","floor":7},{"not_picked":["Skewer","Calculated Gamble"],"picked":"Backflip","floor":8},{"not_picked":["Sucker Punch","Wraith Form v2","Blade Dance"],"picked":"SKIP","floor":10},{"not_picked":["Prepared","Riddle With Holes"],"picked":"Dodge and Roll","floor":11},{"not_picked":["Adrenaline","Die Die Die"],"picked":"After Image","floor":16},{"not_picked":["Reflex","Deadly Poison"],"picked":"Well Laid Plans","floor":17},{"not_picked":["Backflip","Quick Slash"],"picked":"Infinite Blades","floor":17},{"not_picked":["Poisoned Stab","Bouncing Flask"],"picked":"Deflect","floor":17},{"not_picked":["Flying Knee","Quick Slash","Caltrops+1"],"picked":"SKIP","floor":18},{"not_picked":["Poisoned Stab","Skewer"],"picked":"Cloak And Dagger","floor":21},{"not_picked":["Distraction","Eviscerate","Acrobatics"],"picked":"SKIP","floor":22}],"player_experience":969861,"relics_obtained":[{"floor":8,"key":"Peace Pipe"},{"floor":9,"key":"Orichalcum"}],"event_choices":[{"cards_removed":["Strike_G"],"damage_healed":0,"gold_gain":0,"player_choice":"Forget","damage_taken":0,"max_hp_gain":0,"max_hp_loss":0,"event_name":"Living Wall","floor":12,"gold_loss":0},{"damage_healed":22,"gold_gain":0,"player_choice":"Banana","damage_taken":0,"max_hp_gain":0,"max_hp_loss":0,"event_name":"Big Fish","floor":14,"gold_loss":0},{"damage_healed":0,"gold_gain":0,"player_choice":"Inject Mutagens","damage_taken":0,"relics_obtained":["MutagenicStrength"],"max_hp_gain":0,"max_hp_loss":0,"event_name":"Drug Dealer","floor":20,"gold_loss":0}],"is_beta":true,"boss_relics":[{"not_picked":["WristBlade","Velvet Choker"],"picked":"Orrery"}],"items_purged_floors":[19],"is_endless":false,"potions_floor_spawned":[1,5,16,21],"killed_by":"3 Cultists","ascension_level":20}