{"gold_per_floor":[119,130,130,148,64,64,29,39,88,100,190,219,247,275,287,370,382,404,441,469,481,418,430],"floor_reached":23,"playtime":540,"items_purged":[],"score":348,"play_id":"1a9f1a2b-7b95-46fb-93f1-543bcd0ee1c2","local_time":"20181026002101","is_ascension_mode":true,"campfire_choices":[{"data":"Reinforced Body","floor":6.0,"key":"SMITH"},{"data":"Hologram","floor":10.0,"key":"SMITH"},{"data":"Dualcast","floor":15.0,"key":"SMITH"}],"neow_cost":"NONE","seed_source_timestamp":432135999866572,"circlet_count":0,"master_deck":["Strike_B","Strike_B","Strike_B+1","Defend_B","Defend_B","Defend_B","Defend_B","Zap+1","Dualcast+1","AscendersBane","Sweeping Beam","Coolheaded","Hologram+1","Reinforced Body+1","Go for the Eyes","Stack","Ball Lightning","Meteor Strike","Aggregate","Coolheaded","Decay"],"special_seed":0,"relics":["Cracked Core","Ancient Tea Set","MawBank","Symbiotic Virus","Sozu","Strawberry"],"potions_floor_usage":[23],"damage_taken":[{"damage":0.0,"enemies":"2 Louse","floor":1.0,"turns":2.0},{"damage":4.0,"enemies":"Jaw Worm","floor":2.0,"turns":3.0},{"damage":3.0,"enemies":"Small Slimes","floor":4.0,"turns":4.0},{"damage":0.0,"enemies":"Blue Slaver","floor":8.0,"turns":4.0},{"damage":0.0,"enemies":"Red Slaver","floor":12.0,"turns":4.0},{"damage":6.0,"enemies":"Large Slime","floor":13.0,"turns":5.0},{"damage":0.0,"enemies":"Blue Slaver","floor":14.0,"turns":5.0},{"damage":6.0,"enemies":"Hexaghost","floor":16.0,"turns":10.0},{"damage":23.0,"enemies":"Shell Parasite","floor":18.0,"turns":7.0},{"damage":24.0,"enemies":"Chosen","floor":20.0,"turns":5.0},{"damage":27,"enemies":"Book of Stabbing","floor":23,"turns":4}],"seed_played":"-8938706709040812444","potions_obtained":[{"floor":2.0,"key":"Explosive Potion"},{"floor":13.0,"key":"Fire Potion"},{"floor":16.0,"key":"PowerPotion"}],"is_trial":false,"path_per_floor":["M","M","?","M","$","R","?","M","T","R","T","M","M","M","R","B",null,"M","T","M","?","?"],"character_chosen":"DEFECT","items_purchased":["Reinforced Body"],"campfire_rested":0,"item_purchase_floors":[5],"current_hp_per_floor":[64,60,39,36,36,36,53,53,53,53,53,53,47,47,47,41,64,41,48,24,24,24,0],"gold":430,"neow_bonus":"RANDOM_COMMON_RELIC","is_prod":false,"is_daily":false,"chose_seed":false,"campfire_upgraded":3,"win_rate":0,"timestamp":1540538461,"path_taken":["M","M","?","M","$","R","?","M","T","R","?","M","M","M","R","BOSS","M","?","?","?","?","E"],"build_version":"2018-10-25v2","purchased_purges":0,"victory":false,"max_hp_per_floor":[71,71,71,71,71,71,71,71,71,71,71,71,71,71,71,71,71,71,78,78,78,78,78],"card_choices":[{"not_picked":["Storm","Steam"],"picked":"Sweeping Beam","floor":1.0},{"not_picked":["Steam","Loop"],"picked":"Coolheaded","floor":2.0},{"not_picked":["Coolheaded","Redo"],"picked":"Hologram","floor":4.0},{"not_picked":["Steam","Storm"],"picked":"Go for the Eyes","floor":8.0},{"not_picked":["Rainbow","Lockon","Skim"],"picked":"SKIP","floor":12.0},{"not_picked":["Steam","Rebound"],"picked":"Stack","floor":13.0},{"not_picked":["Storm","Tempest"],"picked":"Ball Lightning","floor":14.0},{"not_picked":["Reboot","Amplify"],"picked":"Meteor Strike","floor":16.0},{"not_picked":["Go for the Eyes","Double Energy"],"picked":"Aggregate","floor":18.0},{"not_picked":["Hologram","Beam Cell"],"picked":"Coolheaded","floor":20.0}],"player_experience":938515,"relics_obtained":[{"floor":9.0,"key":"MawBank"},{"floor":11.0,"key":"Symbiotic Virus"},{"floor":19.0,"key":"Strawberry"}],"event_choices":[{"damage_healed":0.0,"max_hp_gain":0.0,"max_hp_loss":0.0,"gold_gain":0.0,"event_name":"Shining Light","player_choice":"Entered Light","floor":3.0,"gold_loss":0.0,"damage_taken":21.0,"cards_upgraded":["Zap","Strike_B"]},{"damage_healed":17.0,"max_hp_gain":0.0,"max_hp_loss":0.0,"gold_gain":0.0,"event_name":"The Cleric","player_choice":"Healed","floor":7.0,"gold_loss":35.0,"damage_taken":0.0},{"damage_healed":0.0,"max_hp_gain":0.0,"max_hp_loss":0.0,"gold_gain":0.0,"event_name":"Forgotten Altar","player_choice":"Smashed Altar","floor":21.0,"gold_loss":0.0,"damage_taken":0.0,"cards_obtained":["Decay"]},{"cards_removed":["Strike_B"],"damage_healed":0.0,"max_hp_gain":0.0,"max_hp_loss":0.0,"gold_gain":0.0,"event_name":"Beggar","player_choice":"Gave Gold","floor":22.0,"gold_loss":75.0,"damage_taken":0.0}],"is_beta":true,"boss_relics":[{"not_picked":["Velvet Choker","Philosopher\u0027s Stone"],"picked":"Sozu"}],"items_purged_floors":[],"is_endless":false,"potions_floor_spawned":[2,13,16],"killed_by":"Book of Stabbing","ascension_level":18}