{"path_per_floor":["M","?","M","T","M","R","E","M","T","R","M","R","M","M","R"],"character_chosen":"IRONCLAD","items_purchased":[],"gold_per_floor":[116,291,309,309,326,326,361,372,372,372,384,384,400,417,417,417],"floor_reached":16,"campfire_rested":2,"playtime":198,"current_hp_per_floor":[80,80,80,80,80,80,59,32,32,56,49,49,45,40,64,64],"items_purged":[],"gold":417,"score":104,"play_id":"f50c0e5d-b9b1-4c06-b0fb-74f8553d523f","local_time":"20180414105921","is_prod":false,"is_daily":false,"chose_seed":false,"is_ascension_mode":false,"campfire_upgraded":2,"timestamp":1523728761,"path_taken":["M","?","?","?","?","R","E","M","T","R","M","R","M","M","R","BOSS"],"build_version":"2018-04-12","seed_source_timestamp":223055240663097,"purchased_purges":0,"victory":false,"master_deck":["Strike_R","Strike_R","Strike_R","Strike_R","Strike_R","Defend_R","Defend_R","Defend_R","Defend_R","Bash+1","Clash","Doubt","Flex","Cleave","Demon Form","Flex","Cleave+1","Spot Weakness","Thunderclap"],"max_hp_per_floor":[80,80,80,80,80,80,80,80,80,80,80,80,80,80,80,80],"relics":["Burning Blood","NeowsBlessing","Matryoshka","Art of War","Vajra","Centennial Puzzle"],"card_choices":[{"not_picked":["Twin Strike","Infernal Blade"],"picked":"Clash","floor":1},{"not_picked":["Reckless Charge","Pommel Strike"],"picked":"Flex","floor":3},{"not_picked":["Fire Breathing","Metallicize"],"picked":"Cleave","floor":5},{"not_picked":["Inflame","Fire Breathing"],"picked":"Demon Form","floor":7},{"not_picked":["Pommel Strike","Shrug It Off"],"picked":"Flex","floor":8},{"not_picked":["True Grit","Headbutt"],"picked":"Cleave","floor":11},{"not_picked":["Power Through","Warcry"],"picked":"Spot Weakness","floor":13},{"not_picked":["Sentinel","Dark Embrace"],"picked":"Thunderclap","floor":14}],"player_experience":463759,"potions_floor_usage":[8],"damage_taken":[{"damage":0,"enemies":"2 Louse","floor":1,"turns":1},{"damage":0,"enemies":"Small Slimes","floor":3,"turns":1},{"damage":0,"enemies":"Cultist","floor":5,"turns":2},{"damage":27,"enemies":"3 Sentries","floor":7,"turns":8},{"damage":33,"enemies":"Exordium Thugs","floor":8,"turns":3},{"damage":13,"enemies":"Red Slaver","floor":11,"turns":2},{"damage":10,"enemies":"Gremlin Gang","floor":13,"turns":3},{"damage":11,"enemies":"Exordium Wildlife","floor":14,"turns":3},{"damage":0,"enemies":"The Guardian","floor":16,"turns":1}],"event_choices":[{"event_name":"Liars Game","player_choice":"agreed","floor":2,"damage_taken":0}],"boss_relics":[],"potions_floor_spawned":[3,8,13],"seed_played":"-5076271022080654149","killed_by":"The Guardian","ascension_level":0,"is_trial":false}