{"gold_per_floor":[118,32,43,43,43,43,78,93,145,145,179,29,29,49,49,146,146,157,257,257,273,273,273,273],"floor_reached":24,"playtime":794,"items_purged":[],"score":261,"play_id":"6a63c3d1-3309-40b5-afea-3aec023878dd","local_time":"20190508231225","is_ascension_mode":true,"campfire_choices":[{"data":"Panacea","floor":6,"key":"SMITH"},{"data":"Cold Snap","floor":10,"key":"SMITH"},{"data":"Dualcast","floor":13,"key":"SMITH"},{"floor":15,"key":"REST"},{"floor":23,"key":"REST"}],"neow_cost":"NONE","seed_source_timestamp":15673336955386,"circlet_count":0,"master_deck":["Strike_B","Strike_B","Strike_B","Strike_B","Defend_B","Defend_B","Defend_B+1","Defend_B","Zap","Dualcast+1","Cold Snap+1","Panacea+1","Conserve Battery+1","Capacitor","Ball Lightning","Cold Snap","Core Surge","White Noise","Coolheaded+1","Panacea+1"],"relics":["Cracked Core","NeowsBlessing","War Paint","DataDisk","Matryoshka","Anchor","Sozu","Gambling Chip","Kunai","Vajra","Symbiotic Virus"],"potions_floor_usage":[16,16],"damage_taken":[{"damage":0,"enemies":"2 Louse","floor":1,"turns":1},{"damage":0,"enemies":"Cultist","floor":3,"turns":1},{"damage":0,"enemies":"Lagavulin","floor":7,"turns":1},{"damage":2,"enemies":"Jaw Worm","floor":8,"turns":3},{"damage":24,"enemies":"Gremlin Nob","floor":11,"turns":4},{"damage":6,"enemies":"Blue Slaver","floor":14,"turns":3},{"damage":9,"enemies":"Slime Boss","floor":16,"turns":11},{"damage":6,"enemies":"Spheric Guardian","floor":18,"turns":4},{"damage":7,"enemies":"Colosseum Slavers","floor":19,"turns":5},{"damage":42,"enemies":"Colosseum Nobs","floor":19,"turns":5},{"damage":0,"enemies":"Chosen","floor":21,"turns":4},{"damage":49,"enemies":"Gremlin Leader","floor":24,"turns":5}],"seed_played":"1381471943883036388","potions_obtained":[{"floor":1,"key":"FocusPotion"},{"floor":8,"key":"EssenceOfSteel"},{"floor":14,"key":"Block Potion"}],"is_trial":false,"path_per_floor":["M","$","M","?","$","R","E","M","T","R","E","$","R","M","R","B",null,"M","?","?","M","T","R","E"],"character_chosen":"DEFECT","items_purchased":["Panacea","Anchor"],"campfire_rested":2,"item_purchase_floors":[2,12],"current_hp_per_floor":[75,75,75,75,75,75,75,73,73,73,49,49,49,43,65,56,75,69,20,20,20,20,42,0],"gold":273,"neow_bonus":"THREE_ENEMY_KILL","is_prod":false,"is_daily":false,"chose_seed":false,"campfire_upgraded":3,"win_rate":0,"timestamp":1557371545,"path_taken":["M","$","M","?","?","R","E","M","T","R","E","$","R","M","R","BOSS","M","?","?","?","?","R","E"],"build_version":"2019-01-23","purchased_purges":0,"victory":false,"max_hp_per_floor":[75,75,75,75,75,75,75,75,75,75,75,75,75,75,75,75,75,75,75,75,75,75,75,75],"card_choices":[{"not_picked":["Go for the Eyes","Coolheaded"],"picked":"Cold Snap","floor":1},{"not_picked":["Leap","Reprogram"],"picked":"Conserve Battery","floor":3},{"not_picked":["Beam Cell","Steam Power","Streamline"],"picked":"SKIP","floor":7},{"not_picked":["Force Field","BootSequence"],"picked":"Capacitor","floor":8},{"not_picked":["Conserve Battery","Go for the Eyes"],"picked":"Ball Lightning","floor":11},{"not_picked":["Beam Cell","Darkness"],"picked":"Cold Snap","floor":14},{"not_picked":["Machine Learning","Rainbow"],"picked":"Core Surge","floor":16},{"not_picked":["Sweeping Beam+1","Fusion"],"picked":"White Noise","floor":18},{"not_picked":["Hello World","Rebound"],"picked":"Coolheaded+1","floor":19},{"not_picked":["Streamline","Coolheaded+1","Leap"],"picked":"SKIP","floor":21}],"player_experience":959948,"relics_obtained":[{"floor":7,"key":"DataDisk"},{"floor":11,"key":"Matryoshka"},{"floor":19,"key":"Gambling Chip"},{"floor":19,"key":"Kunai"},{"floor":22,"key":"Vajra"},{"floor":22,"key":"Symbiotic Virus"}],"event_choices":[{"damage_healed":0,"gold_gain":0,"player_choice":"Gave Potion","damage_taken":0,"relics_obtained":["War Paint"],"max_hp_gain":0,"max_hp_loss":0,"event_name":"WeMeetAgain","floor":4,"gold_loss":0},{"damage_healed":0,"gold_gain":0,"player_choice":"Fight","damage_taken":0,"max_hp_gain":0,"max_hp_loss":0,"event_name":"Colosseum","floor":19,"gold_loss":0},{"damage_healed":0,"gold_gain":0,"player_choice":"Fought Nobs","damage_taken":0,"max_hp_gain":0,"max_hp_loss":0,"event_name":"Colosseum","floor":19,"gold_loss":0},{"damage_healed":0,"gold_gain":0,"player_choice":"Copied","damage_taken":0,"max_hp_gain":0,"max_hp_loss":0,"event_name":"Duplicator","floor":20,"gold_loss":0,"cards_obtained":["Panacea"]}],"is_beta":false,"boss_relics":[{"not_picked":["Nuclear Battery","Coffee Dripper"],"picked":"Sozu"}],"items_purged_floors":[],"is_endless":false,"potions_floor_spawned":[1,8,14,19,21],"killed_by":"Gremlin Leader","ascension_level":3}