{"gold_per_floor":[112,62,62,89,54,54,73,107,107,140,140,151,151,175,187,270,282,307,329,32,32,32,32,48,48],"floor_reached":25,"playtime":1205,"items_purged":["Strike_G"],"score":414,"play_id":"b33bcc48-01cb-4feb-8bbf-26ccbc80c2fd","local_time":"20190509171135","is_ascension_mode":true,"campfire_choices":[{"data":"Noxious Fumes","floor":6,"key":"SMITH"},{"data":"Dagger Spray","floor":11,"key":"SMITH"},{"data":"Neutralize","floor":13,"key":"SMITH"},{"floor":15,"key":"REST"},{"data":"Footwork","floor":23,"key":"SMITH"}],"neow_cost":"NONE","seed_source_timestamp":1465351222944439,"circlet_count":0,"master_deck":["AscendersBane","Defend_G","Defend_G","Defend_G","Defend_G","Defend_G","Survivor","Neutralize+1","Noxious Fumes+1","Dagger Throw","Dagger Spray+1","Bouncing Flask","Backflip","Corpse Explosion","Deadly Poison","Footwork+1","Grand Finale","Noxious Fumes","Blur"],"special_seed":0,"relics":["Ring of the Snake","Smiling Mask","Orichalcum","Matryoshka","Centennial Puzzle","Thread and Needle","Dead Branch","Singing Bowl","MawBank","Black Star","Pantograph"],"potions_floor_usage":[8,18,25],"damage_taken":[{"damage":15,"enemies":"Cultist","floor":1,"turns":7},{"damage":1,"enemies":"Small Slimes","floor":7,"turns":4},{"damage":19,"enemies":"3 Sentries","floor":8,"turns":8},{"damage":23,"enemies":"Gremlin Nob","floor":10,"turns":5},{"damage":0,"enemies":"Jaw Worm","floor":12,"turns":4},{"damage":28,"enemies":"Slime Boss","floor":16,"turns":10},{"damage":9,"enemies":"2 Thieves","floor":18,"turns":2},{"damage":1,"enemies":"Spheric Guardian","floor":19,"turns":3},{"damage":4,"enemies":"Centurion and Healer","floor":24,"turns":6},{"damage":54,"enemies":"Slavers","floor":25,"turns":3}],"seed_played":"4984208435193201571","potions_obtained":[{"floor":7,"key":"Swift Potion"},{"floor":16,"key":"SkillPotion"},{"floor":19,"key":"Block Potion"}],"is_trial":false,"path_per_floor":["M","$","?","T","?","R","M","E","T","E","R","M","R","T","R","B",null,"M","M","$","?","?","R","M","E"],"character_chosen":"THE_SILENT","items_purchased":["Footwork","Pantograph"],"campfire_rested":1,"item_purchase_floors":[20,20],"current_hp_per_floor":[44,44,37,37,53,53,52,33,33,10,10,10,10,10,29,1,50,41,42,42,42,42,42,40,0],"gold":48,"neow_bonus":"RANDOM_COMMON_RELIC","is_prod":false,"is_daily":false,"chose_seed":false,"campfire_upgraded":4,"win_rate":0,"timestamp":1557436295,"path_taken":["M","?","?","?","?","R","?","E","T","E","R","M","R","?","R","BOSS","M","?","$","?","?","R","M","E"],"build_version":"2019-01-23","purchased_purges":1,"victory":false,"max_hp_per_floor":[66,66,66,66,66,66,66,66,66,66,66,66,66,66,66,66,66,66,68,68,68,68,68,70,70],"card_choices":[{"not_picked":["Flying Knee","Underhanded Strike"],"picked":"Noxious Fumes","floor":1},{"not_picked":["Finisher","Bane"],"picked":"Dagger Throw","floor":7},{"not_picked":["Sucker Punch","Bouncing Flask"],"picked":"Dagger Spray","floor":8},{"not_picked":["Cloak And Dagger","Dash"],"picked":"Bouncing Flask","floor":10},{"not_picked":["Expertise","Blade Dance"],"picked":"Backflip","floor":12},{"not_picked":["Grand Finale","Glass Knife"],"picked":"Corpse Explosion","floor":16},{"not_picked":["Dagger Throw","Dodge and Roll"],"picked":"Deadly Poison","floor":18},{"not_picked":["Bane","Blade Dance","Distraction"],"picked":"Singing Bowl","floor":19},{"not_picked":["Dagger Throw","Riddle With Holes","PiercingWail"],"picked":"Singing Bowl","floor":24}],"player_experience":2512393,"relics_obtained":[{"floor":4,"key":"Orichalcum"},{"floor":8,"key":"Matryoshka"},{"floor":9,"key":"Centennial Puzzle"},{"floor":9,"key":"Thread and Needle"},{"floor":10,"key":"Dead Branch"},{"floor":14,"key":"Singing Bowl"},{"floor":14,"key":"MawBank"}],"event_choices":[{"cards_removed":["Strike_G"],"damage_healed":0,"gold_gain":0,"player_choice":"Card Removal","damage_taken":7,"max_hp_gain":0,"max_hp_loss":0,"event_name":"Golden Wing","floor":3,"gold_loss":0},{"damage_healed":16,"gold_gain":0,"player_choice":"Healed","damage_taken":0,"max_hp_gain":0,"max_hp_loss":0,"event_name":"The Cleric","floor":5,"gold_loss":35},{"damage_healed":0,"gold_gain":0,"cards_transformed":["Strike_G","Strike_G"],"player_choice":"Became Test Subject","damage_taken":0,"max_hp_gain":0,"max_hp_loss":0,"event_name":"Drug Dealer","floor":21,"gold_loss":0,"cards_obtained":["Grand Finale","Noxious Fumes"]},{"damage_healed":0,"gold_gain":0,"cards_transformed":["Strike_G"],"player_choice":"Transformed","damage_taken":0,"max_hp_gain":0,"max_hp_loss":0,"event_name":"Transmorgrifier","floor":22,"gold_loss":0,"cards_obtained":["Blur"]}],"is_beta":false,"boss_relics":[{"not_picked":["Empty Cage","Runic Dome"],"picked":"Black Star"}],"items_purged_floors":[2],"is_endless":false,"potions_floor_spawned":[7,16,19],"killed_by":"Slavers","ascension_level":20}