{"path_per_floor":["M","?","M","M","?","R","?","E","T","M","?","M","M","$","R","B",null,"M","T","?","M","M","R","M","M","T","M","M","M","R","E","R"],"character_chosen":"THE_SILENT","items_purchased":["Infinite Blades","Heel Hook","Backstab"],"gold_per_floor":[117,117,133,152,227,227,227,288,288,303,303,314,329,66,66,169,169,169,169,149,149,149,149,149,149,149,149,149,149,149,149,149],"floor_reached":33,"campfire_rested":2,"playtime":2886,"current_hp_per_floor":[70,58,58,58,47,47,40,33,33,33,56,53,53,53,53,21,58,50,50,50,50,46,46,30,30,30,6,6,6,27,13,34],"items_purged":["Strike_G"],"gold":149,"score":367,"play_id":"02e2b813-a14b-4f17-ae0f-a2180a07c843","is_prod":false,"is_daily":false,"is_ascension_mode":true,"campfire_upgraded":3,"path_taken":["M","?","M","M","?","R","?","E","T","M","?","?","M","$","R","BOSS","M","?","?","M","M","R","M","M","T","M","M","M","R","E","R","BOSS"],"build_version":"2018-02-15-PROD1","purchased_purges":1,"victory":false,"master_deck":["Defend_G","Defend_G","Defend_G","Defend_G","Defend_G","Survivor","Neutralize","Backflip+1","Heel Hook+1","Sucker Punch+1","Burst+1","Backstab","Footwork","Heel Hook","Infinite Blades+1","Heel Hook","Backstab","A Thousand Cuts+1","Heel Hook","PiercingWail+1","Terror","Backstab","Adrenaline","Dash"],"max_hp_per_floor":[70,70,70,70,70,70,70,70,70,70,70,70,70,70,70,70,70,70,70,70,70,70,70,70,70,70,70,70,70,70,70,70],"relics":["Astrolabe","Dodecahedron","Tiny Chest","Ancient Tea Set","Ectoplasm","Bag of Marbles","Ginger","Singing Bowl"],"card_choices":[{"not_picked":["Skewer","Dagger Throw"],"picked":"Burst"},{"not_picked":["Leg Sweep","Outmaneuver"],"picked":"Backstab"},{"not_picked":["Underhanded Strike","Expertise"],"picked":"Footwork"},{"not_picked":["Acrobatics","Dodge and Roll"],"picked":"Heel Hook"},{"not_picked":["Venomology","Envenom"],"picked":"A Thousand Cuts"},{"not_picked":["Deflect","Deadly Poison"],"picked":"Heel Hook"},{"not_picked":["Flying Knee","Poisoned Stab"],"picked":"PiercingWail"},{"not_picked":["Backflip","Dash"],"picked":"Terror"},{"not_picked":["Slice","Blade Dance"],"picked":"Backstab"},{"not_picked":["Deadly Poison","Flechettes"],"picked":"Adrenaline"},{"not_picked":["Slice","Dagger Throw"],"picked":"Dash"}],"player_experience":303641,"potions_floor_usage":[16,21,21,22,22,24,28,33],"damage_taken":[{"damage":0,"enemies":"2 Louse","floor":1,"turns":2},{"damage":0,"enemies":"Cultist","floor":3,"turns":4},{"damage":0,"enemies":"Jaw Worm","floor":4,"turns":4},{"damage":7,"enemies":"Lagavulin","floor":8,"turns":11},{"damage":0,"enemies":"Exordium Thugs","floor":10,"turns":6},{"damage":3,"enemies":"3 Louse","floor":12,"turns":3},{"damage":0,"enemies":"Looter","floor":13,"turns":3},{"damage":32,"enemies":"Slime Boss","floor":16,"turns":18},{"damage":8,"enemies":"Spheric Guardian","floor":18,"turns":6},{"damage":0,"enemies":"3 Byrds","floor":21,"turns":4},{"damage":4,"enemies":"Cultist and Chosen","floor":22,"turns":5},{"damage":16,"enemies":"Centurion and Healer","floor":24,"turns":5},{"damage":0,"enemies":"Snecko","floor":25,"turns":5},{"damage":24,"enemies":"Snake Plant","floor":27,"turns":4},{"damage":0,"enemies":"3 Cultists","floor":28,"turns":4},{"damage":0,"enemies":"Snecko","floor":29,"turns":4},{"damage":14,"enemies":"Gremlin Leader","floor":31,"turns":5},{"damage":41,"enemies":"Champ","floor":33,"turns":8}],"event_choices":[{"event_name":"Scrap Ooze","player_choice":"success","floor":2,"damage_taken":12},{"event_name":"World of Goop","player_choice":"Gather Gold","floor":5,"damage_taken":0},{"event_name":"Golden Wing","player_choice":"Card Removal","floor":7,"damage_taken":0},{"event_name":"Big Fish","player_choice":"Banana","floor":11,"damage_taken":0},{"event_name":"The Woman in Blue","player_choice":"Bought 1 Potion","floor":20,"damage_taken":0}],"boss_relics":[{"not_picked":["Cursed Key","Lizard Tail"],"picked":"Ectoplasm"}],"potions_floor_spawned":[1,3,12,13,21,22,27,29],"seed_played":"7550491429393962579","killed_by":"Champ","ascension_level":5,"is_trial":false}