{"gold_per_floor":[116,131,37,56,56,389,389,400,472,487,487,500,555,572,572,673,673,654,668,685,685,341,341,352,91,117,83,83],"floor_reached":28,"playtime":16379,"items_purged":[],"score":244,"play_id":"f690d15b-bafb-4068-a678-3161ac0f316b","local_time":"20190425132137","is_ascension_mode":true,"campfire_choices":[{"floor":7.0,"key":"RECALL"},{"floor":11.0,"key":"REST"},{"data":"Defragment","floor":15.0,"key":"SMITH"},{"floor":23.0,"key":"REST"}],"neow_cost":"NONE","seed_source_timestamp":0,"circlet_count":0,"master_deck":["Strike_B","Strike_B","Strike_B","Defend_B","Defend_B","Defend_B","Defend_B","Zap","Dualcast","Leap","Lockon+1","Cold Snap","Coolheaded","Undo","Biased Cognition","Conserve Battery","Auto Shields","Steam Power","Conserve Battery","Defragment+1","Seek","Cold Snap+1","Rebound","Turbo+1","Echo Form","Doom and Gloom","Capacitor"],"special_seed":0,"relics":["Cracked Core","Old Coin","Tiny Chest","Nuclear Battery","OrangePellets","Mummified Hand","Pen Nib"],"potions_floor_usage":[],"damage_taken":[{"damage":2.0,"enemies":"Small Slimes","floor":1.0,"turns":3.0},{"damage":0.0,"enemies":"Cultist","floor":2.0,"turns":3.0},{"damage":4.0,"enemies":"Jaw Worm","floor":4.0,"turns":3.0},{"damage":20.0,"enemies":"3 Sentries","floor":6.0,"turns":11.0},{"damage":1.0,"enemies":"Red Slaver","floor":8.0,"turns":4.0},{"damage":5.0,"enemies":"Large Slime","floor":10.0,"turns":7.0},{"damage":0.0,"enemies":"Blue Slaver","floor":12.0,"turns":3.0},{"damage":6.0,"enemies":"Lagavulin","floor":13.0,"turns":8.0},{"damage":0.0,"enemies":"Looter","floor":14.0,"turns":3.0},{"damage":19.0,"enemies":"The Guardian","floor":16.0,"turns":15.0},{"damage":4.0,"enemies":"2 Thieves","floor":18.0,"turns":4.0},{"damage":0.0,"enemies":"3 Byrds","floor":19.0,"turns":7.0},{"damage":77.0,"enemies":"Centurion and Healer","floor":20.0,"turns":28.0},{"damage":13.0,"enemies":"3 Cultists","floor":24.0,"turns":8.0},{"damage":26,"enemies":"Slavers","floor":28,"turns":4}],"seed_played":"-7096495660853097754","potions_obtained":[{"floor":1.0,"key":"Strength Potion"},{"floor":4.0,"key":"Energy Potion"},{"floor":6.0,"key":"PowerPotion"},{"floor":10.0,"key":"Fruit Juice"},{"floor":18.0,"key":"Energy Potion"}],"is_trial":false,"path_per_floor":["M","M","$","M","?","E","R","M","T","M","R","M","E","M","R","B",null,"M","M","M","?","$","R","M","$","T","$","E"],"character_chosen":"DEFECT","items_purchased":["Cold Snap","Coolheaded","Echo Form","OrangePellets","Mummified Hand","Capacitor"],"campfire_rested":2,"item_purchase_floors":[3,3,22,22,25,27],"current_hp_per_floor":[80,80,80,76,76,56,56,55,55,50,74,79,73,73,73,54,87,83,83,6,6,6,32,19,19,19,19,0],"gold":83,"neow_bonus":"TEN_PERCENT_HP_BONUS","is_prod":false,"is_daily":false,"chose_seed":false,"campfire_upgraded":1,"win_rate":0,"timestamp":1556191297,"path_taken":["M","M","$","M","?","E","R","M","T","M","R","M","E","M","R","BOSS","M","?","M","?","$","R","M","$","T","$","E"],"build_version":"2019-01-23","purchased_purges":0,"victory":false,"max_hp_per_floor":[82,82,82,82,82,82,82,82,82,82,82,87,87,87,87,87,87,87,87,87,87,87,87,87,87,87,87,87],"card_choices":[{"not_picked":["Melter","Scrape"],"picked":"Leap","floor":1.0},{"not_picked":["Hologram","Streamline"],"picked":"Lockon","floor":2.0},{"not_picked":["Turbo","Stack"],"picked":"Undo","floor":4.0},{"not_picked":["Beam Cell","Redo"],"picked":"Conserve Battery","floor":6.0},{"not_picked":["All For One","Darkness","Double Energy"],"picked":"SKIP","floor":8.0},{"not_picked":["Sweeping Beam","Gash"],"picked":"Auto Shields","floor":10.0},{"not_picked":["Go for the Eyes","Redo"],"picked":"Steam Power","floor":12.0},{"not_picked":["Melter","Force Field"],"picked":"Conserve Battery","floor":13.0},{"not_picked":["Loop","Reprogram"],"picked":"Defragment","floor":14.0},{"not_picked":["Hyperbeam","Amplify"],"picked":"Seek","floor":16.0},{"not_picked":["Consume","Stack"],"picked":"Cold Snap+1","floor":18.0},{"not_picked":["Gash","Double Energy"],"picked":"Rebound","floor":19.0},{"not_picked":["Hello World","Barrage"],"picked":"Turbo+1","floor":20.0},{"not_picked":["Barrage","Reinforced Body+1"],"picked":"Doom and Gloom","floor":24}],"player_experience":165924,"relics_obtained":[{"floor":6.0,"key":"Old Coin"},{"floor":13.0,"key":"Tiny Chest"},{"floor":26,"key":"Pen Nib"}],"event_choices":[{"damage_healed":0.0,"max_hp_gain":0.0,"max_hp_loss":0.0,"gold_gain":0.0,"cards_transformed":["Strike_B"],"event_name":"Transmorgrifier","player_choice":"Transformed","floor":5.0,"gold_loss":0.0,"damage_taken":0.0,"cards_obtained":["Biased Cognition"]},{"damage_healed":0.0,"max_hp_gain":0.0,"max_hp_loss":0.0,"gold_gain":0.0,"event_name":"Accursed Blacksmith","player_choice":"Forge","floor":21.0,"gold_loss":0.0,"damage_taken":0.0,"cards_upgraded":["Lockon"]}],"is_beta":false,"boss_relics":[{"not_picked":["Ectoplasm","FrozenCore"],"picked":"Nuclear Battery"}],"items_purged_floors":[],"is_endless":false,"potions_floor_spawned":[1,4,6,10,18],"killed_by":"Slavers","ascension_level":1}