{"gold_per_floor":[115,132,132,150,18,18,52,52,101,134,134,134],"floor_reached":12,"playtime":577,"items_purged":["Strike_R"],"score":172,"play_id":"3bfcc7e2-b5dc-48fa-83b8-57d37947ebe9","local_time":"20190405023054","is_ascension_mode":true,"campfire_choices":[{"data":"Armaments","floor":6,"key":"SMITH"},{"data":"Disarm","floor":8,"key":"SMITH"},{"floor":11,"key":"REST"}],"neow_cost":"NONE","seed_source_timestamp":317763381929612,"circlet_count":0,"master_deck":["AscendersBane","Strike_R","Strike_R","Strike_R","Strike_R","Defend_R","Defend_R","Defend_R","Defend_R","Bash","Purity","Shockwave","Wild Strike","Sword Boomerang","Armaments+1","Disarm+1","Pommel Strike"],"relics":["Burning Blood","Golden Idol","Lantern","Oddly Smooth Stone","Blood Vial"],"potions_floor_usage":[10,12],"damage_taken":[{"damage":21,"enemies":"Jaw Worm","floor":1,"turns":5},{"damage":0,"enemies":"Cultist","floor":2,"turns":4},{"damage":1,"enemies":"Small Slimes","floor":4,"turns":4},{"damage":42,"enemies":"Gremlin Nob","floor":7,"turns":5},{"damage":21,"enemies":"Lagavulin","floor":10,"turns":9},{"damage":40,"enemies":"3 Sentries","floor":12,"turns":9}],"seed_played":"313024298070388411","potions_obtained":[{"floor":1,"key":"SpeedPotion"},{"floor":2,"key":"Weak Potion"}],"is_trial":false,"path_per_floor":["M","M","?","M","$","R","E","R","T","E","R","E"],"character_chosen":"IRONCLAD","items_purchased":["Armaments"],"campfire_rested":1,"item_purchase_floors":[5],"current_hp_per_floor":[53,59,59,64,64,64,28,28,28,13,33,0],"gold":134,"neow_bonus":"RANDOM_COLORLESS","is_prod":false,"is_daily":false,"chose_seed":false,"campfire_upgraded":2,"win_rate":0,"timestamp":1554445854,"path_taken":["M","M","?","M","$","R","E","R","T","E","R","E"],"build_version":"2019-01-23","purchased_purges":1,"victory":false,"max_hp_per_floor":[75,75,68,68,68,68,68,68,68,68,68,68],"card_choices":[{"not_picked":["Heavy Blade","Rampage"],"picked":"Shockwave","floor":1},{"not_picked":["Seeing Red","Havoc"],"picked":"Wild Strike","floor":2},{"not_picked":["Heavy Blade","Infernal Blade"],"picked":"Sword Boomerang","floor":4},{"not_picked":["Hemokinesis","Sentinel"],"picked":"Disarm","floor":7},{"not_picked":["Clash","Havoc"],"picked":"Pommel Strike","floor":10}],"player_experience":1608144,"relics_obtained":[{"floor":7,"key":"Lantern"},{"floor":9,"key":"Oddly Smooth Stone"},{"floor":10,"key":"Blood Vial"}],"event_choices":[{"damage_healed":0,"gold_gain":0,"player_choice":"Lose Max HP","damage_taken":0,"relics_obtained":["Golden Idol"],"max_hp_gain":0,"max_hp_loss":7,"event_name":"Golden Idol","floor":3,"gold_loss":0}],"is_beta":false,"boss_relics":[],"items_purged_floors":[5],"is_endless":false,"potions_floor_spawned":[1,2,7],"killed_by":"3 Sentries","ascension_level":20}