{"gold_per_floor":[218,58,58,58,83,118,118,151,176,101,101,126,126,139,139,139],"floor_reached":16,"playtime":607,"items_purged":[],"score":266,"play_id":"f55a3ce3-6d58-4026-a813-54bfe1ae951a","local_time":"20190422164423","is_ascension_mode":true,"campfire_choices":[{"data":"Zap","floor":7,"key":"SMITH"},{"data":"Undo","floor":11,"key":"SMITH"},{"data":"Go for the Eyes","floor":13,"key":"SMITH"},{"data":"Dualcast","floor":15,"key":"SMITH"}],"neow_cost":"NONE","seed_source_timestamp":944381463667945,"circlet_count":0,"master_deck":["AscendersBane","Strike_B","Strike_B","Strike_B","Defend_B","Defend_B","Defend_B+1","Defend_B+1","Zap+1","Dualcast+1","Go for the Eyes+1","Conserve Battery","Ball Lightning","Undo+1","BootSequence","Cold Snap"],"relics":["Cracked Core","PreservedInsect","Golden Idol","War Paint","Mango","DataDisk"],"potions_floor_usage":[8,16],"damage_taken":[{"damage":2,"enemies":"2 Louse","floor":1,"turns":2},{"damage":0,"enemies":"Small Slimes","floor":5,"turns":3},{"damage":25,"enemies":"3 Sentries","floor":6,"turns":7},{"damage":0,"enemies":"Gremlin Nob","floor":8,"turns":3},{"damage":0,"enemies":"Jaw Worm","floor":12,"turns":3},{"damage":0,"enemies":"Exordium Wildlife","floor":14,"turns":2},{"damage":56,"enemies":"Slime Boss","floor":16,"turns":9}],"seed_played":"-2505138722113129517","potions_obtained":[{"floor":6,"key":"Swift Potion"},{"floor":12,"key":"Ancient Potion"}],"is_trial":false,"path_per_floor":["M","$","?","?","M","E","R","E","T","?","R","M","R","M","R","B"],"character_chosen":"DEFECT","items_purchased":["PreservedInsect"],"campfire_rested":0,"item_purchase_floors":[2],"current_hp_per_floor":[62,62,67,67,67,42,42,56,56,56,56,56,56,56,56,0],"gold":139,"neow_bonus":"HUNDRED_GOLD","is_prod":false,"is_daily":false,"chose_seed":false,"campfire_upgraded":4,"win_rate":0,"timestamp":1555965863,"path_taken":["M","$","?","?","M","E","R","E","T","?","R","?","R","M","R","BOSS"],"build_version":"2019-01-23","purchased_purges":0,"victory":false,"max_hp_per_floor":[71,71,76,69,69,69,69,83,83,83,83,83,83,83,83,83],"card_choices":[{"not_picked":["Redo","Compile Driver"],"picked":"Go for the Eyes","floor":1},{"not_picked":["Melter","Steam Power"],"picked":"Conserve Battery","floor":5},{"not_picked":["Go for the Eyes","Rebound"],"picked":"Ball Lightning","floor":6},{"not_picked":["Meteor Strike","Steam"],"picked":"Undo","floor":8},{"not_picked":["Sweeping Beam","Steam Power"],"picked":"BootSequence","floor":12},{"not_picked":["Hologram","Go for the Eyes"],"picked":"Cold Snap","floor":14}],"player_experience":1872704,"relics_obtained":[{"floor":6,"key":"War Paint"},{"floor":8,"key":"Mango"},{"floor":9,"key":"DataDisk"}],"event_choices":[{"damage_healed":0,"gold_gain":0,"player_choice":"Donut","damage_taken":0,"max_hp_gain":5,"max_hp_loss":0,"event_name":"Big Fish","floor":3,"gold_loss":0},{"damage_healed":0,"gold_gain":0,"player_choice":"Lose Max HP","damage_taken":0,"relics_obtained":["Golden Idol"],"max_hp_gain":0,"max_hp_loss":7,"event_name":"Golden Idol","floor":4,"gold_loss":0},{"cards_removed":["Strike_B"],"damage_healed":0,"gold_gain":0,"player_choice":"Card Removal","damage_taken":0,"max_hp_gain":0,"max_hp_loss":0,"event_name":"The Cleric","floor":10,"gold_loss":75}],"is_beta":false,"boss_relics":[],"items_purged_floors":[],"is_endless":false,"potions_floor_spawned":[6,12],"killed_by":"Slime Boss","ascension_level":20}