{"path_per_floor":["M","?","$","M","T","E","?","E","T","?","?","M","M","E","R","B",null,"M","?","?","M","?","R"],"character_chosen":"IRONCLAD","items_purchased":[],"gold_per_floor":[115,115,40,54,108,135,135,166,166,189,139,154,173,205,205,301,301,317,232,232,252,222,222],"floor_reached":24,"campfire_rested":0,"playtime":799,"current_hp_per_floor":[78,78,78,80,80,80,85,57,57,58,58,66,77,72,72,30,83,91,91,91,59,59,59],"items_purged":["Strike_R"],"gold":222,"score":345,"play_id":"fe6ac317-8229-45c1-899a-a12629f01443","local_time":"20180310232658","is_prod":false,"is_daily":false,"is_ascension_mode":true,"campfire_upgraded":2,"timestamp":1520742418,"path_taken":["M","?","$","?","?","E","?","E","T","?","?","?","M","E","R","BOSS","M","?","?","M","?","R","E"],"build_version":"2018-03-09","purchased_purges":1,"victory":false,"master_deck":["Strike_R","Strike_R","Strike_R","Defend_R","Defend_R","Defend_R","Bash+1","Shrug It Off","Flex","Feed","Whirlwind+1","Uppercut","Disarm","Demon Form+1","Body Slam+1"],"max_hp_per_floor":[80,80,80,80,80,80,85,88,88,91,91,91,94,97,97,100,100,100,100,100,100,100,100],"relics":["Burning Blood","NeowsBlessing","Blood Vial","Prayer Wheel","Pen Nib","Calipers","Odd Mushroom","Regal Pillow","Philosopher\u0027s Stone","Shovel"],"card_choices":[{"not_picked":["Twin Strike","Armaments"],"picked":"Shrug It Off"},{"not_picked":["Clash","Spot Weakness"],"picked":"Flex"},{"not_picked":["Body Slam","Flex"],"picked":"Feed"},{"not_picked":["Searing Blow","Combust"],"picked":"Whirlwind"},{"not_picked":["Pummel","Clothesline"],"picked":"Uppercut"},{"not_picked":["Corruption","Thunderclap"],"picked":"Disarm"},{"not_picked":["Berserk","Reaper"],"picked":"Demon Form"},{"not_picked":["Rage","Uppercut"],"picked":"Body Slam"}],"player_experience":440218,"potions_floor_usage":[8,16,16,24,24],"damage_taken":[{"damage":0,"enemies":"Cultist","floor":1,"turns":1},{"damage":0,"enemies":"Small Slimes","floor":4,"turns":1},{"damage":0,"enemies":"Lagavulin","floor":6,"turns":1},{"damage":37,"enemies":"3 Sentries","floor":8,"turns":10},{"damage":10,"enemies":"The Mushroom Lair","floor":10,"turns":4},{"damage":0,"enemies":"2 Louse","floor":12,"turns":2},{"damage":0,"enemies":"Large Slime","floor":13,"turns":4},{"damage":16,"enemies":"Gremlin Nob","floor":14,"turns":3},{"damage":53,"enemies":"Hexaghost","floor":16,"turns":9},{"damage":0,"enemies":"2 Thieves","floor":18,"turns":1},{"damage":40,"enemies":"Spheric Guardian","floor":21,"turns":5},{"damage":79,"enemies":"Book of Stabbing","floor":24,"turns":5}],"event_choices":[{"event_name":"Accursed Blacksmith","player_choice":"Forge","floor":2,"damage_taken":0},{"event_name":"Big Fish","player_choice":"Donut","floor":7,"damage_taken":0},{"event_name":"Mushrooms","player_choice":"Fought Mushrooms","floor":10,"damage_taken":0},{"event_name":"The Cleric","player_choice":"Card Removal","floor":11,"damage_taken":0},{"event_name":"Addict","player_choice":"Obtained Relic","floor":19,"damage_taken":0},{"event_name":"Purifier","player_choice":"One Purge","floor":20,"damage_taken":0},{"event_name":"The Woman in Blue","player_choice":"Bought 2 Potions","floor":22,"damage_taken":0}],"boss_relics":[{"not_picked":["Astrolabe","Pandora\u0027s Box"],"picked":"Philosopher\u0027s Stone"}],"potions_floor_spawned":[6,8,10,21],"seed_played":"4803395700092588137","killed_by":"Book of Stabbing","ascension_level":7,"is_trial":false}