{"gold_per_floor":[361,378,1,1,1,36,36,71,153,153,166,166,176,208,208,286,286,299,299,25,25,42,42,55,55,55,73,91,27,27,27,27,101,101,118,134,234,234,0,25,25,25,25,43,78,103,123,178,178,178],"floor_reached":50,"playtime":2271,"items_purged":["Pain","Strike_R"],"score":1132,"play_id":"dff65aec-0fa5-4f7a-97e0-3a68a567f293","local_time":"20190506135048","is_ascension_mode":true,"campfire_choices":[{"data":"Carnage","floor":7.0,"key":"SMITH"},{"data":"Uppercut","floor":12.0,"key":"SMITH"},{"data":"Shockwave","floor":15.0,"key":"SMITH"},{"data":"Pummel","floor":23.0,"key":"SMITH"},{"data":"J.A.X.","floor":25.0,"key":"SMITH"},{"data":"Dark Embrace","floor":30.0,"key":"SMITH"},{"floor":32.0,"key":"REST"},{"data":"Feel No Pain","floor":41.0,"key":"SMITH"},{"floor":49,"key":"RECALL"}],"neow_cost":"CURSE","seed_source_timestamp":1192019681320276,"circlet_count":0,"master_deck":["AscendersBane","Strike_R+1","Strike_R+1","Strike_R+1","Strike_R+1","Defend_R+1","Defend_R+1","Defend_R+1","Defend_R+1","Bash","Shockwave+1","Anger+1","Carnage+1","Pommel Strike+1","Uppercut+1","Dark Embrace+1","Sentinel","Spot Weakness","Clothesline","Feed","Battle Trance+1","J.A.X.+1","Pummel+1","Heavy Blade","Body Slam+1","Headbutt+1","Feel No Pain+1","Shame","Limit Break","Headbutt+1","Sword Boomerang+1","Flame Barrier","Reaper+1","Parasite","Whirlwind+1"],"special_seed":0,"relics":["Black Blood","Whetstone","Potion Belt","Sundial","Mummified Hand","Smiling Mask","The Courier","Velvet Choker","Toy Ornithopter","Molten Egg 2","Self Forming Clay","Mango","Red Mask","Anchor","Ancient Tea Set","Pen Nib","Ice Cream"],"potions_floor_usage":[],"damage_taken":[{"damage":6.0,"enemies":"2 Louse","floor":1.0,"turns":3.0},{"damage":12.0,"enemies":"Jaw Worm","floor":2.0,"turns":4.0},{"damage":20.0,"enemies":"Lagavulin","floor":6.0,"turns":5.0},{"damage":0.0,"enemies":"Gremlin Nob","floor":8.0,"turns":3.0},{"damage":0.0,"enemies":"Small Slimes","floor":11.0,"turns":2.0},{"damage":9.0,"enemies":"Exordium Wildlife","floor":13.0,"turns":4.0},{"damage":29.0,"enemies":"Lagavulin","floor":14.0,"turns":6.0},{"damage":14.0,"enemies":"Hexaghost","floor":16.0,"turns":8.0},{"damage":24.0,"enemies":"Spheric Guardian","floor":18.0,"turns":4.0},{"damage":6.0,"enemies":"2 Thieves","floor":22.0,"turns":3.0},{"damage":16.0,"enemies":"Snake Plant","floor":24.0,"turns":2.0},{"damage":19.0,"enemies":"Sentry and Sphere","floor":27.0,"turns":4.0},{"damage":13.0,"enemies":"Shelled Parasite and Fungi","floor":28.0,"turns":3.0},{"damage":76.0,"enemies":"Automaton","floor":33.0,"turns":8.0},{"damage":10.0,"enemies":"Orb Walker","floor":35.0,"turns":3.0},{"damage":36.0,"enemies":"3 Darklings","floor":36.0,"turns":5.0},{"damage":23.0,"enemies":"Mind Bloom Boss Battle","floor":37.0,"turns":8.0},{"damage":8.0,"enemies":"Reptomancer","floor":40.0,"turns":2.0},{"damage":20.0,"enemies":"Maw","floor":44.0,"turns":6.0},{"damage":56.0,"enemies":"Nemesis","floor":45.0,"turns":7.0},{"damage":20.0,"enemies":"Writhing Mass","floor":47.0,"turns":5.0},{"damage":17,"enemies":"2 Orb Walkers","floor":48,"turns":3},{"damage":21,"enemies":"Donu and Deca","floor":50,"turns":2}],"seed_played":"6621126516515905133","potions_obtained":[{"floor":6.0,"key":"Ancient Potion"},{"floor":8.0,"key":"FearPotion"},{"floor":13.0,"key":"BloodPotion"},{"floor":16.0,"key":"FearPotion"},{"floor":18.0,"key":"Fire Potion"},{"floor":24.0,"key":"SteroidPotion"},{"floor":27.0,"key":"Strength Potion"},{"floor":35.0,"key":"SteroidPotion"},{"floor":40.0,"key":"LiquidBronze"},{"floor":47.0,"key":"Ancient Potion"}],"is_trial":false,"path_per_floor":["M","M","$","?","?","E","R","E","T","?","M","R","M","E","R","B",null,"M","?","$","?","M","R","M","R","T","M","M","$","R","?","R","B",null,"M","M","?","?","?","E","R","?","T","M","E","T","M","?","R","B"],"character_chosen":"IRONCLAD","items_purchased":["Carnage","Pommel Strike","Whetstone","Toy Ornithopter","Explosive Potion","Feel No Pain"],"campfire_rested":1,"item_purchase_floors":[3,3,3,20,20,29],"current_hp_per_floor":[68,62,62,67,43,29,29,35,35,30,36,36,33,10,10,10,63,48,48,48,48,61,61,56,56,56,46,44,44,44,44,70,10,69,72,46,47,87,87,90,90,85,85,75,29,29,19,12,12,0],"gold":178,"neow_bonus":"TWO_FIFTY_GOLD","is_prod":false,"is_daily":false,"chose_seed":false,"campfire_upgraded":7,"win_rate":0,"timestamp":1557165048,"path_taken":["M","M","$","?","?","E","R","E","T","?","M","R","M","E","R","BOSS","M","?","$","?","M","R","M","R","T","M","?","$","R","?","R","BOSS","M","M","?","?","?","E","R","?","T","M","E","?","M","?","R","BOSS"],"build_version":"2019-01-23","purchased_purges":2,"victory":false,"max_hp_per_floor":[75,75,75,80,80,80,80,80,80,80,80,80,80,80,80,80,80,83,83,83,83,86,86,86,86,86,89,89,89,89,89,89,89,89,92,92,106,87,87,90,90,85,85,85,85,85,85,85,85,85],"card_choices":[{"not_picked":["Pommel Strike","Wild Strike"],"picked":"Shockwave","floor":1.0},{"not_picked":["Clash","Iron Wave"],"picked":"Anger","floor":2.0},{"not_picked":["Dropkick","Thunderclap"],"picked":"Uppercut","floor":6.0},{"not_picked":["Bloodletting","Headbutt"],"picked":"Dark Embrace","floor":8.0},{"not_picked":["Perfected Strike","Clash"],"picked":"Sentinel","floor":11.0},{"not_picked":["Anger","Rage"],"picked":"Spot Weakness","floor":13.0},{"not_picked":["Dropkick","Infernal Blade"],"picked":"Clothesline","floor":14.0},{"not_picked":["Berserk","Juggernaut"],"picked":"Feed","floor":16.0},{"not_picked":["Dropkick","Iron Wave"],"picked":"Battle Trance+1","floor":18.0},{"not_picked":["Flex+1","Body Slam"],"picked":"Pummel","floor":22.0},{"not_picked":["Twin Strike","Headbutt"],"picked":"Heavy Blade","floor":24.0},{"not_picked":["Flame Barrier","Clothesline+1"],"picked":"Body Slam+1","floor":27.0},{"not_picked":["Battle Trance+1","Twin Strike+1"],"picked":"Headbutt+1","floor":28.0},{"not_picked":["Immolate+1","Brutality"],"picked":"Limit Break","floor":33.0},{"not_picked":["True Grit","Warcry"],"picked":"Headbutt+1","floor":35.0},{"not_picked":["Combust","Anger+1","Battle Trance"],"picked":"SKIP","floor":36.0},{"not_picked":["Rupture","Iron Wave+1"],"picked":"Sword Boomerang+1","floor":37.0},{"not_picked":["Evolve","Rupture+1","Havoc"],"picked":"SKIP","floor":40.0},{"not_picked":["Thunderclap+1","Headbutt+1"],"picked":"Flame Barrier","floor":44.0},{"not_picked":["Ghostly Armor","Battle Trance"],"picked":"Reaper+1","floor":45.0},{"not_picked":["Sever Soul+1","Headbutt+1","Warcry"],"picked":"SKIP","floor":47.0},{"not_picked":["Inflame","Battle Trance"],"picked":"Whirlwind+1","floor":48}],"player_experience":2406649,"relics_obtained":[{"floor":6.0,"key":"Potion Belt"},{"floor":8.0,"key":"Sundial"},{"floor":9.0,"key":"Mummified Hand"},{"floor":14.0,"key":"The Courier"},{"floor":26.0,"key":"Molten Egg 2"},{"floor":37.0,"key":"Mango"},{"floor":40.0,"key":"Anchor"},{"floor":45.0,"key":"Ancient Tea Set"},{"floor":46.0,"key":"Pen Nib"},{"floor":48,"key":"Ice Cream"}],"event_choices":[{"damage_healed":0.0,"max_hp_gain":5.0,"max_hp_loss":0.0,"gold_gain":0.0,"event_name":"Big Fish","player_choice":"Donut","floor":4.0,"gold_loss":0.0,"damage_taken":0.0},{"damage_healed":0.0,"max_hp_gain":0.0,"max_hp_loss":0.0,"gold_gain":0.0,"event_name":"Shining Light","player_choice":"Entered Light","floor":5.0,"gold_loss":0.0,"damage_taken":24.0,"cards_upgraded":["Strike_R","Anger"]},{"damage_healed":0.0,"max_hp_gain":0.0,"max_hp_loss":0.0,"gold_gain":0.0,"event_name":"Scrap Ooze","player_choice":"Success","floor":10.0,"gold_loss":0.0,"damage_taken":5.0,"relics_obtained":["Smiling Mask"]},{"damage_healed":0.0,"max_hp_gain":0.0,"max_hp_loss":0.0,"gold_gain":0.0,"event_name":"Drug Dealer","player_choice":"Obtain J.A.X.","floor":19.0,"gold_loss":0.0,"damage_taken":0.0,"cards_obtained":["J.A.X."]},{"damage_healed":0.0,"max_hp_gain":0.0,"max_hp_loss":0.0,"gold_gain":0.0,"event_name":"Back to Basics","player_choice":"Simplicity","floor":21.0,"gold_loss":0.0,"damage_taken":0.0,"cards_upgraded":["Strike_R","Strike_R","Defend_R","Defend_R","Defend_R","Defend_R"]},{"damage_healed":0.0,"max_hp_gain":0.0,"max_hp_loss":0.0,"gold_gain":0.0,"event_name":"Addict","player_choice":"Stole Relic","floor":31.0,"gold_loss":0.0,"damage_taken":0.0,"relics_obtained":["Self Forming Clay"],"cards_obtained":["Shame"]},{"damage_healed":0.0,"max_hp_gain":0.0,"max_hp_loss":0.0,"gold_gain":0.0,"event_name":"MindBloom","player_choice":"Fight","floor":37.0,"gold_loss":0.0,"damage_taken":0.0},{"damage_healed":87.0,"max_hp_gain":0.0,"max_hp_loss":19.0,"gold_gain":0.0,"event_name":"The Moai Head","player_choice":"Heal","floor":38.0,"gold_loss":0.0,"damage_taken":0.0},{"damage_healed":0.0,"max_hp_gain":0.0,"max_hp_loss":0.0,"gold_gain":0.0,"event_name":"Tomb of Lord Red Mask","player_choice":"Paid","floor":39.0,"gold_loss":234.0,"damage_taken":0.0,"relics_obtained":["Red Mask"]},{"damage_healed":0.0,"max_hp_gain":0.0,"max_hp_loss":5.0,"gold_gain":0.0,"event_name":"Winding Halls","player_choice":"Max HP","floor":42.0,"gold_loss":0.0,"damage_taken":0.0},{"damage_healed":0,"gold_gain":0,"player_choice":"Fight","damage_taken":0,"max_hp_gain":0,"max_hp_loss":0,"event_name":"Mysterious Sphere","floor":48,"gold_loss":0}],"is_beta":false,"boss_relics":[{"not_picked":["Ectoplasm","Calling Bell"],"picked":"Velvet Choker"},{"not_picked":["Astrolabe","Snecko Eye"],"picked":"Black Blood"}],"items_purged_floors":[3,20],"is_endless":false,"potions_floor_spawned":[6,8,13,16,18,24,27,35,40,47],"killed_by":"Donu and Deca","ascension_level":20}