{"gold_per_floor":[110,130,149,149,149,182,182,200,223,236,246,246,246,262,262,262],"floor_reached":16,"playtime":912,"items_purged":[],"score":104,"play_id":"7fcfcb22-8762-4478-9ec6-c005b6097735","local_time":"20190309001326","is_ascension_mode":false,"campfire_choices":[{"floor":7,"key":"REST"},{"data":"Blade Dance","floor":13,"key":"SMITH"},{"floor":15,"key":"REST"}],"neow_cost":"NONE","seed_source_timestamp":629930209503861,"circlet_count":0,"master_deck":["Defend_G","Defend_G","Defend_G","Defend_G","Strike_G","Strike_G","Strike_G","Strike_G","Strike_G","Survivor","Neutralize","Calculated Gamble","Underhanded Strike","Blur","Dash","Endless Agony","Blade Dance+1","Slice","Cloak And Dagger"],"relics":["Ring of the Snake","Lantern","Pen Nib","Ancient Tea Set","GremlinMask"],"potions_floor_usage":[6,6],"damage_taken":[{"damage":5,"enemies":"Jaw Worm","floor":1,"turns":5},{"damage":0,"enemies":"2 Louse","floor":2,"turns":4},{"damage":0,"enemies":"Small Slimes","floor":3,"turns":3},{"damage":18,"enemies":"3 Sentries","floor":6,"turns":8},{"damage":8,"enemies":"Exordium Thugs","floor":8,"turns":6},{"damage":2,"enemies":"Lots of Slimes","floor":10,"turns":3},{"damage":0,"enemies":"Looter","floor":11,"turns":2},{"damage":0,"enemies":"Large Slime","floor":14,"turns":4},{"damage":74,"enemies":"Hexaghost","floor":16,"turns":14}],"seed_played":"-4406194256004931428","potions_obtained":[{"floor":2,"key":"AttackPotion"},{"floor":3,"key":"Explosive Potion"},{"floor":11,"key":"Strength Potion"}],"is_trial":false,"path_per_floor":["M","M","M","?","?","E","R","M","T","M","M","?","R","M","R","B"],"character_chosen":"THE_SILENT","items_purchased":[],"campfire_rested":2,"item_purchase_floors":[],"current_hp_per_floor":[65,65,65,65,58,40,61,53,53,51,51,51,51,51,70,0],"gold":262,"neow_bonus":"TRANSFORM_CARD","is_prod":false,"is_daily":false,"chose_seed":false,"campfire_upgraded":1,"win_rate":0,"timestamp":1552108406,"path_taken":["M","M","M","?","?","E","R","M","T","M","M","?","R","M","R","BOSS"],"build_version":"2019-01-23","purchased_purges":0,"victory":false,"max_hp_per_floor":[70,70,70,70,70,70,70,70,70,70,70,70,70,70,70,70],"card_choices":[{"not_picked":["Dodge and Roll","Backflip"],"picked":"Underhanded Strike","floor":1},{"not_picked":["Backflip","Slice"],"picked":"Blur","floor":2},{"not_picked":["Unload","Masterful Stab"],"picked":"Dash","floor":3},{"not_picked":["Choke","Expertise"],"picked":"Endless Agony","floor":6},{"not_picked":["Bouncing Flask","Dagger Throw"],"picked":"Blade Dance","floor":8},{"not_picked":["Bouncing Flask","Choke"],"picked":"Slice","floor":10},{"not_picked":["Slice","Reflex"],"picked":"Cloak And Dagger","floor":11},{"not_picked":["Predator","Dagger Throw","Flying Knee"],"picked":"SKIP","floor":14}],"player_experience":644035,"relics_obtained":[{"floor":6,"key":"Pen Nib"},{"floor":9,"key":"Ancient Tea Set"}],"event_choices":[{"damage_healed":0,"gold_gain":0,"player_choice":"Box","damage_taken":0,"relics_obtained":["Lantern"],"max_hp_gain":0,"max_hp_loss":0,"event_name":"Big Fish","floor":4,"gold_loss":0,"cards_obtained":["Regret"]},{"cards_removed":["Regret"],"damage_healed":0,"gold_gain":0,"player_choice":"Card Removal","damage_taken":7,"max_hp_gain":0,"max_hp_loss":0,"event_name":"Golden Wing","floor":5,"gold_loss":0},{"damage_healed":0,"gold_gain":0,"player_choice":"Trade","damage_taken":0,"relics_obtained":["GremlinMask"],"max_hp_gain":0,"max_hp_loss":0,"event_name":"FaceTrader","floor":12,"gold_loss":0}],"is_beta":false,"boss_relics":[],"items_purged_floors":[],"is_endless":false,"potions_floor_spawned":[2,3,11],"killed_by":"Hexaghost","ascension_level":0}