{"gold_per_floor":[115,128,142,153,253,283,283,298,298,311,334,409,425,425,425,501,501,512,532,532,447,457,457,482,482,482,92,109,109],"floor_reached":29,"playtime":1191,"items_purged":[],"score":457,"play_id":"48306a90-be5b-4fd3-a323-35c9db5e327f","local_time":"20190312012114","is_ascension_mode":true,"campfire_choices":[{"data":"Anger","floor":7,"key":"SMITH"},{"data":"Demon Form","floor":15,"key":"SMITH"},{"floor":23,"key":"REST"}],"neow_cost":"NONE","seed_source_timestamp":742096481550744,"circlet_count":0,"master_deck":["AscendersBane","Strike_R","Strike_R","Strike_R","Strike_R","Strike_R","Defend_R","Defend_R","Defend_R","Defend_R","Bash","Heavy Blade","Cleave","Anger+1","Metallicize","True Grit+1","Wild Strike","Shrug It Off+1","Demon Form+1","Demon Form","Feel No Pain+1","Armaments+1","Writhe","Offering+1","Warcry+1","True Grit+1","Burning Pact+1"],"relics":["Burning Blood","Toxic Egg 2","Dream Catcher","Vajra","Sozu","Ancient Tea Set","Blue Candle","Art of War","Turnip","Juzu Bracelet","Medical Kit"],"potions_floor_usage":[4,6,19],"damage_taken":[{"damage":3,"enemies":"2 Louse","floor":1,"turns":3},{"damage":1,"enemies":"Cultist","floor":2,"turns":3},{"damage":0,"enemies":"Small Slimes","floor":3,"turns":2},{"damage":11,"enemies":"2 Fungi Beasts","floor":4,"turns":3},{"damage":24,"enemies":"Lagavulin","floor":6,"turns":7},{"damage":21,"enemies":"Large Slime","floor":8,"turns":7},{"damage":6,"enemies":"Blue Slaver","floor":10,"turns":5},{"damage":0,"enemies":"Looter","floor":13,"turns":2},{"damage":19,"enemies":"Hexaghost","floor":16,"turns":7},{"damage":23,"enemies":"Shell Parasite","floor":18,"turns":5},{"damage":13,"enemies":"2 Thieves","floor":19,"turns":4},{"damage":20,"enemies":"Centurion and Healer","floor":22,"turns":6},{"damage":36,"enemies":"Gremlin Leader","floor":24,"turns":5},{"damage":12,"enemies":"Sentry and Sphere","floor":28,"turns":6},{"damage":34,"enemies":"Slavers","floor":29,"turns":1}],"seed_played":"-4356239117932531541","potions_obtained":[{"floor":2,"key":"SkillPotion"},{"floor":4,"key":"Energy Potion"},{"floor":16,"key":"SteroidPotion"}],"is_trial":false,"path_per_floor":["M","M","M","M","?","E","R","M","T","M","T","?","M","?","R","B",null,"M","M","?","?","M","R","E","?","T","$","M","E"],"character_chosen":"IRONCLAD","items_purchased":["Juzu Bracelet","Medical Kit"],"campfire_rested":1,"item_purchase_floors":[27,27],"current_hp_per_floor":[78,82,82,77,77,59,59,44,44,44,44,33,39,39,39,26,68,51,44,44,44,30,54,24,40,40,40,34,0],"gold":109,"neow_bonus":"TEN_PERCENT_HP_BONUS","is_prod":false,"is_daily":false,"chose_seed":false,"campfire_upgraded":2,"win_rate":0,"timestamp":1552368074,"path_taken":["M","M","M","M","?","E","R","M","T","?","?","?","M","?","R","BOSS","M","M","?","?","M","R","E","?","T","$","M","E"],"build_version":"2019-01-23","purchased_purges":0,"victory":false,"max_hp_per_floor":[82,82,82,82,82,82,82,82,82,82,82,82,82,82,82,82,82,82,82,82,82,82,82,82,82,82,82,82,82],"card_choices":[{"not_picked":["Corruption","Twin Strike"],"picked":"Heavy Blade","floor":1},{"not_picked":["Combust","Clothesline"],"picked":"Cleave","floor":2},{"not_picked":["True Grit","Headbutt"],"picked":"Anger","floor":3},{"not_picked":["Flame Barrier","Infernal Blade"],"picked":"Metallicize","floor":4},{"not_picked":["Flex","Sword Boomerang"],"picked":"True Grit","floor":6},{"not_picked":["Clothesline","Thunderclap"],"picked":"Wild Strike","floor":8},{"not_picked":["Dropkick","Cleave"],"picked":"Shrug It Off+1","floor":10},{"not_picked":["Pommel Strike","Shrug It Off+1"],"picked":"Demon Form","floor":13},{"not_picked":["Juggernaut","Reaper"],"picked":"Demon Form","floor":16},{"not_picked":["Flex+1","Heavy Blade"],"picked":"Feel No Pain+1","floor":18},{"not_picked":["Flex+1","Inflame"],"picked":"Armaments+1","floor":19},{"not_picked":["Perfected Strike","Sword Boomerang"],"picked":"Offering+1","floor":22},{"not_picked":["Pummel","Combust"],"picked":"Warcry+1","floor":23},{"not_picked":["Whirlwind","Clash"],"picked":"True Grit+1","floor":24},{"not_picked":["Cleave","Rage+1"],"picked":"Burning Pact+1","floor":28}],"player_experience":1035936,"relics_obtained":[{"floor":6,"key":"Toxic Egg 2"},{"floor":9,"key":"Dream Catcher"},{"floor":11,"key":"Vajra"},{"floor":24,"key":"Art of War"},{"floor":26,"key":"Turnip"}],"event_choices":[{"damage_healed":0,"gold_gain":100,"player_choice":"Gold","damage_taken":0,"max_hp_gain":0,"max_hp_loss":0,"event_name":"Wheel of Change","floor":5,"gold_loss":0},{"damage_healed":0,"gold_gain":75,"player_choice":"Gather Gold","damage_taken":11,"max_hp_gain":0,"max_hp_loss":0,"event_name":"World of Goop","floor":12,"gold_loss":0},{"damage_healed":0,"gold_gain":0,"player_choice":"Ignored","damage_taken":0,"max_hp_gain":0,"max_hp_loss":0,"event_name":"Liars Game","floor":14,"gold_loss":0},{"damage_healed":0,"gold_gain":0,"player_choice":"Opened","damage_taken":0,"relics_obtained":["Ancient Tea Set"],"max_hp_gain":0,"max_hp_loss":0,"event_name":"The Mausoleum","floor":20,"gold_loss":0,"cards_obtained":["Writhe"]},{"damage_healed":0,"gold_gain":0,"player_choice":"Obtained Relic","damage_taken":0,"relics_obtained":["Blue Candle"],"max_hp_gain":0,"max_hp_loss":0,"event_name":"Addict","floor":21,"gold_loss":85},{"damage_healed":16,"gold_gain":0,"player_choice":"Heal","damage_taken":0,"max_hp_gain":0,"max_hp_loss":0,"event_name":"The Library","floor":25,"gold_loss":0}],"is_beta":false,"boss_relics":[{"not_picked":["Pandora\u0027s Box","White Beast Statue"],"picked":"Sozu"}],"items_purged_floors":[],"is_endless":false,"potions_floor_spawned":[2,4,16,19,22,24,28],"killed_by":"Slavers","ascension_level":17}