{"path_per_floor":["M","?","?","$","M","E","R","E","T","?","R","$","$","M","R","B",null,"M","?","M","?","M","R","M","?","T","R","M","$","?","$","R"],"character_chosen":"DEFECT","items_purchased":["Static Discharge","Capacitor","Redo","Loop","Echo Form","Gash+1"],"gold_per_floor":[109,209,209,133,148,177,177,203,203,203,203,76,41,52,52,157,157,177,177,195,195,209,209,221,146,169,169,182,3,0,0,0,0],"floor_reached":33,"campfire_rested":1,"playtime":1468,"item_purchase_floors":[4,12,12,13,29,29],"current_hp_per_floor":[68,68,73,73,73,73,73,54,54,29,29,29,29,29,29,27,67,58,58,55,55,46,46,21,21,21,45,36,36,36,36,36,0],"items_purged":[],"gold":0,"score":428,"play_id":"a08c3459-a831-42d1-b642-0b4faa00636d","local_time":"20180612093101","is_prod":false,"is_daily":false,"chose_seed":false,"is_ascension_mode":true,"campfire_upgraded":5,"win_rate":0,"timestamp":1528821061,"campfire_choices":[{"data":"Zap","floor":7,"key":"SMITH"},{"data":"Static Discharge","floor":11,"key":"SMITH"},{"data":"Redo","floor":15,"key":"SMITH"},{"data":"Dualcast","floor":23,"key":"SMITH"},{"floor":27,"key":"REST"},{"data":"Redo","floor":32,"key":"SMITH"}],"path_taken":["M","?","?","$","M","E","R","E","T","?","R","?","$","?","R","BOSS","M","?","M","?","?","R","?","?","T","R","M","$","?","?","R","BOSS"],"build_version":"2018-06-11","seed_source_timestamp":171219584036820,"purchased_purges":0,"victory":false,"master_deck":["Strike_B","Strike_B","Strike_B","Defend_B","Defend_B","Defend_B","Defend_B","Zap+1","Dualcast+1","AscendersBane","Go for the Eyes","Static Discharge+1","Coolheaded","Rebound+1","FTL+1","Capacitor","Redo+1","Loop","Coolheaded","All For One+1","Redo+1","Scrape+1","Leap","Redo+1","Echo Form","Gash+1"],"max_hp_per_floor":[75,75,80,80,80,80,80,80,80,80,80,80,80,80,80,80,80,80,80,80,80,80,80,80,80,80,80,80,80,80,80,80,80],"special_seed":0,"relics":["Cracked Core","NeowsBlessing","Molten Egg 2","Smiling Mask","Blue Candle","Thread and Needle","Nuclear Battery","Juzu Bracelet"],"card_choices":[{"not_picked":["Compile Driver","Recycle"],"picked":"Go for the Eyes","floor":1},{"not_picked":["Steam","Fusion"],"picked":"Coolheaded","floor":5},{"not_picked":["Consume","Biased Cognition"],"picked":"Rebound","floor":6},{"not_picked":["Darkness","Steam"],"picked":"FTL+1","floor":8},{"not_picked":["Sunder+1","Steam"],"picked":"Coolheaded","floor":14},{"not_picked":["Multi-Cast","Buffer"],"picked":"All For One+1","floor":16},{"not_picked":["Static Discharge","Double Energy+1","Compile Driver+1"],"picked":"SKIP","floor":18},{"not_picked":["Barrage+1","Sunder+1"],"picked":"Redo+1","floor":20},{"not_picked":["Streamline+1","Sweeping Beam+1"],"picked":"Scrape+1","floor":22},{"not_picked":["Machine Learning","Ball Lightning+1"],"picked":"Leap","floor":24},{"not_picked":["Recycle+1","Compile Driver+1"],"picked":"Redo","floor":28}],"player_experience":636705,"potions_floor_usage":[18,24,33],"damage_taken":[{"damage":0,"enemies":"Small Slimes","floor":1,"turns":1},{"damage":0,"enemies":"Cultist","floor":5,"turns":1},{"damage":0,"enemies":"3 Sentries","floor":6,"turns":1},{"damage":19,"enemies":"Lagavulin","floor":8,"turns":7},{"damage":0,"enemies":"Jaw Worm","floor":14,"turns":3},{"damage":2,"enemies":"The Guardian","floor":16,"turns":13},{"damage":9,"enemies":"Chosen","floor":18,"turns":3},{"damage":3,"enemies":"3 Byrds","floor":20,"turns":3},{"damage":9,"enemies":"Snake Plant","floor":22,"turns":2},{"damage":25,"enemies":"Slaver and Parasite","floor":24,"turns":3},{"damage":9,"enemies":"Sentry and Sphere","floor":28,"turns":5},{"damage":60,"enemies":"Automaton","floor":33,"turns":6}],"relics_obtained":[{"floor":6,"key":"Molten Egg 2"},{"floor":8,"key":"Smiling Mask"},{"floor":9,"key":"Blue Candle"},{"floor":26,"key":"Juzu Bracelet"}],"event_choices":[{"event_name":"Golden Shrine","player_choice":"Pray","floor":2,"damage_taken":0},{"event_name":"Big Fish","player_choice":"Donut","floor":3,"damage_taken":0},{"event_name":"Scrap Ooze","player_choice":"success","floor":10,"damage_taken":25},{"event_name":"N\u0027loth","player_choice":"Ignored","floor":19,"damage_taken":0},{"event_name":"Ghosts","player_choice":"Ignored","floor":21,"damage_taken":0},{"event_name":"Beggar","player_choice":"Gave Gold","floor":25,"damage_taken":0},{"event_name":"Masked Bandits","player_choice":"Paid Bandits 3 gold","floor":30,"damage_taken":0}],"boss_relics":[{"not_picked":["Velvet Choker","Calling Bell"],"picked":"Nuclear Battery"}],"items_purged_floors":[],"potions_floor_spawned":[14,16,20,24],"seed_played":"5835656192366872004","killed_by":"Automaton","ascension_level":11,"potions_obtained":[{"floor":14,"key":"EssenceOfSteel"},{"floor":16,"key":"AttackPotion"},{"floor":20,"key":"Explosive Potion"},{"floor":24,"key":"Poison Potion"}],"is_trial":false}