{"gold_per_floor":[117,129,54,64,64,64,127,127,173,173,173,193,193,224,224,303,303,313,313,333,333],"floor_reached":21,"playtime":886,"items_purged":[],"score":374,"play_id":"2cb55ef1-8589-4c0a-9f3f-a1f1c4d5e054","local_time":"20190428044150","is_ascension_mode":true,"campfire_choices":[{"data":"Bash","floor":6,"key":"SMITH"},{"data":"Sword Boomerang","floor":8,"key":"SMITH"},{"data":"Juggernaut","floor":10,"key":"SMITH"},{"data":"Rage","floor":15,"key":"SMITH"}],"neow_cost":"NONE","seed_source_timestamp":470200569661191,"circlet_count":0,"master_deck":["AscendersBane","Strike_R","Strike_R","Strike_R","Strike_R","Defend_R","Defend_R","Defend_R","Defend_R","Bash+1","Spot Weakness","Pommel Strike+1","Sword Boomerang+1","Juggernaut+1","Evolve","Rage+1","Offering","Clothesline+1"],"relics":["Burning Blood","Ancient Tea Set","Tiny Chest","Oddly Smooth Stone","Centennial Puzzle","Mark of Pain"],"potions_floor_usage":[12,14,16,20,21],"damage_taken":[{"damage":1,"enemies":"Cultist","floor":1,"turns":3},{"damage":14,"enemies":"Jaw Worm","floor":2,"turns":4},{"damage":0,"enemies":"2 Louse","floor":4,"turns":2},{"damage":39,"enemies":"Gremlin Nob","floor":7,"turns":4},{"damage":11,"enemies":"Gremlin Gang","floor":12,"turns":3},{"damage":28,"enemies":"Lagavulin","floor":14,"turns":7},{"damage":28,"enemies":"Slime Boss","floor":16,"turns":5},{"damage":34,"enemies":"3 Byrds","floor":18,"turns":4},{"damage":10,"enemies":"2 Thieves","floor":20,"turns":3},{"damage":31,"enemies":"Snecko","floor":21,"turns":3}],"seed_played":"-8902153182743623121","potions_obtained":[{"floor":2,"key":"BloodPotion"},{"floor":7,"key":"SkillPotion"},{"floor":14,"key":"Weak Potion"},{"floor":18,"key":"Swift Potion"},{"floor":20,"key":"Poison Potion"}],"is_trial":false,"path_per_floor":["M","M","?","M","?","R","E","R","T","R","?","M","?","E","R","B",null,"M","?","M","M"],"character_chosen":"IRONCLAD","items_purchased":[],"campfire_rested":0,"item_purchase_floors":[],"current_hp_per_floor":[73,65,65,71,66,66,33,33,33,33,33,28,53,38,38,16,60,32,32,28,0],"gold":333,"neow_bonus":"THREE_CARDS","is_prod":false,"is_daily":false,"chose_seed":false,"campfire_upgraded":4,"win_rate":0,"timestamp":1556440910,"path_taken":["M","M","?","M","?","R","E","R","T","R","?","?","?","E","R","BOSS","M","?","?","M"],"build_version":"2019-01-23","purchased_purges":0,"victory":false,"max_hp_per_floor":[75,75,75,75,75,75,75,75,75,75,75,75,75,75,75,75,75,75,75,75,75],"card_choices":[{"not_picked":["Havoc","Body Slam"],"picked":"Spot Weakness","floor":0},{"not_picked":["Thunderclap","Anger"],"picked":"Pommel Strike","floor":1},{"not_picked":["Wild Strike","Flex"],"picked":"Sword Boomerang","floor":2},{"not_picked":["Carnage","Power Through"],"picked":"Juggernaut","floor":4},{"not_picked":["Second Wind","Headbutt"],"picked":"Evolve","floor":7},{"not_picked":["Second Wind","Wild Strike","Infernal Blade"],"picked":"SKIP","floor":12},{"not_picked":["Pommel Strike","Clash"],"picked":"Rage","floor":14},{"not_picked":["Barricade","Bludgeon"],"picked":"Offering","floor":16},{"not_picked":["Sever Soul","Wild Strike"],"picked":"Clothesline","floor":18},{"not_picked":["Armaments","Intimidate","Thunderclap"],"picked":"SKIP","floor":20}],"player_experience":2030630,"relics_obtained":[{"floor":7,"key":"Tiny Chest"},{"floor":9,"key":"Oddly Smooth Stone"},{"floor":14,"key":"Centennial Puzzle"}],"event_choices":[{"cards_removed":["Strike_R"],"damage_healed":0,"gold_gain":0,"player_choice":"Card Removal","damage_taken":0,"max_hp_gain":0,"max_hp_loss":0,"event_name":"The Cleric","floor":3,"gold_loss":75},{"damage_healed":0,"gold_gain":0,"player_choice":"Success","damage_taken":5,"relics_obtained":["Ancient Tea Set"],"max_hp_gain":0,"max_hp_loss":0,"event_name":"Scrap Ooze","floor":5,"gold_loss":0},{"damage_healed":0,"gold_gain":0,"player_choice":"Upgraded","damage_taken":0,"max_hp_gain":0,"max_hp_loss":0,"event_name":"Upgrade Shrine","floor":11,"gold_loss":0,"cards_upgraded":["Pommel Strike"]},{"damage_healed":25,"gold_gain":0,"player_choice":"Banana","damage_taken":0,"max_hp_gain":0,"max_hp_loss":0,"event_name":"Big Fish","floor":13,"gold_loss":0},{"damage_healed":0,"gold_gain":0,"player_choice":"Forge","damage_taken":0,"max_hp_gain":0,"max_hp_loss":0,"event_name":"Accursed Blacksmith","floor":19,"gold_loss":0,"cards_upgraded":["Clothesline"]}],"is_beta":false,"boss_relics":[{"not_picked":["Empty Cage","White Beast Statue"],"picked":"Mark of Pain"}],"items_purged_floors":[],"is_endless":false,"potions_floor_spawned":[2,7,14,18,20],"killed_by":"Snecko","ascension_level":20}