{"path_per_floor":["M","M","?","?","M","R","E","R","T","E","M","E","M","E","R","B",null,"M","?","?","?","?","R","E","M","T","M","$","E","R","E","R"],"character_chosen":"IRONCLAD","items_purchased":["Strength Potion","Fire Potion","Mercury Hourglass","Armaments"],"gold_per_floor":[11,29,29,204,220,220,249,249,249,275,293,323,341,370,370,466,466,481,481,396,396,376,376,406,420,443,458,3,34,34,64,64],"floor_reached":33,"campfire_rested":0,"playtime":2844,"current_hp_per_floor":[96,96,96,96,96,96,77,77,77,73,75,70,63,61,61,18,103,72,72,72,72,72,72,52,53,53,44,44,44,44,46,46],"items_purged":["Regret"],"gold":64,"play_id":"1704cf82-a1a3-4a0e-a25b-ec432f0ed659","is_prod":false,"is_daily":false,"is_ascension_mode":true,"campfire_upgraded":2,"path_taken":["M","M","?","?","M","R","E","R","T","E","M","E","?","E","R","BOSS","M","?","?","?","?","R","E","M","T","M","$","E","R","E","R","BOSS"],"build_version":"2018-02-01-PROD3","purchased_purges":1,"victory":false,"master_deck":["Strike_R","Strike_R","Strike_R","Strike_R","Strike_R","Defend_R","Defend_R","Defend_R","Bash","Iron Wave","Double Tap+1","Doubt","Hemokinesis+1","Brutality","Blood for Blood","Metallicize","Bloodletting","Clash","Warcry","Juggernaut+1","Cleave","Spot Weakness","Warcry+1","Fire Breathing+1","Headbutt","Armaments","Barricade+1"],"max_hp_per_floor":[96,96,96,96,96,96,96,96,96,96,96,96,96,103,103,103,103,103,103,103,103,103,103,103,103,103,103,103,103,103,103,103],"relics":["Burning Blood","Bottled Lightning","Shovel","Paper Frog","Art of War","Strawberry","Frozen Egg 2","Cursed Key","Lantern","Bag of Preparation","Blood Vial","Ancient Tea Set","Omamori","Mercury Hourglass","Kunai","Orichalcum","Centennial Puzzle","Regal Pillow"],"card_choices":[{"not_picked":["Uppercut","Combust"],"picked":"Iron Wave"},{"not_picked":["Wild Strike","Power Through"],"picked":"Double Tap"},{"not_picked":["Anger","Headbutt"],"picked":"Hemokinesis"},{"not_picked":["Thunderclap","Warcry"],"picked":"Brutality"},{"not_picked":["Body Slam","Dropkick"],"picked":"Blood for Blood"},{"not_picked":["Cleave","Clothesline"],"picked":"Metallicize"},{"not_picked":["Pommel Strike","Rage"],"picked":"Bloodletting"},{"not_picked":["Cleave","Armaments"],"picked":"Clash"},{"not_picked":["Armaments","Second Wind"],"picked":"Warcry"},{"not_picked":["Immolate","Dark Embrace"],"picked":"Juggernaut"},{"not_picked":["Warcry","Iron Wave"],"picked":"Cleave"},{"not_picked":["Dropkick","Iron Wave"],"picked":"Warcry"},{"not_picked":["Shockwave","Metallicize"],"picked":"Fire Breathing"},{"not_picked":["Havoc","Exhume"],"picked":"Headbutt"},{"not_picked":["Twin Strike","Combust"],"picked":"Barricade"}],"player_experience":102122,"potions_floor_usage":[7,11,12,14,24,24,24,29,29,31],"damage_taken":[{"damage":6,"enemies":"Cultist","floor":1,"turns":3},{"damage":6,"enemies":"Jaw Worm","floor":2,"turns":2},{"damage":5,"enemies":"2 Louse","floor":5,"turns":3},{"damage":34,"enemies":"Lagavulin","floor":7,"turns":7},{"damage":10,"enemies":"Gremlin Nob","floor":10,"turns":3},{"damage":4,"enemies":"Gremlin Gang","floor":11,"turns":4},{"damage":11,"enemies":"Lagavulin","floor":12,"turns":5},{"damage":13,"enemies":"Exordium Wildlife","floor":13,"turns":4},{"damage":15,"enemies":"3 Sentries","floor":14,"turns":5},{"damage":49,"enemies":"Hexaghost","floor":16,"turns":6},{"damage":37,"enemies":"2 Thieves","floor":18,"turns":5},{"damage":43,"enemies":"Gremlin Leader","floor":24,"turns":6},{"damage":7,"enemies":"3 Byrds","floor":25,"turns":4},{"damage":17,"enemies":"Snecko","floor":27,"turns":4},{"damage":8,"enemies":"Slavers","floor":29,"turns":2},{"damage":6,"enemies":"Gremlin Leader","floor":31,"turns":3},{"damage":70,"enemies":"Automaton","floor":33,"turns":6}],"event_choices":[{"event_name":"The Cleric","player_choice":"Leave","floor":3,"damage_taken":0},{"event_name":"Liars Game","player_choice":"agreed","floor":4,"damage_taken":0},{"event_name":"Transmorgrifier","player_choice":"Transform","floor":19,"damage_taken":0},{"event_name":"Addict","player_choice":"Obtained Relic","floor":20,"damage_taken":0},{"event_name":"Wheel of Change","player_choice":"Relic","floor":21,"damage_taken":0},{"event_name":"The Woman in Blue","player_choice":"Bought 1 Potion","floor":22,"damage_taken":0}],"boss_relics":[{"not_picked":["Black Blood","White Beast Statue"],"picked":"Cursed Key"}],"potions_floor_spawned":[5,7,11,13,16,18,29],"seed_played":"7725071287417802335","killed_by":"Automaton","ascension_level":1,"is_trial":false}