{"path_per_floor":["M","?","M","M","T","E","R","?","T","R","E","?","R","M","R","B",null,"M","T","?","M","?","E","R","?","T","R"],"character_chosen":"IRONCLAD","items_purchased":[],"gold_per_floor":[114,114,124,135,161,195,195,145,145,145,171,246,246,256,256,354,354,372,372,372,384,384,410,410,410,437,437],"floor_reached":28,"campfire_rested":0,"playtime":1286,"current_hp_per_floor":[78,78,80,80,80,51,51,51,51,51,53,42,42,38,38,12,63,66,66,66,70,54,41,41,41,41,41],"items_purged":[],"gold":437,"score":327,"play_id":"ae62d607-b721-42ce-921d-a89cb87df351","local_time":"20180310235714","is_prod":false,"is_daily":false,"is_ascension_mode":true,"campfire_upgraded":6,"timestamp":1520744234,"path_taken":["M","?","?","M","?","E","R","?","T","R","E","?","R","M","R","BOSS","M","?","?","M","?","E","R","?","T","R","E"],"build_version":"2018-03-09","purchased_purges":0,"victory":false,"master_deck":["Strike_R","Strike_R+1","Strike_R+1","Strike_R","Defend_R","Defend_R","Defend_R","Defend_R","Bash","Disarm+1","Thunderclap+1","Barricade+1","Body Slam+1","Shrug It Off+1","Impervious+1","Decay","Metallicize+1","Metallicize+1"],"max_hp_per_floor":[80,80,80,80,80,80,80,80,80,80,80,80,80,80,80,80,80,80,80,80,80,80,80,80,80,80,80],"relics":["Burning Blood","NeowsBlessing","Anchor","Gambling Chip","Dead Branch","Whetstone","Sozu","Frozen Eye","Nilry\u0027s Codex","Regal Pillow","Orichalcum"],"card_choices":[{"not_picked":["Combust","Sword Boomerang"],"picked":"Disarm"},{"not_picked":["Armaments","Havoc"],"picked":"Thunderclap"},{"not_picked":["Armaments","Body Slam"],"picked":"Barricade"},{"not_picked":["Entrench","Intimidate"],"picked":"Body Slam"},{"not_picked":["Havoc","Sword Boomerang"],"picked":"Shrug It Off"},{"not_picked":["Feed","Fiend Fire"],"picked":"Impervious"},{"not_picked":["Double Tap","Disarm"],"picked":"Metallicize"}],"player_experience":441511,"potions_floor_usage":[6,16],"damage_taken":[{"damage":0,"enemies":"Small Slimes","floor":1,"turns":1},{"damage":0,"enemies":"Cultist","floor":3,"turns":1},{"damage":0,"enemies":"2 Louse","floor":4,"turns":1},{"damage":35,"enemies":"Gremlin Nob","floor":6,"turns":6},{"damage":4,"enemies":"Lagavulin","floor":11,"turns":8},{"damage":10,"enemies":"Blue Slaver","floor":14,"turns":4},{"damage":32,"enemies":"Slime Boss","floor":16,"turns":8},{"damage":3,"enemies":"3 Byrds","floor":18,"turns":5},{"damage":2,"enemies":"Shell Parasite","floor":21,"turns":6},{"damage":19,"enemies":"Gremlin Leader","floor":23,"turns":13},{"damage":53,"enemies":"Slavers","floor":28,"turns":9}],"event_choices":[{"event_name":"Living Wall","player_choice":"Grow","floor":2,"damage_taken":0},{"event_name":"The Cleric","player_choice":"Card Removal","floor":8,"damage_taken":0},{"event_name":"World of Goop","player_choice":"Gather Gold","floor":12,"damage_taken":0},{"event_name":"Forgotten Altar","player_choice":"Smashed Altar","floor":20,"damage_taken":0},{"event_name":"Cursed Tome","player_choice":"Obtained Book","floor":22,"damage_taken":0},{"event_name":"Duplicator","player_choice":"One dupe","floor":25,"damage_taken":0}],"boss_relics":[{"not_picked":["Philosopher\u0027s Stone","Runic Dome"],"picked":"Sozu"}],"potions_floor_spawned":[1,14],"seed_played":"8669124578932828223","killed_by":"Slavers","ascension_level":7,"is_trial":false}