{"path_per_floor":["M","?","?","?","M","R","?","E","T","R","$","?","M","?","R","B",null,"M","?","?","?","M","E","M","?","T","T","R","M","M","M","R","B",null,"M","$","?","$","?","R","M"],"character_chosen":"THE_SILENT","items_purchased":["Well Laid Plans","Bag of Preparation","Mango","Letter Opener"],"gold_per_floor":[16,16,16,16,31,31,31,62,62,62,27,27,42,142,142,240,240,254,254,154,154,174,218,232,332,332,332,332,345,363,377,377,471,471,496,37,370,40,0,0,20,20],"floor_reached":42,"campfire_rested":1,"playtime":2163,"current_hp_per_floor":[57,57,57,39,39,39,66,51,51,51,51,35,35,35,35,60,65,65,65,65,65,51,22,19,19,19,19,38,38,38,38,38,60,65,57,71,71,71,71,71,68,0],"items_purged":["Injury"],"gold":20,"score":895,"play_id":"a51a98ac-88de-4fb1-a9c7-c94f97c56c79","local_time":"20180406215255","is_prod":false,"is_daily":false,"is_ascension_mode":true,"campfire_upgraded":5,"timestamp":1523065975,"path_taken":["M","?","?","?","?","R","?","E","T","R","?","?","?","?","R","BOSS","M","?","?","?","?","E","M","?","T","?","R","M","M","M","R","BOSS","M","$","?","$","?","R","M","E"],"build_version":"2018-04-05v2","purchased_purges":2,"victory":false,"master_deck":["Defend_G+1","Defend_G+1","Defend_G+1","Defend_G+1","Defend_G+1","Strike_G+1","Strike_G+1","Strike_G+1","Strike_G+1","Survivor+1","AscendersBane","Glass Knife+1","Footwork+1","Dagger Spray+1","Well Laid Plans","Concentrate","Burst+1","Skewer+1","J.A.X.+1","PiercingWail","Backflip+1","Tactician","Choke+1","Adrenaline+1","Catalyst+1"],"max_hp_per_floor":[66,66,66,66,66,66,66,66,66,66,66,66,66,66,66,66,66,66,66,66,66,66,66,66,66,66,66,66,66,66,66,66,66,66,66,80,80,80,80,80,80,80],"relics":["Ring of the Snake","Thread and Needle","Pantograph","Ice Cream","Cursed Key","Oddly Smooth Stone","Calipers","Astrolabe","Bag of Preparation","Mango","Letter Opener","Red Mask"],"card_choices":[{"not_picked":["Adrenaline","Night Terror"],"picked":"Glass Knife","floor":0},{"not_picked":["Dodge and Roll","Masterful Stab"],"picked":"Footwork","floor":1},{"not_picked":["Prepared","Well Laid Plans"],"picked":"Dagger Spray","floor":5},{"not_picked":["Calculated Gamble","Flying Knee"],"picked":"Dodge and Roll","floor":8},{"not_picked":["Flechettes","Riddle With Holes"],"picked":"Concentrate","floor":13},{"not_picked":["Adrenaline","Die Die Die"],"picked":"Burst","floor":16},{"not_picked":["Sucker Punch","Dagger Throw"],"picked":"Skewer","floor":18},{"not_picked":["Deadly Poison","Dagger Throw"],"picked":"PiercingWail","floor":23},{"not_picked":["Bane","Deflect"],"picked":"Acrobatics","floor":24},{"not_picked":["Tools of the Trade","Dagger Spray"],"picked":"Backflip","floor":30},{"not_picked":["Burst","Unload"],"picked":"Tactician","floor":33}],"player_experience":704955,"potions_floor_usage":[16,29,29,30,35],"damage_taken":[{"damage":2,"enemies":"Small Slimes","floor":1,"turns":2},{"damage":0,"enemies":"Cultist","floor":5,"turns":4},{"damage":15,"enemies":"Gremlin Nob","floor":8,"turns":4},{"damage":0,"enemies":"2 Louse","floor":13,"turns":2},{"damage":0,"enemies":"The Guardian","floor":16,"turns":19},{"damage":0,"enemies":"3 Byrds","floor":18,"turns":6},{"damage":14,"enemies":"Shell Parasite","floor":22,"turns":4},{"damage":29,"enemies":"Slavers","floor":23,"turns":7},{"damage":3,"enemies":"3 Cultists","floor":24,"turns":5},{"damage":0,"enemies":"Snecko","floor":29,"turns":2},{"damage":0,"enemies":"Cultist and Chosen","floor":30,"turns":3},{"damage":0,"enemies":"3 Cultists","floor":31,"turns":5},{"damage":3,"enemies":"Champ","floor":33,"turns":11},{"damage":8,"enemies":"3 Darklings","floor":35,"turns":6},{"damage":3,"enemies":"Orb Walker","floor":41,"turns":2},{"damage":83,"enemies":"Giant Head","floor":42,"turns":9}],"event_choices":[{"event_name":"Bonfire Elementals","player_choice":"BASIC","floor":2,"damage_taken":0},{"event_name":"Living Wall","player_choice":"Grow","floor":3,"damage_taken":0},{"event_name":"Scrap Ooze","player_choice":"success","floor":4,"damage_taken":18},{"event_name":"Wheel of Change","player_choice":"Full Heal","floor":7,"damage_taken":0},{"event_name":"Golden Idol","player_choice":"Take Damage","floor":12,"damage_taken":0},{"event_name":"Golden Shrine","player_choice":"Pray","floor":14,"damage_taken":0},{"event_name":"Accursed Blacksmith","player_choice":"Forge","floor":19,"damage_taken":0},{"event_name":"Drug Dealer","player_choice":"Got JAXXED","floor":20,"damage_taken":0},{"event_name":"Back to Basics","player_choice":"Simplicity","floor":21,"damage_taken":0},{"event_name":"Golden Shrine","player_choice":"Pray","floor":25,"damage_taken":0},{"event_name":"The Moai Head","player_choice":"Gave Idol","floor":37,"damage_taken":0},{"event_name":"Tomb of Lord Red Mask","player_choice":"Paid","floor":39,"damage_taken":0}],"boss_relics":[{"not_picked":["Eternal Feather","Pandora\u0027s Box"],"picked":"Cursed Key"},{"not_picked":["Snecko Eye","Orrery"],"picked":"Astrolabe"}],"potions_floor_spawned":[8,13,23,24,30,35],"seed_played":"-1257891550904926456","killed_by":"Giant Head","ascension_level":14,"is_trial":false}