{"gold_per_floor":[116,130,95,113,113,138,138,51,75,400,400,400,425,485,485,560,560,573,773,784,362,362,362,1,35,59,93,107,127,142,217,217,294,294,310,310,310,324,324,352,352,384,384,409,464,480,480,497,497,497,497,497,497,48,76,76],"floor_reached":57,"playtime":3534,"items_purged":["Strike_B"],"score":2963,"play_id":"4a40b3c4-91f3-48ab-b893-72ff3d61f1fa","local_time":"20190509174413","is_ascension_mode":true,"campfire_choices":[{"floor":7,"key":"REST"},{"floor":11,"key":"REST"},{"floor":15,"key":"REST"},{"floor":23,"key":"REST"},{"data":"Biased Cognition","floor":32,"key":"SMITH"},{"floor":41,"key":"REST"},{"floor":47,"key":"RECALL"},{"floor":49,"key":"REST"},{"floor":53,"key":"REST"}],"neow_cost":"NONE","seed_source_timestamp":201387107412677,"circlet_count":0,"master_deck":["AscendersBane","Strike_B","Defend_B","Defend_B+1","Defend_B","Zap+1","Dualcast","Sunder+1","Defragment+1","Hologram","Compile Driver","Seek+1","Conserve Battery","Biased Cognition+1","Go for the Eyes+1","Coolheaded","Capacitor","Electrodynamics","White Noise+1","Conserve Battery+1","Storm+1","Static Discharge","Biased Cognition","Thinking Ahead","Finesse","Secret Technique","Defragment","Hologram","Reinforced Body","Conserve Battery+1","Glacier","Machine Learning+1","Conserve Battery+1"],"relics":["Cracked Core","Vajra","DataDisk","Old Coin","Potion Belt","Gambling Chip","Empty Cage","Incense Burner","ClockworkSouvenir","Bag of Preparation","War Paint","Mercury Hourglass","Matryoshka","Fusion Hammer","Frozen Egg 2","Bag of Marbles","Ancient Tea Set","Centennial Puzzle","FossilizedHelix","Anchor","Turnip"],"potions_floor_usage":[6,10,25,50,51,55,56,56],"damage_taken":[{"damage":12,"enemies":"Jaw Worm","floor":1,"turns":3},{"damage":7,"enemies":"Small Slimes","floor":2,"turns":3},{"damage":5,"enemies":"2 Louse","floor":4,"turns":2},{"damage":30,"enemies":"3 Sentries","floor":6,"turns":4},{"damage":8,"enemies":"Gremlin Nob","floor":10,"turns":3},{"damage":10,"enemies":"Lagavulin","floor":13,"turns":6},{"damage":26,"enemies":"Lagavulin Event","floor":14,"turns":4},{"damage":24,"enemies":"The Guardian","floor":16,"turns":10},{"damage":16,"enemies":"2 Thieves","floor":18,"turns":3},{"damage":6,"enemies":"Spheric Guardian","floor":20,"turns":3},{"damage":5,"enemies":"Book of Stabbing","floor":25,"turns":5},{"damage":3,"enemies":"Gremlin Leader","floor":27,"turns":4},{"damage":3,"enemies":"Snake Plant","floor":28,"turns":5},{"damage":0,"enemies":"Chosen and Byrds","floor":29,"turns":2},{"damage":0,"enemies":"Sentry and Sphere","floor":30,"turns":3},{"damage":5,"enemies":"Champ","floor":33,"turns":9},{"damage":0,"enemies":"3 Shapes","floor":35,"turns":1},{"damage":0,"enemies":"3 Darklings","floor":38,"turns":3},{"damage":0,"enemies":"Giant Head","floor":40,"turns":5},{"damage":0,"enemies":"Reptomancer","floor":42,"turns":2},{"damage":0,"enemies":"Nemesis","floor":44,"turns":5},{"damage":22,"enemies":"2 Orb Walkers","floor":45,"turns":2},{"damage":0,"enemies":"4 Shapes","floor":46,"turns":1},{"damage":0,"enemies":"Spire Growth","floor":48,"turns":2},{"damage":22,"enemies":"Awakened One","floor":50,"turns":18},{"damage":30,"enemies":"Donu and Deca","floor":51,"turns":3},{"damage":0,"enemies":"Shield and Spear","floor":55,"turns":3},{"damage":56,"enemies":"The Heart","floor":56,"turns":8}],"seed_played":"-1079992666181498648","potions_obtained":[{"floor":2,"key":"SpeedPotion"},{"floor":4,"key":"PowerPotion"},{"floor":14,"key":"SneckoOil"},{"floor":18,"key":"GamblersBrew"},{"floor":29,"key":"Ancient Potion"},{"floor":33,"key":"Ancient Potion"}],"is_trial":false,"path_per_floor":["M","M","?","M","?","E","R","$","T","E","R","?","E","?","R","B",null,"M","?","M","$","?","R","$","E","T","E","M","M","M","T","R","B",null,"M","?","?","M","?","E","R","E","T","E","?","M","R","M","R","B","B",null,"R","$","E","B",null],"character_chosen":"DEFECT","items_purchased":["SteroidPotion","Compile Driver","Incense Burner","ClockworkSouvenir","Capacitor","PowerPotion","Energy Potion","Glacier","Anchor","Machine Learning+1"],"campfire_rested":7,"item_purchase_floors":[8,8,21,24,24,24,54,54,54,54],"current_hp_per_floor":[52,45,62,57,36,6,27,27,27,19,40,45,35,9,31,7,59,43,43,37,37,37,59,59,54,54,51,48,48,48,48,48,43,68,68,58,58,58,58,58,76,76,76,76,54,54,54,54,76,54,24,63,76,76,76,20],"gold":76,"neow_bonus":"UPGRADE_CARD","is_prod":false,"is_daily":false,"chose_seed":false,"campfire_upgraded":1,"win_rate":0,"timestamp":1557449053,"path_taken":["M","M","?","M","?","E","R","$","T","E","R","?","E","?","R","BOSS","M","?","?","$","?","R","$","E","T","E","M","M","?","?","R","BOSS","M","?","?","M","?","E","R","E","T","E","?","M","R","M","R","BOSS","BOSS","R","$","E","BOSS"],"build_version":"2019-05-07","purchased_purges":1,"victory":true,"max_hp_per_floor":[71,71,71,71,71,71,71,71,71,71,71,76,76,76,76,76,76,76,76,76,76,76,76,76,76,76,76,76,76,76,76,76,76,76,76,76,76,76,76,76,76,76,76,76,76,76,76,76,76,76,76,76,76,76,76,76],"card_choices":[{"not_picked":["Sweeping Beam","Go for the Eyes"],"picked":"Sunder","floor":1},{"not_picked":["Leap","Blizzard"],"picked":"Defragment","floor":2},{"not_picked":["Turbo","Consume"],"picked":"Hologram","floor":4},{"not_picked":["Skim","Scrape","Double Energy"],"picked":"SKIP","floor":6},{"not_picked":["Redo","Chill"],"picked":"Seek","floor":10},{"not_picked":["Beam Cell","Leap"],"picked":"Conserve Battery","floor":13},{"not_picked":["Seek","Amplify"],"picked":"Biased Cognition","floor":16},{"not_picked":["Rebound","Stack"],"picked":"Go for the Eyes+1","floor":18},{"not_picked":["Skim","Darkness"],"picked":"Coolheaded","floor":20},{"not_picked":["Conserve Battery+1","Aggregate"],"picked":"Electrodynamics","floor":25},{"not_picked":["Steam","Gash"],"picked":"White Noise+1","floor":27},{"not_picked":["Cold Snap","Hologram"],"picked":"Conserve Battery+1","floor":28},{"not_picked":["Gash","Thunder Strike"],"picked":"Storm+1","floor":29},{"not_picked":["Aggregate","Go for the Eyes"],"picked":"Static Discharge","floor":30},{"not_picked":["Creative AI","Rainbow"],"picked":"Biased Cognition","floor":33},{"not_picked":["Go for the Eyes","BootSequence","Aggregate+1"],"picked":"SKIP","floor":35},{"not_picked":["Bandage Up","Metamorphosis"],"picked":"Thinking Ahead","floor":36},{"not_picked":["Jack Of All Trades","Impatience"],"picked":"Finesse","floor":36},{"not_picked":["Forethought","Mind Blast"],"picked":"Secret Technique","floor":36},{"not_picked":["Turbo","Reprogram+1"],"picked":"Defragment","floor":38},{"not_picked":["Steam+1","Turbo"],"picked":"Hologram","floor":40},{"not_picked":["Ball Lightning","Leap","Redo+1"],"picked":"SKIP","floor":42},{"not_picked":["Compile Driver+1","Barrage","Rip and Tear"],"picked":"SKIP","floor":44},{"not_picked":["Sweeping Beam+1","Leap"],"picked":"Reinforced Body","floor":45},{"not_picked":["Sweeping Beam","Conserve Battery+1","Rebound"],"picked":"SKIP","floor":46},{"not_picked":["Self Repair+1","FTL"],"picked":"Conserve Battery+1","floor":48},{"not_picked":["FTL+1","Consume"],"picked":"Conserve Battery+1","floor":55}],"player_experience":6322675,"relics_obtained":[{"floor":6,"key":"Vajra"},{"floor":9,"key":"DataDisk"},{"floor":10,"key":"Old Coin"},{"floor":13,"key":"Potion Belt"},{"floor":14,"key":"Gambling Chip"},{"floor":25,"key":"Bag of Preparation"},{"floor":26,"key":"War Paint"},{"floor":27,"key":"Mercury Hourglass"},{"floor":31,"key":"Matryoshka"},{"floor":40,"key":"Frozen Egg 2"},{"floor":42,"key":"Bag of Marbles"},{"floor":43,"key":"Ancient Tea Set"},{"floor":44,"key":"Centennial Puzzle"},{"floor":45,"key":"FossilizedHelix"},{"floor":55,"key":"Turnip"}],"event_choices":[{"damage_healed":17,"gold_gain":0,"player_choice":"Healed","damage_taken":0,"max_hp_gain":0,"max_hp_loss":0,"event_name":"The Cleric","floor":3,"gold_loss":35},{"damage_healed":0,"gold_gain":0,"player_choice":"Entered Light","damage_taken":21,"max_hp_gain":0,"max_hp_loss":0,"event_name":"Shining Light","floor":5,"gold_loss":0,"cards_upgraded":["Defragment","Sunder"]},{"damage_healed":0,"gold_gain":0,"player_choice":"Donut","damage_taken":0,"max_hp_gain":5,"max_hp_loss":0,"event_name":"Big Fish","floor":12,"gold_loss":0},{"damage_healed":0,"gold_gain":30,"player_choice":"Searched \u00272\u0027 times","damage_taken":0,"max_hp_gain":0,"max_hp_loss":0,"event_name":"Dead Adventurer","floor":14,"gold_loss":0},{"damage_healed":0,"gold_gain":250,"player_choice":"Bet on Owner","damage_taken":0,"max_hp_gain":0,"max_hp_loss":0,"event_name":"The Joust","floor":19,"gold_loss":50},{"damage_healed":0,"gold_gain":0,"player_choice":"Ignored","damage_taken":0,"max_hp_gain":0,"max_hp_loss":0,"event_name":"N\u0027loth","floor":22,"gold_loss":0},{"damage_healed":0,"gold_gain":0,"player_choice":"Memory 3","damage_taken":10,"max_hp_gain":0,"max_hp_loss":0,"event_name":"SensoryStone","floor":36,"gold_loss":0},{"cards_removed":["Defend_B"],"damage_healed":0,"gold_gain":0,"player_choice":"Removed Skill","damage_taken":0,"max_hp_gain":0,"max_hp_loss":0,"event_name":"Falling","floor":37,"gold_loss":0},{"damage_healed":0,"gold_gain":0,"player_choice":"Ignored","damage_taken":0,"max_hp_gain":0,"max_hp_loss":0,"event_name":"Tomb of Lord Red Mask","floor":39,"gold_loss":0},{"damage_healed":0,"gold_gain":0,"player_choice":"Fight","damage_taken":0,"max_hp_gain":0,"max_hp_loss":0,"event_name":"Mysterious Sphere","floor":45,"gold_loss":0}],"is_beta":true,"boss_relics":[{"not_picked":["Calling Bell","FrozenCore"],"picked":"Empty Cage"},{"not_picked":["Orrery","Astrolabe"],"picked":"Fusion Hammer"}],"items_purged_floors":[21],"is_endless":false,"potions_floor_spawned":[2,4,14,18,29,30,33,38,40,45,48],"ascension_level":20}