{"gold_per_floor":[115,133,147,161,161,161,120,120,120,132,143,143,143,13,13,117,117,127,159,87,106,106,106,135,135],"floor_reached":25,"playtime":908,"items_purged":[],"score":236,"play_id":"47260718-06cc-41dd-9734-d19b3da238e0","local_time":"20190318004504","is_ascension_mode":false,"campfire_choices":[{"data":"Self Repair","floor":6,"key":"SMITH"},{"floor":8,"key":"REST"},{"floor":15,"key":"REST"},{"floor":23,"key":"REST"}],"neow_cost":"NONE","seed_source_timestamp":0,"circlet_count":0,"master_deck":["Zap","Dualcast","Purity","Self Repair+1","Capacitor","Consume+1","Ball Lightning","Loop","Steam","Ball Lightning","Enlightenment","Ball Lightning","Biased Cognition","BootSequence","Rip and Tear","Amplify","Double Energy","Amplify","FTL","Reboot","Ball Lightning","Steam+1","Storm","Ball Lightning+1","Loop"],"special_seed":0,"relics":["Cracked Core","Matryoshka","Dodecahedron","Omamori","Pandora\u0027s Box","Red Mask","Gremlin Horn"],"potions_floor_usage":[10,16,24],"damage_taken":[{"damage":6,"enemies":"2 Louse","floor":1,"turns":2},{"damage":10,"enemies":"Jaw Worm","floor":2,"turns":4},{"damage":8,"enemies":"Small Slimes","floor":3,"turns":3},{"damage":25,"enemies":"3 Louse","floor":4,"turns":4},{"damage":9,"enemies":"Blue Slaver","floor":10,"turns":3},{"damage":37,"enemies":"Gremlin Gang","floor":11,"turns":4},{"damage":41,"enemies":"Hexaghost","floor":16,"turns":8},{"damage":0,"enemies":"Chosen","floor":18,"turns":3},{"damage":19,"enemies":"Masked Bandits","floor":19,"turns":3},{"damage":40,"enemies":"2 Thieves","floor":21,"turns":4},{"damage":48,"enemies":"Slavers","floor":24,"turns":4},{"damage":19,"enemies":"Snake Plant","floor":25,"turns":2}],"seed_played":"-3723758563756025590","potions_obtained":[{"floor":1,"key":"FairyPotion"},{"floor":4,"key":"Poison Potion"},{"floor":11,"key":"PowerPotion"},{"floor":19,"key":"Dexterity Potion"}],"is_trial":false,"path_per_floor":["M","M","M","M","?","R","$","R","T","M","M","?","T","$","R","B",null,"M","?","$","M","?","R","E","M"],"character_chosen":"DEFECT","items_purchased":["Loop","Enlightenment","Ball Lightning","Storm"],"campfire_rested":3,"item_purchase_floors":[7,14,14,20],"current_hp_per_floor":[69,66,65,47,47,47,47,69,69,70,43,43,43,43,65,24,75,75,66,66,36,36,58,10,0],"gold":135,"neow_bonus":"RANDOM_COLORLESS","is_prod":false,"is_daily":false,"chose_seed":false,"campfire_upgraded":1,"win_rate":0,"timestamp":1552884304,"path_taken":["M","M","M","M","?","R","$","R","T","M","M","?","?","?","R","BOSS","M","?","$","M","?","R","E","M"],"build_version":"2019-01-23","purchased_purges":0,"victory":false,"max_hp_per_floor":[75,75,75,75,75,75,75,75,75,75,75,75,75,75,75,75,75,75,75,75,75,75,75,75,75],"card_choices":[{"not_picked":["Leap","Turbo"],"picked":"Self Repair","floor":1},{"not_picked":["Steam","Coolheaded"],"picked":"Capacitor","floor":2},{"not_picked":["Steam","Turbo"],"picked":"Consume","floor":3},{"not_picked":["Sweeping Beam","FTL"],"picked":"Ball Lightning","floor":4},{"not_picked":["Chaos","Compile Driver"],"picked":"Steam","floor":10},{"not_picked":["All For One","Capacitor"],"picked":"Ball Lightning","floor":11},{"not_picked":["Multi-Cast","Echo Form"],"picked":"Biased Cognition","floor":16},{"not_picked":["Recycle","Aggregate"],"picked":"Ball Lightning","floor":18},{"not_picked":["Gash","Beam Cell"],"picked":"Steam+1","floor":19},{"not_picked":["Glacier","Barrage"],"picked":"Ball Lightning+1","floor":21},{"not_picked":["Lockon","Barrage"],"picked":"Loop","floor":24}],"player_experience":743851,"relics_obtained":[{"floor":9,"key":"Matryoshka"},{"floor":13,"key":"Dodecahedron"},{"floor":13,"key":"Omamori"},{"floor":19,"key":"Red Mask"},{"floor":24,"key":"Gremlin Horn"}],"event_choices":[{"damage_healed":0,"gold_gain":0,"player_choice":"Grow","damage_taken":0,"max_hp_gain":0,"max_hp_loss":0,"event_name":"Living Wall","floor":5,"gold_loss":0,"cards_upgraded":["Consume"]},{"damage_healed":0,"gold_gain":0,"player_choice":"Ignored","damage_taken":0,"max_hp_gain":0,"max_hp_loss":0,"event_name":"Golden Wing","floor":12,"gold_loss":0},{"damage_healed":0,"gold_gain":0,"player_choice":"Fought Bandits","damage_taken":0,"max_hp_gain":0,"max_hp_loss":0,"event_name":"Masked Bandits","floor":19,"gold_loss":0},{"cards_removed":["Scrape"],"damage_healed":0,"gold_gain":0,"player_choice":"Elegance","damage_taken":0,"max_hp_gain":0,"max_hp_loss":0,"event_name":"Back to Basics","floor":22,"gold_loss":0}],"is_beta":false,"boss_relics":[{"not_picked":["Astrolabe","Ectoplasm"],"picked":"Pandora\u0027s Box"}],"items_purged_floors":[],"is_endless":false,"potions_floor_spawned":[1,4,11,19],"killed_by":"Snake Plant","ascension_level":0}