{"gold_per_floor":[146,146,146,165,177,17,0,25,50,79,91,121,133,163,175,261,273,267,38,38,58,78,78,104,104,104,104,136,13,13,13,13,87,87,97,112,112,212,223,223,252,252,252,282,282,310,310,310,310,310,310,310,18,48,48],"floor_reached":55,"playtime":2633,"items_purged":["Doubt","Strike_B"],"score":1381,"play_id":"ec71758d-daed-4156-9517-b7bcdb4b2e4f","local_time":"20190421005603","is_ascension_mode":true,"campfire_choices":[{"floor":11.0,"key":"REST"},{"data":"Defragment","floor":13.0,"key":"SMITH"},{"data":"Sunder","floor":15.0,"key":"SMITH"},{"floor":23.0,"key":"REST"},{"data":"Loop","floor":25.0,"key":"SMITH"},{"data":"Static Discharge","floor":27.0,"key":"SMITH"},{"floor":32.0,"key":"REST"},{"floor":40.0,"key":"RECALL"},{"data":"Rainbow","floor":47.0,"key":"SMITH"},{"data":"Reinforced Body","floor":49.0,"key":"SMITH"},{"data":"Sunder","floor":52.0,"key":"SMITH"}],"neow_cost":"NONE","seed_source_timestamp":898684143443959,"circlet_count":0,"master_deck":["AscendersBane","Zap","Dualcast","Conserve Battery","Coolheaded","Defragment+1","Sunder+1","Reinforced Body+1","Cold Snap","Loop+1","Rainbow+1","Sunder+1","Force Field","Static Discharge+1","Glacier","Thunder Strike","Core Surge","Amplify","Hyperbeam","Barrage","Sweeping Beam","Glacier","White Noise","Conserve Battery","Fusion","Undo","Meteor Strike","Force Field+1","Mayhem"],"special_seed":0,"relics":["Calling Bell","Tiny Chest","Singing Bowl","Bird Faced Urn","Anchor","MawBank","Snecko Eye","Membership Card","Oddly Smooth Stone","Matryoshka","Regal Pillow","Pandora\u0027s Box","Nunchaku","Vajra","Bag of Marbles","Bottled Tornado","Dream Catcher","Ornamental Fan","Bronze Scales","OrangePellets","Art of War","Pantograph"],"potions_floor_usage":[],"damage_taken":[{"damage":12.0,"enemies":"2 Louse","floor":1.0,"turns":2.0},{"damage":11.0,"enemies":"Cultist","floor":4.0,"turns":5.0},{"damage":7.0,"enemies":"Small Slimes","floor":5.0,"turns":4.0},{"damage":1.0,"enemies":"Looter","floor":7.0,"turns":4.0},{"damage":15.0,"enemies":"3 Sentries","floor":8.0,"turns":11.0},{"damage":13.0,"enemies":"2 Fungi Beasts","floor":10.0,"turns":5.0},{"damage":0.0,"enemies":"3 Louse","floor":12.0,"turns":4.0},{"damage":6.0,"enemies":"Blue Slaver","floor":14.0,"turns":6.0},{"damage":11.0,"enemies":"Hexaghost","floor":16.0,"turns":12.0},{"damage":13.0,"enemies":"2 Thieves","floor":18.0,"turns":4.0},{"damage":7.0,"enemies":"3 Byrds","floor":21.0,"turns":5.0},{"damage":28.0,"enemies":"Centurion and Healer","floor":22.0,"turns":8.0},{"damage":0.0,"enemies":"Gremlin Leader","floor":24.0,"turns":9.0},{"damage":21.0,"enemies":"Book of Stabbing","floor":28.0,"turns":5.0},{"damage":20.0,"enemies":"Champ","floor":33.0,"turns":10.0},{"damage":0.0,"enemies":"3 Darklings","floor":35.0,"turns":7.0},{"damage":0.0,"enemies":"3 Shapes","floor":36.0,"turns":5.0},{"damage":0.0,"enemies":"Mind Bloom Boss Battle","floor":38.0,"turns":6.0},{"damage":20.0,"enemies":"Sphere and 2 Shapes","floor":39.0,"turns":4.0},{"damage":32.0,"enemies":"Nemesis","floor":41.0,"turns":11.0},{"damage":0.0,"enemies":"Reptomancer","floor":44.0,"turns":6.0},{"damage":1.0,"enemies":"Nemesis","floor":46.0,"turns":12.0},{"damage":11.0,"enemies":"Donu and Deca","floor":50.0,"turns":14.0},{"damage":47.0,"enemies":"Shield and Spear","floor":54.0,"turns":11.0},{"damage":86,"enemies":"The Heart","floor":55,"turns":8}],"seed_played":"5686041637010564903","potions_obtained":[{"floor":1.0,"key":"LiquidBronze"},{"floor":4.0,"key":"Energy Potion"},{"floor":14.0,"key":"Swift Potion"},{"floor":22.0,"key":"Energy Potion"},{"floor":33.0,"key":"FocusPotion"},{"floor":41.0,"key":"Block Potion"}],"is_trial":false,"path_per_floor":["M","?","?","M","M","$","M","E","T","M","R","M","R","M","R","B",null,"M","$","?","M","M","R","E","R","T","R","E","$","?","?","R","B",null,"M","M","?","?","M","R","E","T","T","E","?","E","R","?","R","B",null,"R","$","E","B"],"character_chosen":"DEFECT","items_purchased":["Defragment","Gash","Membership Card","Sunder","Thunder Strike","OrangePellets","Art of War","Mayhem","Dexterity Potion"],"campfire_rested":3,"item_purchase_floors":[6,6,19,19,29,53,53,53,53],"current_hp_per_floor":[54,54,54,43,36,36,37,26,26,15,37,39,39,35,35,28,63,56,56,56,51,29,52,56,56,56,56,41,41,41,18,58,44,74,80,86,82,84,68,68,50,50,50,62,62,71,71,71,71,86,86,86,86,49,0],"gold":48,"neow_bonus":"BOSS_RELIC","is_prod":false,"is_daily":false,"chose_seed":false,"campfire_upgraded":7,"win_rate":0,"timestamp":1555822563,"path_taken":["M","?","?","M","M","$","?","E","T","M","R","M","R","M","R","BOSS","M","$","?","M","?","R","E","R","T","R","E","$","?","?","R","BOSS","M","M","?","?","M","R","E","?","T","E","?","E","R","?","R","BOSS","R","$","E","BOSS"],"build_version":"2019-04-20","purchased_purges":2,"victory":false,"max_hp_per_floor":[73,73,73,73,73,73,73,75,75,75,75,75,75,75,75,75,75,77,77,77,77,79,79,79,79,79,79,79,79,79,84,84,84,84,84,86,82,84,84,84,84,84,84,86,86,86,86,86,86,86,86,86,86,88,88],"card_choices":[{"not_picked":["Stack","Beam Cell","Barrage"],"picked":"Singing Bowl","floor":1.0},{"not_picked":["Capacitor","Lockon"],"picked":"Conserve Battery","floor":4.0},{"not_picked":["Self Repair","FTL"],"picked":"Coolheaded","floor":5.0},{"not_picked":["Reinforced Body","Recycle"],"picked":"Sunder","floor":7.0},{"not_picked":["Beam Cell","Hyperbeam","Barrage"],"picked":"Singing Bowl","floor":8.0},{"not_picked":["Conserve Battery","Recycle"],"picked":"Reinforced Body","floor":10.0},{"not_picked":["Gash","Steam"],"picked":"Cold Snap","floor":12.0},{"not_picked":["Beam Cell","Barrage"],"picked":"Loop","floor":14.0},{"not_picked":["Creative AI","Hyperbeam"],"picked":"Rainbow","floor":16.0},{"not_picked":["Redo","Steam+1","Turbo+1"],"picked":"Singing Bowl","floor":18.0},{"not_picked":["Stack","Recycle"],"picked":"Force Field","floor":21.0},{"not_picked":["Rebound","Lockon","Auto Shields"],"picked":"Singing Bowl","floor":22.0},{"not_picked":["Coolheaded+1","Turbo+1"],"picked":"Static Discharge","floor":24.0},{"not_picked":["Rebound","Skim"],"picked":"Glacier","floor":28.0},{"not_picked":["Hyperbeam","Reboot"],"picked":"Core Surge","floor":33.0},{"not_picked":["Sunder","BootSequence"],"picked":"Fusion","floor":35.0},{"not_picked":["Ball Lightning","Coolheaded","Steam"],"picked":"Singing Bowl","floor":36.0},{"not_picked":["Rip and Tear+1","Coolheaded","Turbo"],"picked":"Singing Bowl","floor":38.0},{"not_picked":["Sweeping Beam","Heatsinks"],"picked":"Undo","floor":39.0},{"not_picked":["Sweeping Beam+1","Scrape"],"picked":"Meteor Strike","floor":41.0},{"not_picked":["Stack+1","BootSequence","Gash"],"picked":"Singing Bowl","floor":44.0},{"not_picked":["Leap","FTL+1"],"picked":"Force Field+1","floor":46.0},{"not_picked":["Reprogram+1","Steam","Static Discharge"],"picked":"Singing Bowl","floor":54.0}],"player_experience":2436675,"relics_obtained":[{"floor":0.0,"key":"Tiny Chest"},{"floor":0.0,"key":"Singing Bowl"},{"floor":0.0,"key":"Bird Faced Urn"},{"floor":8.0,"key":"Anchor"},{"floor":9.0,"key":"MawBank"},{"floor":24.0,"key":"Oddly Smooth Stone"},{"floor":26.0,"key":"Matryoshka"},{"floor":28.0,"key":"Regal Pillow"},{"floor":38.0,"key":"Nunchaku"},{"floor":41.0,"key":"Vajra"},{"floor":42.0,"key":"Bag of Marbles"},{"floor":43.0,"key":"Bottled Tornado"},{"floor":43.0,"key":"Dream Catcher"},{"floor":44.0,"key":"Ornamental Fan"},{"floor":46.0,"key":"Bronze Scales"},{"floor":54.0,"key":"Pantograph"}],"event_choices":[{"damage_healed":0.0,"max_hp_gain":0.0,"max_hp_loss":0.0,"gold_gain":0.0,"event_name":"Liars Game","player_choice":"Ignored","floor":2.0,"gold_loss":0.0,"damage_taken":0.0},{"damage_healed":0.0,"max_hp_gain":0.0,"max_hp_loss":0.0,"gold_gain":0.0,"event_name":"Accursed Blacksmith","player_choice":"Forge","floor":3.0,"gold_loss":0.0,"damage_taken":0.0,"cards_upgraded":["Defend_B"]},{"cards_removed":["Clumsy","Decay"],"damage_healed":0.0,"max_hp_gain":0.0,"max_hp_loss":0.0,"gold_gain":0.0,"event_name":"Fountain of Cleansing","player_choice":"Removed Curses","floor":20.0,"gold_loss":0.0,"damage_taken":0.0},{"damage_healed":0.0,"max_hp_gain":0.0,"max_hp_loss":0.0,"gold_gain":0.0,"event_name":"Ghosts","player_choice":"Ignored","floor":30.0,"gold_loss":0.0,"damage_taken":0.0},{"damage_healed":0.0,"max_hp_gain":5.0,"max_hp_loss":0.0,"gold_gain":0.0,"event_name":"Forgotten Altar","player_choice":"Shed Blood","floor":31.0,"gold_loss":0.0,"damage_taken":28.0},{"damage_healed":0.0,"max_hp_gain":0.0,"max_hp_loss":4.0,"gold_gain":0.0,"event_name":"Winding Halls","player_choice":"Max HP","floor":37.0,"gold_loss":0.0,"damage_taken":0.0},{"damage_healed":0.0,"max_hp_gain":0.0,"max_hp_loss":0.0,"gold_gain":0.0,"event_name":"MindBloom","player_choice":"Fight","floor":38.0,"gold_loss":0.0,"damage_taken":0.0},{"cards_removed":["Gash"],"damage_healed":0.0,"max_hp_gain":0.0,"max_hp_loss":0.0,"gold_gain":0.0,"event_name":"Falling","player_choice":"Removed Attack","floor":45.0,"gold_loss":0.0,"damage_taken":0.0},{"damage_healed":0.0,"max_hp_gain":0.0,"max_hp_loss":0.0,"gold_gain":0.0,"event_name":"Mysterious Sphere","player_choice":"Ignored","floor":48.0,"gold_loss":0.0,"damage_taken":0.0}],"is_beta":true,"boss_relics":[{"not_picked":["Astrolabe","Tiny House"],"picked":"Snecko Eye"},{"not_picked":["Sozu","Nuclear Battery"],"picked":"Pandora\u0027s Box"}],"items_purged_floors":[6,29],"is_endless":false,"potions_floor_spawned":[1,4,5,14,22,33,38,41,46],"killed_by":"The Heart","ascension_level":15}