{"gold_per_floor":[11,21,21,39,57,57,91,91,91,110,110,123,123,49,49,146,146,161,161,161,178,93,93,93,122,191,116,116,128,138,173,173,269,269,280,280,293,293,293,293,321,336,336,347,375,475,475,488,488,488,488,488,34,67,67],"floor_reached":56,"playtime":4806,"items_purged":["Injury"],"score":1527,"play_id":"6d37d764-899f-40e8-9de0-d32f47a00c39","local_time":"20190415184925","is_ascension_mode":true,"campfire_choices":[{"floor":6.0,"key":"DIG"},{"floor":8.0,"key":"DIG"},{"floor":13.0,"key":"DIG"},{"floor":15.0,"key":"DIG"},{"floor":23.0,"key":"DIG"},{"floor":28.0,"key":"RECALL"},{"floor":32.0,"key":"DIG"},{"floor":40.0,"key":"DIG"},{"floor":47.0,"key":"DIG"},{"floor":49.0,"key":"DIG"},{"floor":52.0,"key":"DIG"}],"neow_cost":"NO_GOLD","seed_source_timestamp":0,"circlet_count":0,"master_deck":["Strike_B","Strike_B","Strike_B","Strike_B","Defend_B","Defend_B","Defend_B","Defend_B","Zap","Dualcast","Defragment","Cold Snap","Conserve Battery","Conserve Battery","White Noise","Glacier","Capacitor+1","Creative AI+1","Hello World+1","Ghostly+1","Ghostly","Ghostly","Ghostly","Ghostly","Reinforced Body+1","Amplify","FTL+1","Cold Snap","Core Surge","Loop+1","Aggregate","Good Instincts","Panache+1","Sadistic Nature+1","White Noise+1","Regret","Storm+1","Redo+1","Leap+1","Secret Technique+1","Rebound+1"],"special_seed":0,"relics":["Cracked Core","Shovel","Bronze Scales","Pocketwatch","Bag of Marbles","Letter Opener","Blue Candle","Frozen Egg 2","Juzu Bracelet","Cursed Key","Sundial","Strawberry","Unceasing Top","Bottled Tornado","Incense Burner","Ancient Tea Set","Sozu","Bottled Lightning","PreservedInsect","Boot","Toxic Egg 2","Oddly Smooth Stone","Blood Vial","Shuriken","War Paint","Happy Flower","Bag of Preparation"],"potions_floor_usage":[55],"damage_taken":[{"damage":0.0,"enemies":"Cultist","floor":1.0,"turns":3.0},{"damage":0.0,"enemies":"Small Slimes","floor":2.0,"turns":3.0},{"damage":3.0,"enemies":"Jaw Worm","floor":4.0,"turns":4.0},{"damage":6.0,"enemies":"Blue Slaver","floor":5.0,"turns":4.0},{"damage":14.0,"enemies":"3 Sentries","floor":7.0,"turns":7.0},{"damage":1.0,"enemies":"Exordium Thugs","floor":10.0,"turns":4.0},{"damage":0.0,"enemies":"Large Slime","floor":12.0,"turns":8.0},{"damage":20.0,"enemies":"Slime Boss","floor":16.0,"turns":10.0},{"damage":4.0,"enemies":"Chosen","floor":18.0,"turns":5.0},{"damage":1.0,"enemies":"Spheric Guardian","floor":21.0,"turns":5.0},{"damage":9.0,"enemies":"Gremlin Leader","floor":25.0,"turns":10.0},{"damage":2.0,"enemies":"Centurion and Healer","floor":29.0,"turns":5.0},{"damage":3.0,"enemies":"Shelled Parasite and Fungi","floor":30.0,"turns":9.0},{"damage":0.0,"enemies":"Book of Stabbing","floor":31.0,"turns":5.0},{"damage":1.0,"enemies":"Champ","floor":33.0,"turns":11.0},{"damage":1.0,"enemies":"Orb Walker","floor":35.0,"turns":6.0},{"damage":3.0,"enemies":"3 Shapes","floor":37.0,"turns":6.0},{"damage":0.0,"enemies":"Giant Head","floor":41.0,"turns":9.0},{"damage":2.0,"enemies":"Jaw Worm Horde","floor":42.0,"turns":3.0},{"damage":1.0,"enemies":"Writhing Mass","floor":44.0,"turns":4.0},{"damage":1.0,"enemies":"Nemesis","floor":45.0,"turns":3.0},{"damage":1.0,"enemies":"Sphere and 2 Shapes","floor":48.0,"turns":3.0},{"damage":1.0,"enemies":"Time Eater","floor":50.0,"turns":6.0},{"damage":0,"enemies":"Shield and Spear","floor":54,"turns":4},{"damage":34,"enemies":"The Heart","floor":55,"turns":7}],"seed_played":"1820573032257364518","potions_obtained":[{"floor":1.0,"key":"SteroidPotion"},{"floor":5.0,"key":"FearPotion"},{"floor":7.0,"key":"GamblersBrew"},{"floor":10.0,"key":"Strength Potion"},{"floor":18.0,"key":"EntropicBrew"},{"floor":21.0,"key":"AttackPotion"},{"floor":25.0,"key":"AttackPotion"},{"floor":29.0,"key":"Poison Potion"},{"floor":33.0,"key":"Swift Potion"}],"is_trial":false,"path_per_floor":["M","M","?","M","M","R","E","R","T","M","?","M","R","$","R","B",null,"M","?","T","M","?","R","?","E","T","$","R","M","M","E","R","B",null,"M","?","M","?","?","R","E","M","T","M","E","?","R","M","R","B",null,"R","$","E","B",null],"character_chosen":"DEFECT","items_purchased":["Capacitor+1","War Paint","Happy Flower","Secret Technique+1"],"campfire_rested":0,"item_purchase_floors":[14,53,53,53],"current_hp_per_floor":[75,75,75,72,66,66,52,52,52,51,51,51,51,51,51,31,75,71,37,37,36,36,43,41,32,32,32,32,30,27,27,27,26,41,40,40,37,37,27,27,27,25,25,24,23,23,23,22,22,23,41,41,41,41,7],"gold":67,"neow_bonus":"ONE_RARE_RELIC","is_prod":false,"is_daily":false,"chose_seed":false,"campfire_upgraded":0,"win_rate":0,"timestamp":1555350565,"path_taken":["M","?","?","M","M","R","E","R","T","M","?","M","R","?","R","BOSS","M","?","?","M","?","R","?","E","T","?","R","M","M","E","R","BOSS","M","?","M","?","?","R","E","M","T","M","E","?","R","M","R","BOSS","R","$","E","BOSS"],"build_version":"2019-01-23","purchased_purges":1,"victory":true,"max_hp_per_floor":[75,75,75,75,75,75,75,75,75,75,75,75,75,75,75,75,75,75,37,37,37,37,44,41,41,41,41,41,41,41,41,41,41,41,41,41,41,41,41,41,41,41,41,41,41,41,41,41,41,41,41,41,41,41,41],"card_choices":[{"not_picked":["Double Energy","Ball Lightning"],"picked":"Defragment","floor":1.0},{"not_picked":["Steam","Barrage"],"picked":"Cold Snap","floor":2.0},{"not_picked":["Chaos","Streamline"],"picked":"Conserve Battery","floor":4.0},{"not_picked":["Amplify","Turbo"],"picked":"Conserve Battery","floor":5.0},{"not_picked":["Cold Snap","Stack"],"picked":"White Noise","floor":7.0},{"not_picked":["BootSequence","Consume"],"picked":"Glacier","floor":10.0},{"not_picked":["Doom and Gloom","Go for the Eyes","Consume"],"picked":"SKIP","floor":12.0},{"not_picked":["Machine Learning+1","Hyperbeam"],"picked":"Creative AI+1","floor":16.0},{"not_picked":["Leap","Barrage"],"picked":"Hello World+1","floor":18.0},{"not_picked":["Streamline","Redo"],"picked":"Reinforced Body","floor":21.0},{"not_picked":["Gash","Beam Cell"],"picked":"Amplify","floor":25.0},{"not_picked":["Ball Lightning","Steam","Melter"],"picked":"SKIP","floor":29.0},{"not_picked":["Hello World+1","Conserve Battery"],"picked":"FTL+1","floor":30.0},{"not_picked":["Gash+1","Sweeping Beam"],"picked":"Cold Snap","floor":31.0},{"not_picked":["Rainbow","Reboot"],"picked":"Core Surge","floor":33.0},{"not_picked":["Skim+1","Sweeping Beam"],"picked":"Loop+1","floor":35.0},{"not_picked":["Coolheaded+1","Static Discharge+1"],"picked":"Aggregate","floor":37.0},{"not_picked":["Forethought","Madness"],"picked":"Good Instincts","floor":39.0},{"not_picked":["Swift Strike","Magnetism+1"],"picked":"Panache+1","floor":39.0},{"not_picked":["Bandage Up","Flash of Steel"],"picked":"Sadistic Nature+1","floor":39.0},{"not_picked":["All For One","Scrape+1","Leap+1"],"picked":"SKIP","floor":41.0},{"not_picked":["Leap","Double Energy"],"picked":"White Noise+1","floor":42.0},{"not_picked":["Go for the Eyes","Recycle"],"picked":"Storm+1","floor":44.0},{"not_picked":["Multi-Cast","Sunder"],"picked":"Redo+1","floor":45.0},{"not_picked":["Darkness+1","Barrage"],"picked":"Leap+1","floor":48.0},{"not_picked":["Multi-Cast+1","Steam+1"],"picked":"Rebound+1","floor":54}],"player_experience":116599,"relics_obtained":[{"floor":6.0,"key":"Bronze Scales"},{"floor":7.0,"key":"Pocketwatch"},{"floor":8.0,"key":"Bag of Marbles"},{"floor":9.0,"key":"Letter Opener"},{"floor":13.0,"key":"Frozen Egg 2"},{"floor":15.0,"key":"Juzu Bracelet"},{"floor":23.0,"key":"Strawberry"},{"floor":25.0,"key":"Unceasing Top"},{"floor":26.0,"key":"Bottled Tornado"},{"floor":31.0,"key":"Incense Burner"},{"floor":32.0,"key":"Ancient Tea Set"},{"floor":40.0,"key":"Bottled Lightning"},{"floor":41.0,"key":"PreservedInsect"},{"floor":43.0,"key":"Boot"},{"floor":45.0,"key":"Toxic Egg 2"},{"floor":47.0,"key":"Oddly Smooth Stone"},{"floor":49.0,"key":"Blood Vial"},{"floor":52.0,"key":"Shuriken"},{"floor":54,"key":"Bag of Preparation"}],"event_choices":[{"damage_healed":0.0,"max_hp_gain":0.0,"max_hp_loss":0.0,"gold_gain":0.0,"event_name":"The Cleric","player_choice":"Leave","floor":3.0,"gold_loss":0.0,"damage_taken":0.0},{"damage_healed":0.0,"max_hp_gain":0.0,"max_hp_loss":0.0,"gold_gain":0.0,"event_name":"Big Fish","player_choice":"Box","floor":11.0,"gold_loss":0.0,"damage_taken":0.0,"relics_obtained":["Blue Candle"],"cards_obtained":["Regret"]},{"damage_healed":0.0,"max_hp_gain":0.0,"max_hp_loss":38.0,"gold_gain":0.0,"event_name":"Ghosts","player_choice":"Became a Ghost","floor":19.0,"gold_loss":0.0,"damage_taken":0.0,"cards_obtained":["Ghostly","Ghostly","Ghostly","Ghostly","Ghostly"]},{"damage_healed":0.0,"max_hp_gain":0.0,"max_hp_loss":0.0,"gold_gain":0.0,"event_name":"Addict","player_choice":"Obtained Relic","floor":22.0,"gold_loss":85.0,"damage_taken":0.0,"relics_obtained":["Sundial"]},{"cards_removed":["Parasite","Regret"],"damage_healed":0.0,"max_hp_gain":0.0,"max_hp_loss":0.0,"gold_gain":0.0,"event_name":"Fountain of Cleansing","player_choice":"Removed Curses","floor":24.0,"gold_loss":0.0,"damage_taken":0.0},{"damage_healed":0.0,"max_hp_gain":0.0,"max_hp_loss":0.0,"gold_gain":0.0,"event_name":"Tomb of Lord Red Mask","player_choice":"Ignored","floor":36.0,"gold_loss":0.0,"damage_taken":0.0},{"damage_healed":0.0,"max_hp_gain":0.0,"max_hp_loss":0.0,"gold_gain":0.0,"event_name":"Lab","player_choice":"Got Potions","floor":38.0,"gold_loss":0.0,"damage_taken":0.0},{"damage_healed":0.0,"max_hp_gain":0.0,"max_hp_loss":0.0,"gold_gain":0.0,"event_name":"SensoryStone","player_choice":"Memory 3","floor":39.0,"gold_loss":0.0,"damage_taken":10.0},{"damage_healed":0.0,"max_hp_gain":0.0,"max_hp_loss":0.0,"gold_gain":100.0,"event_name":"Golden Shrine","player_choice":"Pray","floor":46.0,"gold_loss":0.0,"damage_taken":0.0}],"is_beta":false,"boss_relics":[{"not_picked":["Tiny House","Snecko Eye"],"picked":"Cursed Key"},{"not_picked":["Astrolabe","Calling Bell"],"picked":"Sozu"}],"items_purged_floors":[27],"is_endless":false,"potions_floor_spawned":[1,5,7,10,18,21,25,29,33,35,41,44,45],"ascension_level":2}