{"gold_per_floor":[119,269,152,152,28,54,54,80,80,80,90,90,15,36,36,110,110,128,128,528,528,548,548,568,568,568,618,20,55,71,90,90,169,219,237,249,36,36,36,63,163,176,176,176,201,201,43,55,55,55,55],"floor_reached":52,"playtime":2357,"items_purged":["Doubt","Shame","Writhe","Decay"],"score":2089,"play_id":"b14f1b99-596f-4aed-b819-31a955e608a3","local_time":"20190319221118","is_ascension_mode":true,"campfire_choices":[{"data":"Uppercut","floor":7,"key":"SMITH"},{"data":"Disarm","floor":10,"key":"SMITH"},{"data":"Bash","floor":12,"key":"SMITH"},{"data":"Pommel Strike","floor":15,"key":"SMITH"},{"data":"Demon Form","floor":23,"key":"SMITH"},{"floor":25,"key":"REST"},{"data":"Feel No Pain","floor":32,"key":"SMITH"},{"data":"Battle Trance","floor":44,"key":"SMITH"},{"floor":46,"key":"REST"},{"data":"Limit Break","floor":49,"key":"SMITH"}],"neow_cost":"NONE","seed_source_timestamp":245173319299363,"circlet_count":0,"master_deck":["AscendersBane","Strike_R","Strike_R","Strike_R","Defend_R","Defend_R","Defend_R+1","Defend_R","Bash+1","Pommel Strike+1","Uppercut+1","Reaper","Disarm+1","Clothesline+1","Carnage+1","Demon Form+1","Heavy Blade+1","Necronomicurse","Pummel+1","Feel No Pain+1","Battle Trance+1","Limit Break+1","Whirlwind+1","Shockwave+1","Limit Break","Limit Break"],"relics":["Burning Blood","NeowsBlessing","Anchor","Smiling Mask","Ancient Tea Set","Oddly Smooth Stone","Molten Egg 2","Odd Mushroom","Cursed Key","Necronomicon","Old Coin","Mummified Hand","Pen Nib","Pear","Singing Bowl","Mercury Hourglass","StoneCalendar","Tiny House","Vajra","Incense Burner","Bird Faced Urn","Bottled Flame","Calipers"],"potions_floor_usage":[14,16,31,33,33,36,42,45,50,51],"damage_taken":[{"damage":0,"enemies":"2 Louse","floor":1,"turns":1},{"damage":0,"enemies":"Lagavulin","floor":6,"turns":1},{"damage":0,"enemies":"3 Sentries","floor":8,"turns":1},{"damage":0,"enemies":"Small Slimes","floor":11,"turns":3},{"damage":23,"enemies":"The Mushroom Lair","floor":14,"turns":4},{"damage":31,"enemies":"The Guardian","floor":16,"turns":14},{"damage":3,"enemies":"Chosen","floor":18,"turns":5},{"damage":40,"enemies":"Colosseum Slavers","floor":20,"turns":5},{"damage":5,"enemies":"Colosseum Nobs","floor":20,"turns":3},{"damage":0,"enemies":"Spheric Guardian","floor":22,"turns":1},{"damage":10,"enemies":"Snecko","floor":24,"turns":3},{"damage":0,"enemies":"Gremlin Leader","floor":29,"turns":3},{"damage":5,"enemies":"Shelled Parasite and Fungi","floor":30,"turns":2},{"damage":6,"enemies":"Snake Plant","floor":31,"turns":2},{"damage":45,"enemies":"Automaton","floor":33,"turns":8},{"damage":7,"enemies":"3 Shapes","floor":35,"turns":3},{"damage":15,"enemies":"3 Darklings","floor":36,"turns":3},{"damage":19,"enemies":"Nemesis","floor":40,"turns":3},{"damage":0,"enemies":"Mind Bloom Boss Battle","floor":41,"turns":3},{"damage":20,"enemies":"Spire Growth","floor":42,"turns":4},{"damage":21,"enemies":"Giant Head","floor":45,"turns":6},{"damage":3,"enemies":"4 Shapes","floor":48,"turns":7},{"damage":95,"enemies":"Awakened One","floor":50,"turns":7},{"damage":25,"enemies":"Time Eater","floor":51,"turns":8}],"seed_played":"3741304512285094015","potions_obtained":[{"floor":11,"key":"SteroidPotion"},{"floor":14,"key":"GamblersBrew"},{"floor":18,"key":"Explosive Potion"},{"floor":22,"key":"Dexterity Potion"},{"floor":30,"key":"Energy Potion"},{"floor":31,"key":"Block Potion"},{"floor":34,"key":"AttackPotion"},{"floor":36,"key":"Explosive Potion"},{"floor":40,"key":"Dexterity Potion"},{"floor":41,"key":"PowerPotion"}],"is_trial":false,"path_per_floor":["M","?","$","?","?","E","R","E","T","R","M","R","?","?","R","B",null,"M","?","?","?","M","R","M","R","T","?","$","E","M","M","R","B",null,"M","M","$","?","?","E","?","M","T","R","E","R","$","M","R","B","B",null],"character_chosen":"IRONCLAD","items_purchased":["Uppercut","Singing Bowl","Mercury Hourglass","Vajra","Dexterity Potion","FearPotion"],"campfire_rested":2,"item_purchase_floors":[3,28,28,37,47,47],"current_hp_per_floor":[74,74,74,39,39,45,45,53,53,53,65,65,65,58,58,33,65,71,50,33,33,39,39,45,67,77,77,77,87,87,89,89,50,86,85,86,86,86,86,75,83,71,71,71,81,95,95,97,97,66,95],"gold":55,"neow_bonus":"THREE_ENEMY_KILL","is_prod":false,"is_daily":false,"chose_seed":false,"campfire_upgraded":8,"win_rate":0,"timestamp":1553047878,"path_taken":["M","?","$","?","?","E","R","E","T","R","?","R","?","?","R","BOSS","M","?","?","?","M","R","M","R","T","?","$","E","M","M","R","BOSS","M","?","$","?","?","E","?","M","T","R","E","R","?","M","R","BOSS","BOSS"],"build_version":"2019-01-23","purchased_purges":4,"victory":true,"max_hp_per_floor":[75,75,75,75,75,75,75,75,75,75,75,75,75,75,75,75,75,75,75,75,75,75,75,75,75,85,85,85,87,87,89,89,89,96,96,96,96,96,91,93,95,95,95,95,95,95,95,97,97,97,97],"card_choices":[{"not_picked":["Clash","Clothesline"],"picked":"Pommel Strike","floor":1},{"not_picked":["Infernal Blade","Perfected Strike"],"picked":"Reaper","floor":6},{"not_picked":["Rage","Armaments"],"picked":"Disarm","floor":8},{"not_picked":["Warcry","Twin Strike+1"],"picked":"Clothesline+1","floor":11},{"not_picked":["Sentinel","Wild Strike+1"],"picked":"Carnage+1","floor":14},{"not_picked":["Berserk","Barricade"],"picked":"Demon Form","floor":16},{"not_picked":["Pommel Strike+1","Ghostly Armor"],"picked":"Heavy Blade+1","floor":18},{"not_picked":["Flex","Seeing Red"],"picked":"Pummel+1","floor":20},{"not_picked":["Searing Blow+1","Havoc"],"picked":"Feel No Pain","floor":22},{"not_picked":["Combust","Hemokinesis+1","Pummel+1"],"picked":"SKIP","floor":24},{"not_picked":["Heavy Blade+1","Thunderclap+1","Fiend Fire+1"],"picked":"Singing Bowl","floor":29},{"not_picked":["Havoc","Warcry"],"picked":"Battle Trance","floor":30},{"not_picked":["Iron Wave+1","Clothesline+1","Pommel Strike+1"],"picked":"Singing Bowl","floor":31},{"not_picked":["Reaper+1","Bludgeon+1"],"picked":"Limit Break","floor":33},{"not_picked":["Headbutt+1","Body Slam+1","Heavy Blade+1"],"picked":"Singing Bowl","floor":34},{"not_picked":["Burning Pact+1","Blood for Blood+1"],"picked":"Whirlwind+1","floor":35},{"not_picked":["Armaments+1","Hemokinesis+1"],"picked":"Shockwave+1","floor":36},{"not_picked":["Infernal Blade+1","Sword Boomerang+1","Perfected Strike+1"],"picked":"Singing Bowl","floor":40},{"not_picked":["Seeing Red","Cleave+1","Thunderclap+1"],"picked":"Singing Bowl","floor":41},{"not_picked":["Intimidate","Flex"],"picked":"Limit Break","floor":42},{"not_picked":["Barricade","Iron Wave+1"],"picked":"Limit Break","floor":45},{"not_picked":["Power Through+1","Iron Wave+1","Rage"],"picked":"Singing Bowl","floor":48}],"player_experience":1268791,"relics_obtained":[{"floor":6,"key":"Ancient Tea Set"},{"floor":8,"key":"Oddly Smooth Stone"},{"floor":9,"key":"Molten Egg 2"},{"floor":14,"key":"Odd Mushroom"},{"floor":19,"key":"Necronomicon"},{"floor":20,"key":"Old Coin"},{"floor":20,"key":"Mummified Hand"},{"floor":26,"key":"Pear"},{"floor":29,"key":"StoneCalendar"},{"floor":40,"key":"Incense Burner"},{"floor":41,"key":"Bird Faced Urn"},{"floor":43,"key":"Bottled Flame"},{"floor":45,"key":"Calipers"}],"event_choices":[{"damage_healed":0,"gold_gain":150,"player_choice":"AGREE","damage_taken":0,"max_hp_gain":0,"max_hp_loss":0,"event_name":"Liars Game","floor":2,"gold_loss":0,"cards_obtained":["Doubt"]},{"damage_healed":0,"gold_gain":0,"player_choice":"Success","damage_taken":35,"relics_obtained":["Anchor"],"max_hp_gain":0,"max_hp_loss":0,"event_name":"Scrap Ooze","floor":4,"gold_loss":0},{"damage_healed":0,"gold_gain":0,"player_choice":"Paid Gold","damage_taken":0,"relics_obtained":["Smiling Mask"],"max_hp_gain":0,"max_hp_loss":0,"event_name":"WeMeetAgain","floor":5,"gold_loss":124},{"cards_removed":["Strike_R"],"damage_healed":0,"gold_gain":0,"player_choice":"Card Removal","damage_taken":0,"max_hp_gain":0,"max_hp_loss":0,"event_name":"The Cleric","floor":13,"gold_loss":75},{"damage_healed":0,"gold_gain":0,"player_choice":"Fought Mushrooms","damage_taken":0,"max_hp_gain":0,"max_hp_loss":0,"event_name":"Mushrooms","floor":14,"gold_loss":0},{"damage_healed":0,"gold_gain":0,"player_choice":"Obtained Book","damage_taken":21,"max_hp_gain":0,"max_hp_loss":0,"event_name":"Cursed Tome","floor":19,"gold_loss":0},{"damage_healed":0,"gold_gain":0,"player_choice":"Fight","damage_taken":0,"max_hp_gain":0,"max_hp_loss":0,"event_name":"Colosseum","floor":20,"gold_loss":0},{"damage_healed":0,"gold_gain":0,"player_choice":"Fought Nobs","damage_taken":0,"max_hp_gain":0,"max_hp_loss":0,"event_name":"Colosseum","floor":20,"gold_loss":0},{"damage_healed":0,"gold_gain":0,"player_choice":"Opened","damage_taken":0,"relics_obtained":["Pen Nib"],"max_hp_gain":0,"max_hp_loss":0,"event_name":"The Mausoleum","floor":21,"gold_loss":0,"cards_obtained":["Writhe"]},{"damage_healed":0,"gold_gain":50,"player_choice":"Pray","damage_taken":0,"max_hp_gain":0,"max_hp_loss":0,"event_name":"Golden Shrine","floor":27,"gold_loss":0},{"cards_removed":["Strike_R"],"damage_healed":0,"gold_gain":0,"player_choice":"Removed Attack","damage_taken":0,"max_hp_gain":0,"max_hp_loss":0,"event_name":"Falling","floor":38,"gold_loss":0},{"damage_healed":0,"gold_gain":0,"player_choice":"Max HP","damage_taken":0,"max_hp_gain":0,"max_hp_loss":5,"event_name":"Winding Halls","floor":39,"gold_loss":0},{"damage_healed":0,"gold_gain":0,"player_choice":"Fight","damage_taken":0,"max_hp_gain":0,"max_hp_loss":0,"event_name":"MindBloom","floor":41,"gold_loss":0}],"is_beta":false,"boss_relics":[{"not_picked":["Runic Dome","Astrolabe"],"picked":"Cursed Key"},{"not_picked":["White Beast Statue","Calling Bell"],"picked":"Tiny House"}],"items_purged_floors":[3,28,37,47],"is_endless":false,"potions_floor_spawned":[11,14,18,22,30,31,36,40,41],"ascension_level":20}