{"path_per_floor":["M","?","M","M","$","R","M","R","T","E","M","M","?","M","R","B",null,"M","?"],"character_chosen":"IRONCLAD","items_purchased":["Warcry","Master of Strategy"],"gold_per_floor":[119,294,314,327,51,51,66,66,66,91,106,125,150,165,165,268,268,288,288,288],"floor_reached":20,"campfire_rested":0,"playtime":676,"current_hp_per_floor":[80,80,77,74,74,74,60,60,60,57,54,50,28,27,27,12,80,62,62,0],"items_purged":["Doubt"],"gold":288,"score":176,"play_id":"b777e50e-e3ad-4383-a6f0-2d092ef368c2","local_time":"20180413233515","is_prod":false,"is_daily":false,"chose_seed":false,"is_ascension_mode":false,"campfire_upgraded":3,"timestamp":1523687715,"path_taken":["M","?","M","M","$","R","M","R","T","E","M","M","?","?","R","BOSS","M","?","M"],"build_version":"2018-04-12","seed_source_timestamp":181526411999846,"purchased_purges":1,"victory":false,"master_deck":["Strike_R","Strike_R","Strike_R","Strike_R","Strike_R","Defend_R","Defend_R","Defend_R","Defend_R","Bash+1","Spot Weakness","Thunderclap","Feel No Pain+1","Warcry","Master of Strategy","Corruption+1","True Grit","Shrug It Off","Reckless Charge","Warcry","True Grit","Demon Form","Rage+1","Battle Trance"],"max_hp_per_floor":[80,80,80,80,80,80,80,80,80,80,80,80,80,80,80,80,80,80,80,80],"relics":["Philosopher\u0027s Stone"],"card_choices":[{"not_picked":["Uppercut","Infernal Blade"],"picked":"Spot Weakness","floor":1},{"not_picked":["Iron Wave","Rupture"],"picked":"Thunderclap","floor":3},{"not_picked":["Pommel Strike","Iron Wave"],"picked":"Feel No Pain","floor":4},{"not_picked":["Rage","Body Slam"],"picked":"Corruption","floor":7},{"not_picked":["Uppercut","Barricade"],"picked":"True Grit","floor":10},{"not_picked":["Seeing Red","Rupture"],"picked":"Shrug It Off","floor":11},{"not_picked":["Shrug It Off","Pommel Strike"],"picked":"Reckless Charge","floor":12},{"not_picked":["Armaments","Iron Wave"],"picked":"Warcry","floor":13},{"not_picked":["Iron Wave","Whirlwind"],"picked":"True Grit","floor":14},{"not_picked":["Fiend Fire","Offering"],"picked":"Demon Form","floor":16},{"not_picked":["Evolve","Spot Weakness"],"picked":"Rage","floor":18}],"player_experience":459121,"potions_floor_usage":[16,16],"damage_taken":[{"damage":0,"enemies":"2 Louse","floor":1,"turns":3},{"damage":3,"enemies":"Cultist","floor":3,"turns":3},{"damage":3,"enemies":"Jaw Worm","floor":4,"turns":3},{"damage":14,"enemies":"Lots of Slimes","floor":7,"turns":3},{"damage":3,"enemies":"Lagavulin","floor":10,"turns":7},{"damage":3,"enemies":"2 Fungi Beasts","floor":11,"turns":3},{"damage":4,"enemies":"3 Louse","floor":12,"turns":3},{"damage":22,"enemies":"The Mushroom Lair","floor":13,"turns":5},{"damage":1,"enemies":"Large Slime","floor":14,"turns":6},{"damage":15,"enemies":"Hexaghost","floor":16,"turns":9},{"damage":18,"enemies":"Shell Parasite","floor":18,"turns":6},{"damage":65,"enemies":"3 Byrds","floor":20,"turns":5}],"event_choices":[{"event_name":"Liars Game","player_choice":"agreed","floor":2,"damage_taken":0},{"event_name":"Mushrooms","player_choice":"Fought Mushrooms","floor":13,"damage_taken":0},{"event_name":"The Library","player_choice":"Read","floor":19,"damage_taken":0}],"boss_relics":[{"not_picked":["Astrolabe","Pandora\u0027s Box","Tiny House"]}],"potions_floor_spawned":[1,3,7,13],"seed_played":"1763672646788771962","killed_by":"3 Byrds","ascension_level":0,"is_trial":false}