{"path_per_floor":["M","M","$","?","M","R","M","R","T","E","M","M","R","M","R","B",null,"M","?","M","$","M","E","R","M","T","M","M","E","?","M","R","B",null,"M","M","M","M","?","R","E","$","T","R","?","$","R","M","R","B"],"character_chosen":"IRONCLAD","items_purchased":["Regen Potion","Flex","Deep Breath"],"gold_per_floor":[118,133,9,9,26,26,39,39,39,74,88,107,107,126,126,230,230,230,230,230,6,6,6,6,6,6,6,6,6,6,6,6,6,6,6,6,6,6,6,6,6,6,6,6,0,0,0,0,0,0],"floor_reached":51,"campfire_rested":1,"playtime":2202,"current_hp_per_floor":[31,25,25,25,30,30,27,51,51,29,31,33,33,35,35,17,64,70,70,66,66,68,59,59,51,51,53,49,57,42,44,44,47,76,77,82,82,64,64,64,82,82,82,82,82,82,82,88,88,22],"items_purged":["Strike_R","Strike_R"],"gold":0,"score":1171,"play_id":"8c6e07f8-22d4-4824-a87c-5f3c6160222f","local_time":"20180325103133","is_prod":false,"is_daily":false,"is_ascension_mode":true,"campfire_upgraded":9,"timestamp":1521988293,"path_taken":["M","?","$","?","M","R","M","R","T","E","M","?","R","M","R","BOSS","M","?","?","$","M","E","R","M","T","M","M","E","?","M","R","BOSS","M","?","M","M","?","R","E","?","T","R","?","?","R","?","R","BOSS"],"build_version":"2018-03-22v2","purchased_purges":2,"victory":true,"master_deck":["Strike_R","Defend_R","Defend_R","Bash+1","AscendersBane","Thunderclap","Inflame+1","Shrug It Off","Offering","Rage+1","Inflame+1","Heavy Blade+1","Limit Break+1","Sword Boomerang+1","Flex+1","Deep Breath+1","Warcry+1","True Grit+1","Sword Boomerang+1","Body Slam+1","Battle Trance+1","Body Slam+1","Reaper","Rage+1","Clothesline+1","Blood for Blood+1"],"max_hp_per_floor":[80,80,80,80,80,80,80,80,80,80,80,80,80,80,80,80,80,80,80,80,80,80,80,80,80,80,80,80,80,85,85,85,85,85,85,85,88,88,88,88,88,88,88,88,88,88,88,88,88,88],"relics":["Burning Blood","Gambling Chip","Ancient Tea Set","Ectoplasm","Omamori","Dead Branch","Vajra","Cursed Key","Blood Vial","Orichalcum","Red Mask"],"card_choices":[{"not_picked":["Shrug It Off","Cleave"],"picked":"Thunderclap","floor":1},{"not_picked":["Wild Strike","Headbutt"],"picked":"Inflame","floor":2},{"not_picked":["Twin Strike","Bloodletting"],"picked":"Shrug It Off","floor":7},{"not_picked":["Sword Boomerang","Sentinel"],"picked":"Offering","floor":10},{"not_picked":["Burning Pact","Power Through"],"picked":"Rage","floor":11},{"not_picked":["Iron Wave","Rage"],"picked":"Inflame","floor":12},{"not_picked":["Reckless Charge","Rupture"],"picked":"Heavy Blade","floor":14},{"not_picked":["Immolate","Juggernaut"],"picked":"Limit Break","floor":16},{"not_picked":["Cleave","Flex"],"picked":"Sword Boomerang","floor":18},{"not_picked":["Iron Wave","Evolve"],"picked":"Warcry","floor":22},{"not_picked":["Hemokinesis","Heavy Blade"],"picked":"True Grit","floor":23},{"not_picked":["Reckless Charge","Metallicize"],"picked":"Sword Boomerang","floor":25},{"not_picked":["Anger","Shrug It Off"],"picked":"Body Slam","floor":28},{"not_picked":["Exhume","Thunderclap"],"picked":"Battle Trance","floor":29},{"not_picked":["Anger","Havoc"],"picked":"Body Slam","floor":31},{"not_picked":["Bludgeon","Juggernaut"],"picked":"Reaper","floor":33},{"not_picked":["Dropkick","Seeing Red"],"picked":"Headbutt","floor":36},{"not_picked":["Twin Strike","Warcry"],"picked":"Rage","floor":37},{"not_picked":["Disarm","Sword Boomerang"],"picked":"Clothesline","floor":38},{"not_picked":["Perfected Strike","Bloodletting"],"picked":"Blood for Blood","floor":48}],"player_experience":594806,"potions_floor_usage":[5,7,23,25,28,29,29,33,38,41,41],"damage_taken":[{"damage":11,"enemies":"Cultist","floor":1,"turns":4},{"damage":12,"enemies":"2 Louse","floor":2,"turns":4},{"damage":7,"enemies":"Jaw Worm","floor":5,"turns":3},{"damage":9,"enemies":"Red Slaver","floor":7,"turns":3},{"damage":28,"enemies":"Lagavulin","floor":10,"turns":7},{"damage":4,"enemies":"3 Louse","floor":11,"turns":2},{"damage":4,"enemies":"Exordium Wildlife","floor":12,"turns":2},{"damage":4,"enemies":"Exordium Thugs","floor":14,"turns":2},{"damage":24,"enemies":"Hexaghost","floor":16,"turns":5},{"damage":0,"enemies":"Chosen","floor":18,"turns":2},{"damage":10,"enemies":"Shell Parasite","floor":20,"turns":2},{"damage":4,"enemies":"Sentry and Sphere","floor":22,"turns":2},{"damage":15,"enemies":"Slavers","floor":23,"turns":3},{"damage":14,"enemies":"Snecko","floor":25,"turns":4},{"damage":4,"enemies":"Centurion and Healer","floor":27,"turns":2},{"damage":10,"enemies":"Slaver and Parasite","floor":28,"turns":3},{"damage":4,"enemies":"Gremlin Leader","floor":29,"turns":3},{"damage":4,"enemies":"Sentry and Sphere","floor":31,"turns":3},{"damage":15,"enemies":"Automaton","floor":33,"turns":5},{"damage":5,"enemies":"3 Shapes","floor":35,"turns":2},{"damage":13,"enemies":"3 Darklings","floor":36,"turns":2},{"damage":24,"enemies":"4 Shapes","floor":37,"turns":4},{"damage":34,"enemies":"Maw","floor":38,"turns":3},{"damage":9,"enemies":"2 Orb Walkers","floor":41,"turns":3},{"damage":6,"enemies":"Sphere and 2 Shapes","floor":48,"turns":2},{"damage":72,"enemies":"Awakened One","floor":50,"turns":6}],"event_choices":[{"event_name":"Purifier","player_choice":"One Purge","floor":4,"damage_taken":0},{"event_name":"Back to Basics","player_choice":"Elegance","floor":19,"damage_taken":0},{"event_name":"Forgotten Altar","player_choice":"Shed Blood","floor":30,"damage_taken":0},{"event_name":"Tomb of Lord Red Mask","player_choice":"Paid","floor":45,"damage_taken":0}],"boss_relics":[{"not_picked":["Black Star","Runic Cube"],"picked":"Ectoplasm"},{"not_picked":["Orrery","Tiny House"],"picked":"Cursed Key"}],"potions_floor_spawned":[5,7,12,14,20,23,28,31,33,36,37],"seed_played":"1825949856651812156","ascension_level":11,"is_trial":false}