{"gold_per_floor":[119,130,5,55,66,92,92,127,209,226,245,245,272,272,272,345,345,358,391,10,23,34,34,65,65,145,145,158,158,158,171,171,247,247,261,275,329,345,359,359,373,403,403,403],"floor_reached":44,"playtime":1923,"items_purged":["Strike_R","Strike_R"],"score":960,"play_id":"ec5d8c05-5995-4a49-9d09-0e400bd4787f","local_time":"20190505164115","is_ascension_mode":true,"campfire_choices":[{"floor":7.0,"key":"REST"},{"floor":12.0,"key":"REST"},{"data":"True Grit","floor":15.0,"key":"SMITH"},{"data":"Feel No Pain","floor":23.0,"key":"SMITH"},{"data":"Havoc","floor":25.0,"key":"SMITH"},{"data":"Juggernaut","floor":29.0,"key":"SMITH"},{"floor":32.0,"key":"REST"},{"data":"Defend_R","floor":40.0,"key":"SMITH"}],"neow_cost":"NONE","seed_source_timestamp":374823315491996,"circlet_count":0,"master_deck":["AscendersBane","Strike_R","Strike_R","Strike_R","Defend_R+1","Defend_R","Defend_R","Defend_R","Bash+1","Havoc+1","True Grit+1","Pommel Strike","Perfected Strike","Offering","Cleave","Havoc+1","Shockwave+1","Juggernaut+1","Feel No Pain+1","Flame Barrier+1","Armaments+1","Anger","Dual Wield+1","Offering+1","Spot Weakness+1","Shrug It Off+1","Offering+1","True Grit+1","Shrug It Off+1","Flame Barrier+1","Warcry+1","Intimidate+1"],"special_seed":0,"relics":["Burning Blood","Pocketwatch","Blood Vial","Toxic Egg 2","Incense Burner","Orrery","Red Mask","Frozen Egg 2","Paper Frog","Ornamental Fan","Enchiridion","Eternal Feather","Mango","Shuriken"],"potions_floor_usage":[44],"damage_taken":[{"damage":2.0,"enemies":"2 Louse","floor":1.0,"turns":6.0},{"damage":2.0,"enemies":"Cultist","floor":2.0,"turns":4.0},{"damage":7.0,"enemies":"Jaw Worm","floor":5.0,"turns":3.0},{"damage":56.0,"enemies":"Gremlin Nob","floor":6.0,"turns":5.0},{"damage":39.0,"enemies":"3 Sentries","floor":8.0,"turns":9.0},{"damage":1.0,"enemies":"2 Fungi Beasts","floor":10.0,"turns":4.0},{"damage":7.0,"enemies":"Exordium Thugs","floor":11.0,"turns":4.0},{"damage":20.0,"enemies":"Gremlin Nob","floor":13.0,"turns":3.0},{"damage":28.0,"enemies":"Hexaghost","floor":16.0,"turns":8.0},{"damage":18.0,"enemies":"Shell Parasite","floor":18.0,"turns":4.0},{"damage":23.0,"enemies":"Masked Bandits","floor":19.0,"turns":4.0},{"damage":7.0,"enemies":"Chosen","floor":21.0,"turns":4.0},{"damage":6.0,"enemies":"Snecko","floor":22.0,"turns":6.0},{"damage":19.0,"enemies":"Book of Stabbing","floor":24.0,"turns":5.0},{"damage":12.0,"enemies":"Sentry and Sphere","floor":28.0,"turns":3.0},{"damage":1.0,"enemies":"Chosen and Byrds","floor":31.0,"turns":5.0},{"damage":23.0,"enemies":"Automaton","floor":33.0,"turns":6.0},{"damage":8.0,"enemies":"Orb Walker","floor":35.0,"turns":3.0},{"damage":16.0,"enemies":"3 Darklings","floor":36.0,"turns":5.0},{"damage":18.0,"enemies":"2 Orb Walkers","floor":37.0,"turns":4.0},{"damage":12.0,"enemies":"Sphere and 2 Shapes","floor":38.0,"turns":6.0},{"damage":23.0,"enemies":"Jaw Worm Horde","floor":39.0,"turns":6.0},{"damage":18.0,"enemies":"3 Darklings","floor":41.0,"turns":5.0},{"damage":48.0,"enemies":"Giant Head","floor":42.0,"turns":8.0},{"damage":18,"enemies":"Nemesis","floor":44,"turns":5}],"seed_played":"-1160127553836546711","potions_obtained":[{"floor":6.0,"key":"PowerPotion"},{"floor":10.0,"key":"BloodPotion"},{"floor":11.0,"key":"Regen Potion"},{"floor":16.0,"key":"Regen Potion"},{"floor":28.0,"key":"Dexterity Potion"},{"floor":31.0,"key":"SteroidPotion"},{"floor":42.0,"key":"GamblersBrew"}],"is_trial":false,"path_per_floor":["M","M","$","?","M","E","R","E","T","M","M","R","E","?","R","B",null,"M","?","$","M","M","R","E","R","T","$","M","R","?","M","R","B",null,"M","M","?","M","M","R","M","E","T","E"],"character_chosen":"IRONCLAD","items_purchased":["Pommel Strike","Frozen Egg 2"],"campfire_rested":3,"item_purchase_floors":[3,20],"current_hp_per_floor":[72,75,75,75,74,24,46,13,13,20,21,43,31,31,31,26,63,53,38,38,53,55,55,44,44,44,44,40,40,19,26,48,33,65,65,57,61,57,42,60,50,10,10,0],"gold":403,"neow_bonus":"UPGRADE_CARD","is_prod":false,"is_daily":false,"chose_seed":false,"campfire_upgraded":5,"win_rate":0,"timestamp":1557099675,"path_taken":["M","M","$","?","M","E","R","E","T","?","M","R","E","?","R","BOSS","M","?","?","?","M","R","E","R","T","$","M","R","?","M","R","BOSS","M","M","?","M","M","R","M","E","T","E"],"build_version":"2019-04-23","purchased_purges":2,"victory":false,"max_hp_per_floor":[75,75,75,75,75,75,75,75,75,75,75,75,75,75,75,75,75,75,75,75,75,75,75,75,75,75,75,75,75,75,75,75,75,75,75,75,89,89,89,89,89,89,89,89],"card_choices":[{"not_picked":["Flex","Ghostly Armor"],"picked":"Havoc","floor":1.0},{"not_picked":["Flex","Heavy Blade"],"picked":"True Grit","floor":2.0},{"not_picked":["Body Slam","Searing Blow"],"picked":"Perfected Strike","floor":5.0},{"not_picked":["Body Slam","Flex"],"picked":"Offering","floor":6.0},{"not_picked":["Double Tap","Reckless Charge"],"picked":"Cleave","floor":8.0},{"not_picked":["Whirlwind","Heavy Blade"],"picked":"Havoc+1","floor":10.0},{"not_picked":["Perfected Strike","Clash","Body Slam"],"picked":"SKIP","floor":11.0},{"not_picked":["Pommel Strike","Metallicize"],"picked":"Shockwave+1","floor":13.0},{"not_picked":["Fiend Fire","Dark Embrace"],"picked":"Juggernaut","floor":16.0},{"not_picked":["Pommel Strike","Flex+1"],"picked":"Feel No Pain","floor":17.0},{"not_picked":["Entrench+1","Heavy Blade"],"picked":"Flame Barrier+1","floor":17.0},{"not_picked":["Feel No Pain","Anger"],"picked":"Armaments+1","floor":17.0},{"not_picked":["Rupture","Headbutt"],"picked":"Anger","floor":17.0},{"not_picked":["Twin Strike","Anger","Berserk"],"picked":"SKIP","floor":18.0},{"not_picked":["Sentinel+1","Pommel Strike"],"picked":"Dual Wield+1","floor":21.0},{"not_picked":["Bludgeon","Sever Soul","Clothesline+1"],"picked":"SKIP","floor":22.0},{"not_picked":["Wild Strike+1","Clash"],"picked":"Offering+1","floor":24.0},{"not_picked":["Rampage","Cleave"],"picked":"Spot Weakness+1","floor":28.0},{"not_picked":["Body Slam","Pommel Strike"],"picked":"Shrug It Off+1","floor":31.0},{"not_picked":["Fiend Fire","Double Tap+1"],"picked":"Offering+1","floor":33.0},{"not_picked":["Dual Wield+1","Warcry+1"],"picked":"True Grit+1","floor":35.0},{"not_picked":["Armaments+1","Headbutt","Spot Weakness+1"],"picked":"SKIP","floor":36.0},{"not_picked":["Cleave+1","Heavy Blade+1"],"picked":"Shrug It Off+1","floor":37.0},{"not_picked":["Uppercut","Twin Strike"],"picked":"Flame Barrier+1","floor":38.0},{"not_picked":["Searing Blow+1","Wild Strike+1"],"picked":"Warcry+1","floor":39.0},{"not_picked":["Sword Boomerang+1","Wild Strike+1"],"picked":"Intimidate+1","floor":41.0},{"not_picked":["Feed","Pommel Strike","Flex+1"],"picked":"SKIP","floor":42.0}],"player_experience":1219820,"relics_obtained":[{"floor":6.0,"key":"Pocketwatch"},{"floor":8.0,"key":"Blood Vial"},{"floor":9.0,"key":"Toxic Egg 2"},{"floor":13.0,"key":"Incense Burner"},{"floor":19.0,"key":"Red Mask"},{"floor":24.0,"key":"Paper Frog"},{"floor":26.0,"key":"Ornamental Fan"},{"floor":30.0,"key":"Enchiridion"},{"floor":37.0,"key":"Mango"},{"floor":42.0,"key":"Shuriken"}],"event_choices":[{"damage_healed":0.0,"max_hp_gain":0.0,"max_hp_loss":0.0,"gold_gain":50.0,"event_name":"Golden Shrine","player_choice":"Pray","floor":4.0,"gold_loss":0.0,"damage_taken":0.0},{"damage_healed":0.0,"max_hp_gain":0.0,"max_hp_loss":0.0,"gold_gain":0.0,"event_name":"Shining Light","player_choice":"Ignored","floor":14.0,"gold_loss":0.0,"damage_taken":0.0},{"damage_healed":0.0,"max_hp_gain":0.0,"max_hp_loss":0.0,"gold_gain":0.0,"event_name":"Masked Bandits","player_choice":"Fought Bandits","floor":19.0,"gold_loss":0.0,"damage_taken":0.0},{"damage_healed":0.0,"max_hp_gain":0.0,"max_hp_loss":0.0,"gold_gain":0.0,"event_name":"Cursed Tome","player_choice":"Obtained Book","floor":30.0,"gold_loss":0.0,"damage_taken":21.0},{"damage_healed":0.0,"max_hp_gain":0.0,"max_hp_loss":0.0,"gold_gain":0.0,"event_name":"Mysterious Sphere","player_choice":"Fight","floor":37.0,"gold_loss":0.0,"damage_taken":0.0}],"is_beta":true,"boss_relics":[{"not_picked":["Runic Dome","Empty Cage"],"picked":"Orrery"},{"not_picked":["Sozu","Black Blood"],"picked":"Eternal Feather"}],"items_purged_floors":[3,20],"is_endless":false,"potions_floor_spawned":[6,10,11,13,16,28,31,33,36,38,39,42],"killed_by":"Nemesis","ascension_level":20}