{"gold_per_floor":[111,36,36,55,72,107,107,107,107,107],"floor_reached":10,"playtime":351,"items_purged":[],"score":132,"play_id":"a33789f2-7e17-419d-a8d8-1047652a9d53","local_time":"20190422234231","is_ascension_mode":true,"campfire_choices":[{"data":"Blade Dance","floor":7,"key":"SMITH"}],"neow_cost":"NONE","seed_source_timestamp":20743593327783,"circlet_count":0,"master_deck":["AscendersBane","Defend_G","Defend_G","Defend_G","Defend_G","Defend_G","Strike_G","Strike_G","Strike_G","Strike_G","Survivor","Neutralize","Slice","Caltrops","Blade Dance+1","Dodge and Roll","Caltrops","Setup"],"relics":["Ring of the Snake","Ornamental Fan","Juzu Bracelet","Potion Belt"],"potions_floor_usage":[6],"damage_taken":[{"damage":1,"enemies":"Cultist","floor":1,"turns":4},{"damage":0,"enemies":"Small Slimes","floor":4,"turns":5},{"damage":8,"enemies":"Jaw Worm","floor":5,"turns":4},{"damage":26,"enemies":"3 Sentries","floor":6,"turns":10},{"damage":0,"enemies":"Gremlin Nob","floor":10,"turns":2}],"seed_played":"-4469430292265041530","potions_obtained":[{"floor":1,"key":"FairyPotion"},{"floor":5,"key":"SkillPotion"}],"is_trial":false,"path_per_floor":["M","$","?","M","M","E","R","?","T","E"],"character_chosen":"THE_SILENT","items_purchased":["Caltrops"],"campfire_rested":0,"item_purchase_floors":[2],"current_hp_per_floor":[58,58,58,58,50,24,24,24,24,24],"gold":107,"neow_bonus":"THREE_CARDS","is_prod":false,"is_daily":false,"chose_seed":false,"campfire_upgraded":1,"win_rate":0,"timestamp":1555990951,"path_taken":["M","?","?","M","?","E","R","?","T","E"],"build_version":"2019-01-23","purchased_purges":0,"victory":false,"max_hp_per_floor":[66,66,66,66,66,66,66,66,66,66],"card_choices":[{"not_picked":["Flying Knee","Bane"],"picked":"Slice","floor":0},{"not_picked":["All Out Attack","Flying Knee"],"picked":"Slice","floor":1},{"not_picked":["All Out Attack","Deflect"],"picked":"Blade Dance","floor":4},{"not_picked":["Finisher","Sucker Punch"],"picked":"Dodge and Roll","floor":5},{"not_picked":["Unload","Eviscerate"],"picked":"Caltrops","floor":6}],"player_experience":1875937,"relics_obtained":[{"floor":6,"key":"Juzu Bracelet"},{"floor":9,"key":"Potion Belt"}],"event_choices":[{"cards_removed":["Slice"],"damage_healed":0,"gold_gain":0,"player_choice":"Gave Card","damage_taken":0,"relics_obtained":["Ornamental Fan"],"max_hp_gain":0,"max_hp_loss":0,"event_name":"WeMeetAgain","floor":3,"gold_loss":0},{"damage_healed":0,"gold_gain":0,"cards_transformed":["Strike_G"],"player_choice":"Transformed","damage_taken":0,"max_hp_gain":0,"max_hp_loss":0,"event_name":"Transmorgrifier","floor":8,"gold_loss":0,"cards_obtained":["Setup"]}],"is_beta":false,"boss_relics":[],"items_purged_floors":[],"is_endless":false,"potions_floor_spawned":[1,5],"killed_by":"Gremlin Nob","ascension_level":20}