{"gold_per_floor":[115,115,127,144,162,162,87,122,148,165,176,16,16,26,26,101,101,113,13,33,33,50,50,50,50,50,50,69,69,0,12,12,84,84,94,112,112],"floor_reached":37,"playtime":1249,"items_purged":["Pain","Strike_R"],"score":808,"play_id":"15bd0cca-edac-4b1e-9448-f6d1ccc453b0","local_time":"20190118155608","is_ascension_mode":true,"campfire_choices":[{"data":"Uppercut","floor":6,"key":"SMITH"},{"data":"True Grit","floor":13,"key":"SMITH"},{"data":"Inflame","floor":15,"key":"SMITH"},{"data":"Limit Break","floor":23,"key":"SMITH"},{"data":"Feel No Pain","floor":25,"key":"SMITH"},{"floor":27,"key":"REST"},{"data":"Feel No Pain","floor":32,"key":"SMITH"}],"neow_cost":"NONE","seed_source_timestamp":369660327847836,"circlet_count":0,"master_deck":["AscendersBane","Defend_R","Defend_R","Defend_R","Defend_R","Bash","Armaments","Uppercut+1","Ghostly Armor","Feel No Pain+1","Inflame+1","Flame Barrier","Pommel Strike","True Grit+1","Feel No Pain+1","Shrug It Off","Iron Wave","Limit Break+1","Shrug It Off+1","Sword Boomerang","Bite","Bite","Bite","Bite","Bite","Offering","Warcry"],"special_seed":0,"relics":["Black Blood","NeowsBlessing","WarpedTongs","Boot","Bronze Scales","Sozu","Regal Pillow","The Courier"],"potions_floor_usage":[8,8,37],"damage_taken":[{"damage":0.0,"enemies":"Jaw Worm","floor":1.0,"turns":1.0},{"damage":0,"enemies":"Cultist","floor":3,"turns":1},{"damage":2,"enemies":"2 Louse","floor":4,"turns":1},{"damage":13,"enemies":"Blue Slaver","floor":5,"turns":4},{"damage":7,"enemies":"3 Sentries","floor":8,"turns":9},{"damage":1,"enemies":"Red Slaver","floor":10,"turns":3},{"damage":11,"enemies":"2 Fungi Beasts","floor":11,"turns":4},{"damage":11,"enemies":"3 Louse","floor":14,"turns":3},{"damage":0,"enemies":"The Guardian","floor":16,"turns":12},{"damage":13,"enemies":"Shell Parasite","floor":18,"turns":7},{"damage":1,"enemies":"Chosen","floor":20,"turns":5},{"damage":15,"enemies":"Snake Plant","floor":22,"turns":4},{"damage":55,"enemies":"3 Cultists","floor":28,"turns":7},{"damage":5,"enemies":"Cultist and Chosen","floor":31,"turns":8},{"damage":50,"enemies":"Champ","floor":33,"turns":12},{"damage":39,"enemies":"3 Darklings","floor":35,"turns":17},{"damage":6,"enemies":"3 Shapes","floor":36,"turns":4},{"damage":82,"enemies":"Transient","floor":37,"turns":5}],"seed_played":"5583077847124534779","potions_obtained":[{"floor":4,"key":"Strength Potion"},{"floor":5,"key":"Energy Potion"},{"floor":11,"key":"Fire Potion"},{"floor":16,"key":"AttackPotion"}],"is_trial":false,"path_per_floor":["M","?","M","M","M","R","$","E","T","M","M","$","R","M","R","B",null,"M","$","M","?","M","R","?","R","T","R","M","?","?","M","R","B",null,"M","M","M"],"character_chosen":"IRONCLAD","items_purchased":["True Grit","Feel No Pain","Shrug It Off"],"campfire_rested":1,"item_purchase_floors":[12,12,12],"current_hp_per_floor":[74,74,75,75,68,68,68,67,67,72,67,67,67,62,62,68,73,66,66,71,50,41,41,41,41,41,80,31,31,31,48,48,25,48,56,56,0],"gold":112,"neow_bonus":"THREE_ENEMY_KILL","is_prod":false,"is_daily":false,"chose_seed":false,"campfire_upgraded":6,"win_rate":0,"timestamp":1547852168,"path_taken":["M","?","M","M","?","R","$","E","T","M","M","$","R","M","R","BOSS","M","$","M","?","M","R","?","R","T","R","?","?","?","M","R","BOSS","M","M","M"],"build_version":"2019-01-17","purchased_purges":2,"victory":false,"max_hp_per_floor":[75,75,75,75,75,75,75,75,75,75,75,75,75,75,75,75,75,75,75,75,80,80,80,80,80,80,80,80,56,56,56,56,56,56,56,56,56],"card_choices":[{"not_picked":["Perfected Strike","Combust"],"picked":"Armaments","floor":1.0},{"not_picked":["Seeing Red","Spot Weakness"],"picked":"Uppercut","floor":3},{"not_picked":["Headbutt","Dual Wield"],"picked":"Ghostly Armor","floor":4},{"not_picked":["Sentinel","Combust"],"picked":"Feel No Pain","floor":5},{"not_picked":["Sever Soul","Thunderclap"],"picked":"Inflame","floor":8},{"not_picked":["Perfected Strike","Cleave"],"picked":"Flame Barrier","floor":10},{"not_picked":["Anger","Seeing Red"],"picked":"Pommel Strike","floor":11},{"not_picked":["Twin Strike","Flex"],"picked":"Iron Wave","floor":14},{"not_picked":["Juggernaut","Reaper"],"picked":"Limit Break","floor":16},{"not_picked":["Hemokinesis","Carnage","Bloodletting"],"picked":"SKIP","floor":18},{"not_picked":["Havoc","Dropkick","Bloodletting"],"picked":"SKIP","floor":20},{"not_picked":["Clothesline","Iron Wave+1"],"picked":"Shrug It Off+1","floor":22},{"not_picked":["Twin Strike","Dropkick"],"picked":"Sword Boomerang","floor":28},{"not_picked":["Headbutt","Twin Strike","Burning Pact+1"],"picked":"SKIP","floor":31},{"not_picked":["Exhume","Demon Form"],"picked":"Offering","floor":33},{"not_picked":["Cleave+1","Iron Wave+1"],"picked":"Warcry","floor":35},{"not_picked":["Rage","Blood for Blood","Perfected Strike"],"picked":"SKIP","floor":36}],"player_experience":1041041,"relics_obtained":[{"floor":8,"key":"Boot"},{"floor":9,"key":"Bronze Scales"},{"floor":26,"key":"The Courier"}],"event_choices":[{"damage_healed":0,"gold_gain":0,"player_choice":"Rummage","damage_taken":0,"relics_obtained":["WarpedTongs"],"max_hp_gain":0,"max_hp_loss":0,"event_name":"Accursed Blacksmith","floor":2,"gold_loss":0,"cards_obtained":["Pain"]},{"damage_healed":0,"gold_gain":0,"player_choice":"Shed Blood","damage_taken":26,"max_hp_gain":5,"max_hp_loss":0,"event_name":"Forgotten Altar","floor":21,"gold_loss":0},{"damage_healed":0,"gold_gain":0,"player_choice":"Gave Potion","damage_taken":0,"relics_obtained":["Regal Pillow"],"max_hp_gain":0,"max_hp_loss":0,"event_name":"WeMeetAgain","floor":24,"gold_loss":0},{"damage_healed":0,"gold_gain":0,"player_choice":"Became a vampire","damage_taken":0,"max_hp_gain":0,"max_hp_loss":24,"event_name":"Vampires","floor":29,"gold_loss":0,"cards_obtained":["Bite","Bite","Bite","Bite","Bite"]},{"damage_healed":0,"gold_gain":0,"player_choice":"Paid Fearfully","damage_taken":0,"max_hp_gain":0,"max_hp_loss":0,"event_name":"Masked Bandits","floor":30,"gold_loss":69}],"is_beta":true,"boss_relics":[{"not_picked":["Astrolabe","Runic Dome"],"picked":"Sozu"},{"not_picked":["Philosopher\u0027s Stone","Black Star"],"picked":"Black Blood"}],"items_purged_floors":[7,19],"is_endless":false,"potions_floor_spawned":[4,5,11,16,28,33],"killed_by":"Transient","ascension_level":17}