{"gold_per_floor":[359,509,584,584,599,625,625,123,149,4,4,4,42,2,2,96,96,96,43,43,0,0,0,0,0],"floor_reached":25,"playtime":1023,"items_purged":[],"score":446,"play_id":"7b8f216c-a8aa-4c15-a41a-6e7ea2893d2b","local_time":"20190428040324","is_ascension_mode":true,"campfire_choices":[{"data":"Neutralize","floor":7,"key":"SMITH"},{"data":"Finisher","floor":11,"key":"SMITH"},{"data":"Noxious Fumes","floor":15,"key":"SMITH"},{"floor":24,"key":"REST"}],"neow_cost":"PERCENT_DAMAGE","seed_source_timestamp":467756525527422,"circlet_count":0,"master_deck":["AscendersBane","Defend_G","Defend_G","Defend_G","Defend_G+1","Defend_G+1","Strike_G","Strike_G","Strike_G","Strike_G","Strike_G","Survivor","Neutralize+1","Escape Plan","Doubt","Predator","Finisher+1","Masterful Stab","Noxious Fumes+1","Die Die Die","Blade Dance+1","Leg Sweep+1","Blur"],"relics":["Ring of the Snake","Bronze Scales","Du-Vu Doll","Pen Nib","Strawberry","Golden Idol","Vajra","Ectoplasm","War Paint"],"potions_floor_usage":[6,13,16,21,23],"damage_taken":[{"damage":3,"enemies":"2 Louse","floor":1,"turns":3},{"damage":2,"enemies":"Small Slimes","floor":5,"turns":5},{"damage":29,"enemies":"3 Sentries","floor":6,"turns":6},{"damage":22,"enemies":"Gremlin Nob","floor":13,"turns":4},{"damage":4,"enemies":"Hexaghost","floor":16,"turns":8},{"damage":0,"enemies":"3 Byrds","floor":18,"turns":2},{"damage":6,"enemies":"2 Thieves","floor":21,"turns":3},{"damage":29,"enemies":"Slavers","floor":23,"turns":5},{"damage":35,"enemies":"Book of Stabbing","floor":25,"turns":3}],"seed_played":"8505807005560589","potions_obtained":[{"floor":5,"key":"SkillPotion"},{"floor":6,"key":"SkillPotion"},{"floor":18,"key":"FearPotion"}],"is_trial":false,"path_per_floor":["M","?","?","?","M","E","R","$","T","$","R","?","E","$","R","B",null,"M","$","?","M","?","E","R","E"],"character_chosen":"THE_SILENT","items_purchased":["Du-Vu Doll","Pen Nib","Finisher","FearPotion","Noxious Fumes","Energy Potion"],"campfire_rested":1,"item_purchase_floors":[8,8,10,10,14,19],"current_hp_per_floor":[41,41,30,52,50,21,21,21,28,28,28,28,6,6,6,2,50,50,50,50,44,38,9,28,0],"gold":0,"neow_bonus":"TWO_FIFTY_GOLD","is_prod":false,"is_daily":false,"chose_seed":false,"campfire_upgraded":3,"win_rate":0,"timestamp":1556438604,"path_taken":["M","?","?","?","M","E","R","?","T","$","R","?","E","?","R","BOSS","M","$","?","?","?","E","R","E"],"build_version":"2019-01-23","purchased_purges":0,"victory":false,"max_hp_per_floor":[66,66,66,66,66,66,66,66,73,73,73,66,66,66,66,66,66,66,66,66,66,66,66,66,66],"card_choices":[{"not_picked":["Quick Slash","Dodge and Roll"],"picked":"Escape Plan","floor":1},{"not_picked":["Tactician","Quick Slash"],"picked":"Predator","floor":5},{"not_picked":["Slice","Flechettes","Sucker Punch"],"picked":"SKIP","floor":6},{"not_picked":["Blade Dance","Prepared"],"picked":"Masterful Stab","floor":13},{"not_picked":["Grand Finale","Night Terror"],"picked":"Die Die Die","floor":16},{"not_picked":["Flying Knee","Dodge and Roll"],"picked":"Blade Dance+1","floor":18},{"not_picked":["Acrobatics","Prepared"],"picked":"Leg Sweep+1","floor":21},{"not_picked":["Accuracy","Deadly Poison"],"picked":"Blur","floor":23}],"player_experience":2028226,"relics_obtained":[{"floor":6,"key":"Bronze Scales"},{"floor":9,"key":"Strawberry"},{"floor":13,"key":"Vajra"},{"floor":23,"key":"War Paint"}],"event_choices":[{"damage_healed":0,"gold_gain":150,"player_choice":"AGREE","damage_taken":0,"max_hp_gain":0,"max_hp_loss":0,"event_name":"Liars Game","floor":2,"gold_loss":0,"cards_obtained":["Doubt"]},{"damage_healed":0,"gold_gain":75,"player_choice":"Gather Gold","damage_taken":11,"max_hp_gain":0,"max_hp_loss":0,"event_name":"World of Goop","floor":3,"gold_loss":0},{"damage_healed":22,"gold_gain":0,"player_choice":"Banana","damage_taken":0,"max_hp_gain":0,"max_hp_loss":0,"event_name":"Big Fish","floor":4,"gold_loss":0},{"damage_healed":0,"gold_gain":0,"player_choice":"Lose Max HP","damage_taken":0,"relics_obtained":["Golden Idol"],"max_hp_gain":0,"max_hp_loss":7,"event_name":"Golden Idol","floor":12,"gold_loss":0},{"damage_healed":0,"gold_gain":0,"player_choice":"Ignored","damage_taken":0,"max_hp_gain":0,"max_hp_loss":0,"event_name":"N\u0027loth","floor":20,"gold_loss":0},{"damage_healed":0,"gold_gain":0,"player_choice":"","damage_taken":6,"max_hp_gain":0,"max_hp_loss":0,"event_name":"Knowing Skull","floor":22,"potions_obtained":[],"gold_loss":0,"cards_obtained":[]}],"is_beta":false,"boss_relics":[{"not_picked":["WristBlade","Philosopher\u0027s Stone"],"picked":"Ectoplasm"}],"items_purged_floors":[],"is_endless":false,"potions_floor_spawned":[5,6,18],"killed_by":"Book of Stabbing","ascension_level":20}