{"path_per_floor":["M","?","M","M","M","R","M","R","T","?","?","$","R","M","R","B",null,"M","?","?","?","M","R","M","E","T","R"],"character_chosen":"THE_SILENT","items_purchased":["Torii","Noxious Fumes"],"gold_per_floor":[369,369,388,404,415,415,434,434,434,434,434,66,66,78,78,180,180,198,198,113,13,31,31,45,78,158,158],"floor_reached":28,"campfire_rested":0,"playtime":1649,"current_hp_per_floor":[26,26,24,24,19,19,19,19,19,36,36,36,36,27,27,18,57,56,56,56,56,50,50,45,29,29,29],"items_purged":[],"gold":158,"score":296,"play_id":"c505a02b-e261-42d7-9951-a71d94dd2b9e","is_prod":false,"is_daily":false,"is_ascension_mode":true,"campfire_upgraded":6,"path_taken":["M","?","M","M","M","R","M","R","T","?","?","$","R","M","R","BOSS","M","?","?","?","M","R","M","E","T","R","M"],"build_version":"2018-02-22-PROD1","purchased_purges":0,"victory":false,"master_deck":["Defend_G","Defend_G","Defend_G","Defend_G","Defend_G","Strike_G","Strike_G","Strike_G","Strike_G","Survivor","Neutralize+1","Backflip","Dash+1","All Out Attack","Infinite Blades+1","Flying Knee","Parasite","Heel Hook","Noxious Fumes+1","Venomology+1","After Image+1","Accuracy+1","Terror+1","J.A.X.","Distraction+1","Doppelganger+1"],"max_hp_per_floor":[70,70,70,70,70,70,70,70,70,70,70,70,70,70,70,70,70,70,70,70,70,70,70,70,70,70,70],"relics":["Ring of the Snake","Frozen Egg 2","Torii","White Beast Statue","Meat on the Bone","Tingsha","Tiny Chest"],"card_choices":[{"not_picked":["Quick Slash","Prepared"],"picked":"Backflip"},{"not_picked":["Sucker Punch","Dagger Spray"],"picked":"Dash"},{"not_picked":["Backstab","Poisoned Stab"],"picked":"All Out Attack"},{"not_picked":["Distraction","Poisoned Stab"],"picked":"Infinite Blades"},{"not_picked":["Bane","Slice"],"picked":"Flying Knee"},{"not_picked":["PiercingWail","Flying Knee"],"picked":"Venomology"},{"not_picked":["Glass Knife","Adrenaline"],"picked":"After Image"},{"not_picked":["PiercingWail","Dagger Throw"],"picked":"Accuracy"},{"not_picked":["Bane","Heel Hook"],"picked":"Distraction"},{"not_picked":["Underhanded Strike","Terror"],"picked":"Doppelganger"}],"player_experience":392361,"potions_floor_usage":[7,16,16,18,18,22,24,25,25,25,28,28,28],"damage_taken":[{"damage":2,"enemies":"Cultist","floor":1,"turns":4},{"damage":2,"enemies":"Jaw Worm","floor":3,"turns":7},{"damage":0,"enemies":"Small Slimes","floor":4,"turns":3},{"damage":5,"enemies":"3 Louse","floor":5,"turns":3},{"damage":0,"enemies":"2 Fungi Beasts","floor":7,"turns":3},{"damage":9,"enemies":"Red Slaver","floor":14,"turns":4},{"damage":24,"enemies":"Slime Boss","floor":16,"turns":11},{"damage":1,"enemies":"Chosen","floor":18,"turns":5},{"damage":21,"enemies":"Spheric Guardian","floor":22,"turns":7},{"damage":5,"enemies":"3 Cultists","floor":24,"turns":5},{"damage":28,"enemies":"Slavers","floor":25,"turns":5},{"damage":37,"enemies":"Cultist and Chosen","floor":28,"turns":4}],"event_choices":[{"event_name":"Golden Wing","player_choice":"Ignored","floor":2,"damage_taken":0},{"event_name":"Mushrooms","player_choice":"Healed and dodged fight","floor":10,"damage_taken":0},{"event_name":"Transmorgrifier","player_choice":"Transform","floor":11,"damage_taken":0},{"event_name":"The Library","player_choice":"Read","floor":19,"damage_taken":0},{"event_name":"Addict","player_choice":"Obtained Relic","floor":20,"damage_taken":0},{"event_name":"Drug Dealer","player_choice":"Got JAXXED","floor":21,"damage_taken":0}],"boss_relics":[{"not_picked":["Runic Pyramid","Philosopher\u0027s Stone"],"picked":"White Beast Statue"}],"potions_floor_spawned":[5,7,16,18,22,24,25],"seed_played":"8580330596756767924","killed_by":"Cultist and Chosen","ascension_level":6,"is_trial":false}