{"gold_per_floor":[117,117,42,58,28,28,54,54,123,155,171,171,171,47,47,124,124,143,43,59,76,76,105,105,125,202,222,222,222,222,239,239,313,313,330,340,357,357,357,357,374,400,400,418,249,249,46,63,63,63,63],"floor_reached":51,"playtime":2112,"items_purged":["Pain","Strike_G","PanicButton"],"score":1435,"play_id":"37dbaddc-bd47-47f0-8985-8a905288ccec","local_time":"20181031154621","is_ascension_mode":true,"campfire_choices":[{"data":"Neutralize","floor":6.0,"key":"SMITH"},{"data":"Deadly Poison","floor":8.0,"key":"SMITH"},{"data":"Noxious Fumes","floor":13.0,"key":"SMITH"},{"data":"Caltrops","floor":15.0,"key":"SMITH"},{"floor":24,"key":"REST"},{"floor":28,"key":"REST"},{"floor":30,"key":"REST"},{"floor":32,"key":"REST"},{"floor":40,"key":"REST"},{"floor":46,"key":"REST"},{"floor":49,"key":"REST"}],"neow_cost":"NONE","seed_source_timestamp":918171953793000,"circlet_count":0,"master_deck":["Defend_G","Defend_G","Defend_G","Defend_G","Defend_G","Survivor","Neutralize+1","AscendersBane","Caltrops+1","Cloak And Dagger","Quick Slash","Deadly Poison+1","Noxious Fumes+1","Well Laid Plans","Backstab+1","Escape Plan","A Thousand Cuts","Dagger Throw+1","Leg Sweep","PiercingWail","Bite+1","Bite+1","Bite+1","Bite+1","Dash+1","A Thousand Cuts","PiercingWail","Blur","Wraith Form v2","Dodge and Roll","Corpse Explosion","Prepared+1","Footwork"],"special_seed":0,"relics":["Ring of the Snake","NeowsBlessing","WarpedTongs","Molten Egg 2","Question Card","Mummified Hand","Fusion Hammer","Letter Opener","Bottled Lightning","Busted Crown","Art of War","Meat on the Bone","Strawberry"],"potions_floor_usage":[23,25,33,33,44,44,50,51],"damage_taken":[{"damage":0.0,"enemies":"Small Slimes","floor":1.0,"turns":1.0},{"damage":0.0,"enemies":"Cultist","floor":4.0,"turns":1.0},{"damage":0.0,"enemies":"3 Sentries","floor":7.0,"turns":1.0},{"damage":1.0,"enemies":"Lagavulin","floor":10.0,"turns":7.0},{"damage":0.0,"enemies":"Jaw Worm","floor":11.0,"turns":3.0},{"damage":27.0,"enemies":"Slime Boss","floor":16.0,"turns":10.0},{"damage":12,"enemies":"Chosen","floor":18,"turns":4},{"damage":16,"enemies":"Shell Parasite","floor":20,"turns":3},{"damage":4,"enemies":"Centurion and Healer","floor":21,"turns":7},{"damage":14,"enemies":"Book of Stabbing","floor":23,"turns":5},{"damage":29,"enemies":"Cultist and Chosen","floor":25,"turns":6},{"damage":22,"enemies":"Sentry and Sphere","floor":27,"turns":4},{"damage":2,"enemies":"Snecko","floor":31,"turns":5},{"damage":38,"enemies":"Champ","floor":33,"turns":13},{"damage":0,"enemies":"3 Shapes","floor":35,"turns":6},{"damage":10,"enemies":"Orb Walker","floor":36,"turns":4},{"damage":0,"enemies":"4 Shapes","floor":37,"turns":5},{"damage":22,"enemies":"Maw","floor":41,"turns":8},{"damage":32,"enemies":"Reptomancer","floor":42,"turns":7},{"damage":35,"enemies":"Transient","floor":44,"turns":6},{"damage":24,"enemies":"3 Darklings","floor":48,"turns":6},{"damage":29,"enemies":"Donu and Deca","floor":50,"turns":9},{"damage":75,"enemies":"Awakened One","floor":51,"turns":14}],"seed_played":"6163925322182376204","potions_obtained":[{"floor":1.0,"key":"Strength Potion"},{"floor":11.0,"key":"Block Potion"},{"floor":18,"key":"Weak Potion"},{"floor":23,"key":"EntropicBrew"},{"floor":35,"key":"Fire Potion"},{"floor":41,"key":"GhostInAJar"},{"floor":44,"key":"Block Potion"}],"is_trial":false,"path_per_floor":["M","?","$","M","$","R","E","R","T","E","M","?","R","$","R","B",null,"M","$","M","M","?","E","R","M","T","M","R","?","R","M","R","B",null,"M","M","M","?","?","R","M","E","T","M","$","R","$","M","R","B","B"],"character_chosen":"THE_SILENT","items_purchased":["Quick Slash","Backstab+1","Escape Plan","Strawberry","GhostInAJar"],"campfire_rested":7,"item_purchase_floors":[5,14,14,45,47],"current_hp_per_floor":[59,59,59,59,59,59,59,59,59,58,58,51,51,51,51,24,56,44,44,28,24,24,25,38,21,21,11,24,12,25,38,46,24,41,46,42,46,46,46,46,41,23,23,15,22,37,37,28,43,38,0],"gold":63,"neow_bonus":"THREE_ENEMY_KILL","is_prod":false,"is_daily":false,"chose_seed":false,"campfire_upgraded":4,"win_rate":0,"timestamp":1541025981,"path_taken":["M","?","$","?","$","R","E","R","T","E","M","?","R","$","R","BOSS","M","$","M","M","?","E","R","M","T","M","R","?","R","M","R","BOSS","M","M","?","?","?","R","M","E","T","M","?","R","$","M","R","BOSS","BOSS"],"build_version":"2018-10-30","purchased_purges":3,"victory":false,"max_hp_per_floor":[66,66,66,66,66,66,66,66,66,66,66,66,66,66,66,66,66,66,66,66,66,46,46,46,46,46,46,46,46,46,46,46,46,46,46,46,46,46,46,46,46,46,46,46,53,53,53,53,53,53,53],"card_choices":[{"not_picked":["Skewer","Setup"],"picked":"Caltrops","floor":1.0},{"not_picked":["Bane","Dagger Throw"],"picked":"Cloak And Dagger","floor":4.0},{"not_picked":["Envenom","Skewer"],"picked":"Deadly Poison","floor":7.0},{"not_picked":["Blade Dance","Underhanded Strike+1","Dagger Spray+1"],"picked":"Noxious Fumes","floor":10.0},{"not_picked":["Cloak And Dagger","Poisoned Stab+1","Acrobatics"],"picked":"Well Laid Plans","floor":11.0},{"not_picked":["Grand Finale+1","Bullet Time","Phantasmal Killer"],"picked":"A Thousand Cuts","floor":16.0},{"not_picked":["Finisher+1","Flechettes+1","Prepared"],"picked":"Dagger Throw+1","floor":18},{"not_picked":["Dagger Throw+1","Dagger Spray+1","Eviscerate+1"],"picked":"Leg Sweep","floor":20},{"not_picked":["Reflex","Eviscerate+1","Prepared"],"picked":"PiercingWail","floor":21},{"not_picked":["Acrobatics","Accuracy","Crippling Poison"],"picked":"Dash+1","floor":23},{"not_picked":["Acrobatics","Concentrate","Bouncing Flask"],"picked":"A Thousand Cuts","floor":25},{"not_picked":["Blade Dance+1","Expertise+1","Deflect"],"picked":"PiercingWail","floor":27},{"not_picked":["Flying Knee+1","Catalyst","Deflect"],"picked":"Blur","floor":31},{"not_picked":["Night Terror","Bullet Time","Envenom"],"picked":"Wraith Form v2","floor":33},{"not_picked":["Dagger Spray+1","Setup+1"],"picked":"SKIP","floor":35},{"not_picked":["Bouncing Flask","Deadly Poison"],"picked":"SKIP","floor":36},{"not_picked":["Flechettes+1","Prepared"],"picked":"SKIP","floor":37},{"not_picked":["Deadly Poison+1"],"picked":"Dodge and Roll","floor":41},{"not_picked":["Blade Dance"],"picked":"Corpse Explosion","floor":42},{"not_picked":["Outmaneuver"],"picked":"Prepared+1","floor":44},{"not_picked":["Deflect"],"picked":"Footwork","floor":48}],"player_experience":949311,"relics_obtained":[{"floor":7.0,"key":"Molten Egg 2"},{"floor":9.0,"key":"Question Card"},{"floor":10.0,"key":"Mummified Hand"},{"floor":23,"key":"Letter Opener"},{"floor":26,"key":"Bottled Lightning"},{"floor":42,"key":"Art of War"},{"floor":43,"key":"Meat on the Bone"}],"event_choices":[{"damage_healed":0.0,"max_hp_gain":0.0,"max_hp_loss":0.0,"gold_gain":0.0,"event_name":"Accursed Blacksmith","player_choice":"Rummage","floor":2.0,"gold_loss":0.0,"damage_taken":0.0,"relics_obtained":["WarpedTongs"],"cards_obtained":["Pain"]},{"cards_removed":["Strike_G"],"damage_healed":0.0,"max_hp_gain":0.0,"max_hp_loss":0.0,"gold_gain":0.0,"event_name":"Golden Wing","player_choice":"Card Removal","floor":12.0,"gold_loss":0.0,"damage_taken":7.0},{"damage_healed":0,"gold_gain":0,"player_choice":"Became a vampire","damage_taken":0,"max_hp_gain":0,"max_hp_loss":20,"event_name":"Vampires","floor":22,"gold_loss":0,"cards_obtained":["Bite","Bite","Bite","Bite","Bite"]},{"damage_healed":0,"gold_gain":0,"player_choice":"CARD ","damage_taken":12,"max_hp_gain":0,"max_hp_loss":0,"event_name":"Knowing Skull","floor":29,"potions_obtained":[],"gold_loss":0,"cards_obtained":["PanicButton"]},{"cards_removed":["Bite"],"damage_healed":0,"gold_gain":0,"player_choice":"Removed Attack","damage_taken":0,"max_hp_gain":0,"max_hp_loss":0,"event_name":"Falling","floor":38,"gold_loss":0},{"damage_healed":0,"gold_gain":0,"player_choice":"Ignored","damage_taken":0,"max_hp_gain":0,"max_hp_loss":0,"event_name":"Mysterious Sphere","floor":39,"gold_loss":0}],"is_beta":true,"boss_relics":[{"not_picked":["Runic Dome","Empty Cage"],"picked":"Fusion Hammer"},{"not_picked":["Sozu","Snecko Eye"],"picked":"Busted Crown"}],"items_purged_floors":[3,19,47],"is_endless":false,"potions_floor_spawned":[1,11,18,23,27,35,41,42,44],"killed_by":"Awakened One","ascension_level":20}