{"gold_per_floor":[117,131,131,142,142,175,175,187,235,235,263,263,273,289,289,289],"floor_reached":16,"playtime":716,"items_purged":[],"score":224,"play_id":"8e6aba1a-302f-433c-afe4-363c372bafb3","local_time":"20190428014210","is_ascension_mode":true,"campfire_choices":[{"data":"Sunder","floor":10,"key":"SMITH"},{"data":"Zap","floor":12,"key":"SMITH"},{"data":"Defragment","floor":15,"key":"SMITH"}],"neow_cost":"NONE","seed_source_timestamp":459590455035233,"circlet_count":0,"master_deck":["AscendersBane","Strike_B","Strike_B","Strike_B","Defend_B","Defend_B","Defend_B","Defend_B","Zap+1","Dualcast","Sunder+1","Sunder+1","Coolheaded","Cold Snap","Hologram","Go for the Eyes","Doom and Gloom","Defragment+1"],"relics":["Cracked Core","Bronze Scales","The Courier","Regal Pillow","Bag of Marbles"],"potions_floor_usage":[6,11,13,16],"damage_taken":[{"damage":7,"enemies":"Jaw Worm","floor":1,"turns":3},{"damage":6,"enemies":"Cultist","floor":2,"turns":3},{"damage":0,"enemies":"2 Louse","floor":4,"turns":2},{"damage":18,"enemies":"Lagavulin","floor":6,"turns":7},{"damage":4,"enemies":"Red Slaver","floor":8,"turns":3},{"damage":11,"enemies":"3 Sentries","floor":11,"turns":5},{"damage":4,"enemies":"Gremlin Gang","floor":13,"turns":2},{"damage":0,"enemies":"Exordium Wildlife","floor":14,"turns":2},{"damage":14,"enemies":"The Guardian","floor":16,"turns":9}],"seed_played":"-1212389574194912974","potions_obtained":[{"floor":1,"key":"LiquidBronze"},{"floor":2,"key":"SpeedPotion"},{"floor":8,"key":"Energy Potion"},{"floor":11,"key":"EssenceOfSteel"}],"is_trial":false,"path_per_floor":["M","M","?","M","?","E","?","M","T","R","E","R","M","M","R","B"],"character_chosen":"DEFECT","items_purchased":[],"campfire_rested":0,"item_purchase_floors":[],"current_hp_per_floor":[57,51,51,51,51,33,33,29,29,29,18,18,14,14,14,0],"gold":289,"neow_bonus":"RANDOM_COMMON_RELIC","is_prod":false,"is_daily":false,"chose_seed":false,"campfire_upgraded":3,"win_rate":0,"timestamp":1556430130,"path_taken":["M","M","?","?","?","E","?","M","T","R","E","R","M","M","R","BOSS"],"build_version":"2019-01-23","purchased_purges":0,"victory":false,"max_hp_per_floor":[71,71,71,71,71,71,71,71,71,71,71,71,71,71,71,71],"card_choices":[{"not_picked":["Scrape","Lockon"],"picked":"Sunder","floor":1},{"not_picked":["Compile Driver","Recycle"],"picked":"Sunder","floor":2},{"not_picked":["Hello World","Turbo"],"picked":"Coolheaded","floor":4},{"not_picked":["Darkness","Go for the Eyes"],"picked":"Cold Snap","floor":6},{"not_picked":["Aggregate","Capacitor"],"picked":"Hologram","floor":8},{"not_picked":["Chill","Auto Shields"],"picked":"Go for the Eyes","floor":11},{"not_picked":["Reprogram","Self Repair"],"picked":"Doom and Gloom","floor":13},{"not_picked":["Conserve Battery","Turbo"],"picked":"Defragment","floor":14}],"player_experience":2020227,"relics_obtained":[{"floor":6,"key":"The Courier"},{"floor":9,"key":"Regal Pillow"},{"floor":11,"key":"Bag of Marbles"}],"event_choices":[{"cards_removed":["Strike_B"],"damage_healed":0,"gold_gain":0,"player_choice":"Purged","damage_taken":0,"max_hp_gain":0,"max_hp_loss":0,"event_name":"Purifier","floor":3,"gold_loss":0},{"damage_healed":0,"gold_gain":0,"player_choice":"Ignored","damage_taken":0,"max_hp_gain":0,"max_hp_loss":0,"event_name":"Liars Game","floor":5,"gold_loss":0},{"damage_healed":0,"gold_gain":0,"player_choice":"Forge","damage_taken":0,"max_hp_gain":0,"max_hp_loss":0,"event_name":"Accursed Blacksmith","floor":7,"gold_loss":0,"cards_upgraded":["Sunder"]}],"is_beta":false,"boss_relics":[],"items_purged_floors":[],"is_endless":false,"potions_floor_spawned":[1,2,8,11],"killed_by":"The Guardian","ascension_level":20}