{"gold_per_floor":[118,268,268,284,209,248,266,297,297,316,316,316,334,353,353,444,444,460,484,484],"floor_reached":20,"playtime":700,"items_purged":[],"score":422,"play_id":"c07ae359-b6db-49ba-b261-51269bf885a0","local_time":"20190202003808","is_ascension_mode":true,"campfire_choices":[{"floor":11,"key":"REST"},{"data":"Rainbow","floor":15,"key":"SMITH"}],"neow_cost":"NONE","seed_source_timestamp":228136855576777,"circlet_count":0,"master_deck":["AscendersBane","Strike_B","Strike_B","Strike_B","Defend_B","Defend_B","Defend_B","Defend_B","Zap","Dualcast","Glacier","Compile Driver","Cold Snap","Conserve Battery","Rainbow+1","Sweeping Beam","Leap","Fission","Leap"],"relics":["Cracked Core","NeowsBlessing","Golden Idol","Oddly Smooth Stone","Sundial","Art of War","Velvet Choker"],"potions_floor_usage":[8,8,16],"damage_taken":[{"damage":0,"enemies":"Jaw Worm","floor":1,"turns":1},{"damage":0,"enemies":"Small Slimes","floor":4,"turns":1},{"damage":0,"enemies":"Gremlin Nob","floor":6,"turns":1},{"damage":0,"enemies":"2 Louse","floor":7,"turns":4},{"damage":31,"enemies":"Lagavulin","floor":8,"turns":8},{"damage":0,"enemies":"Exordium Wildlife","floor":10,"turns":3},{"damage":0,"enemies":"2 Fungi Beasts","floor":13,"turns":3},{"damage":0,"enemies":"Looter","floor":14,"turns":3},{"damage":33,"enemies":"Slime Boss","floor":16,"turns":12},{"damage":0,"enemies":"Spheric Guardian","floor":18,"turns":5},{"damage":1,"enemies":"3 Byrds","floor":19,"turns":5},{"damage":57,"enemies":"Centurion and Healer","floor":20,"turns":18}],"seed_played":"-3058783084842690570","potions_obtained":[{"floor":1,"key":"GamblersBrew"},{"floor":7,"key":"Ancient Potion"},{"floor":10,"key":"Ancient Potion"},{"floor":13,"key":"Ancient Potion"},{"floor":14,"key":"Regen Potion"}],"is_trial":false,"path_per_floor":["M","?","?","M","?","E","M","E","T","M","R","?","M","M","R","B",null,"M","M","M"],"character_chosen":"DEFECT","items_purchased":[],"campfire_rested":1,"item_purchase_floors":[],"current_hp_per_floor":[64,64,40,40,40,40,40,9,9,9,30,30,30,30,30,12,56,56,55,0],"gold":484,"neow_bonus":"THREE_ENEMY_KILL","is_prod":false,"is_daily":false,"chose_seed":false,"campfire_upgraded":1,"win_rate":0,"timestamp":1549093088,"path_taken":["M","?","?","M","?","E","M","E","T","M","R","?","?","M","R","BOSS","M","M","M"],"build_version":"2019-01-23","purchased_purges":0,"victory":false,"max_hp_per_floor":[71,71,71,71,71,71,71,71,71,71,71,71,71,71,71,71,71,71,71,71],"card_choices":[{"not_picked":["Beam Cell","Storm"],"picked":"Glacier","floor":1},{"not_picked":["Steam Power","Rebound"],"picked":"Compile Driver","floor":4},{"not_picked":["Go for the Eyes","Barrage"],"picked":"Cold Snap","floor":6},{"not_picked":["Steam","Lockon","Recycle"],"picked":"SKIP","floor":7},{"not_picked":["Tempest","Melter"],"picked":"Conserve Battery","floor":8},{"not_picked":["Steam","Lockon"],"picked":"Rainbow","floor":10},{"not_picked":["Aggregate","Streamline"],"picked":"Sweeping Beam","floor":13},{"not_picked":["Recycle","BootSequence"],"picked":"Leap","floor":14},{"not_picked":["Hyperbeam","Amplify"],"picked":"Fission","floor":16},{"not_picked":["Barrage","Reprogram","Cold Snap"],"picked":"SKIP","floor":18},{"not_picked":["Compile Driver","Turbo"],"picked":"Leap","floor":19}],"player_experience":1061307,"relics_obtained":[{"floor":6,"key":"Oddly Smooth Stone"},{"floor":8,"key":"Sundial"},{"floor":9,"key":"Art of War"}],"event_choices":[{"damage_healed":0,"gold_gain":150,"player_choice":"AGREE","damage_taken":0,"max_hp_gain":0,"max_hp_loss":0,"event_name":"Liars Game","floor":2,"gold_loss":0,"cards_obtained":["Doubt"]},{"damage_healed":0,"gold_gain":0,"player_choice":"Take Damage","damage_taken":24,"relics_obtained":["Golden Idol"],"max_hp_gain":0,"max_hp_loss":0,"event_name":"Golden Idol","floor":3,"gold_loss":0},{"cards_removed":["Doubt"],"damage_healed":0,"gold_gain":0,"player_choice":"Card Removal","damage_taken":0,"max_hp_gain":0,"max_hp_loss":0,"event_name":"The Cleric","floor":5,"gold_loss":75},{"cards_removed":["Strike_B"],"damage_healed":0,"gold_gain":0,"player_choice":"Forget","damage_taken":0,"max_hp_gain":0,"max_hp_loss":0,"event_name":"Living Wall","floor":12,"gold_loss":0}],"is_beta":true,"boss_relics":[{"not_picked":["Tiny House","Calling Bell"],"picked":"Velvet Choker"}],"items_purged_floors":[],"is_endless":false,"potions_floor_spawned":[1,7,10,13,14],"killed_by":"Centurion and Healer","ascension_level":20}