{"gold_per_floor":[113,62,62,62,75,75,102,112,112,132,132,112,112,122,122,197,197,117,131,145,145],"floor_reached":21,"playtime":639,"items_purged":[],"score":358,"play_id":"33486737-cf6c-4bec-85df-a4b0ef0cc5b0","local_time":"20190105173426","is_ascension_mode":true,"campfire_choices":[{"data":"Zap","floor":6,"key":"SMITH"},{"data":"Sunder","floor":11,"key":"SMITH"},{"data":"Reinforced Body","floor":13,"key":"SMITH"},{"floor":15,"key":"REST"}],"neow_cost":"NONE","seed_source_timestamp":324680436139421,"circlet_count":0,"master_deck":["AscendersBane","Strike_B","Strike_B","Strike_B","Strike_B","Defend_B","Defend_B","Defend_B","Defend_B","Zap+1","Dualcast","Reinforced Body+1","Conserve Battery","Doom and Gloom","Sunder+1","Cold Snap","Conserve Battery","Coolheaded","Recycle"],"relics":["Cracked Core","DataDisk","Singing Bowl","Anchor","Inserter"],"potions_floor_usage":[14,16,16],"damage_taken":[{"damage":0,"enemies":"Small Slimes","floor":1,"turns":2},{"damage":0,"enemies":"Jaw Worm","floor":5,"turns":4},{"damage":39,"enemies":"Lagavulin","floor":7,"turns":8},{"damage":0,"enemies":"Cultist","floor":8,"turns":3},{"damage":0,"enemies":"Lots of Slimes","floor":10,"turns":3},{"damage":0,"enemies":"Gremlin Gang","floor":14,"turns":2},{"damage":8,"enemies":"Slime Boss","floor":16,"turns":9},{"damage":7,"enemies":"2 Thieves","floor":18,"turns":4},{"damage":16,"enemies":"Shell Parasite","floor":19,"turns":9},{"damage":34,"enemies":"Cultist and Chosen","floor":20,"turns":9},{"damage":14,"enemies":"Snake Plant","floor":21,"turns":4}],"seed_played":"-4577495612654637341","potions_obtained":[{"floor":5,"key":"Explosive Potion"},{"floor":8,"key":"SteroidPotion"},{"floor":10,"key":"Strength Potion"},{"floor":14,"key":"EntropicBrew"}],"is_trial":false,"path_per_floor":["M","$","?","$","M","R","E","M","T","M","R","?","R","M","R","B",null,"M","M","M","M"],"character_chosen":"DEFECT","items_purchased":["Conserve Battery"],"campfire_rested":1,"item_purchase_floors":[2],"current_hp_per_floor":[64,64,64,64,64,64,25,27,27,27,27,27,27,29,51,45,69,62,46,12,0],"gold":145,"neow_bonus":"RANDOM_COMMON_RELIC","is_prod":false,"is_daily":false,"chose_seed":false,"campfire_upgraded":3,"win_rate":0,"timestamp":1546734866,"path_taken":["M","$","?","$","M","R","E","M","T","M","R","?","R","M","R","BOSS","M","M","M","?"],"build_version":"2019-01-03v4","purchased_purges":0,"victory":false,"max_hp_per_floor":[71,71,71,71,71,71,71,73,73,73,73,73,73,75,75,77,77,77,77,77,77],"card_choices":[{"not_picked":["Streamline","Steam"],"picked":"Reinforced Body","floor":1},{"not_picked":["Redo","Melter"],"picked":"Doom and Gloom","floor":5},{"not_picked":["Streamline","Recycle"],"picked":"Sunder","floor":7},{"not_picked":["Chaos","Stack","Barrage"],"picked":"Singing Bowl","floor":8},{"not_picked":["Gash","Turbo"],"picked":"Cold Snap","floor":10},{"not_picked":["Turbo","Steam","Tempest"],"picked":"Singing Bowl","floor":14},{"not_picked":["Meteor Strike","All For One","Amplify"],"picked":"Singing Bowl","floor":16},{"not_picked":["Rebound","Compile Driver"],"picked":"Conserve Battery","floor":18},{"not_picked":["Compile Driver+1","Go for the Eyes+1"],"picked":"Coolheaded","floor":19},{"not_picked":["Rip and Tear","Static Discharge"],"picked":"Recycle","floor":20}],"player_experience":1025334,"relics_obtained":[{"floor":7,"key":"Singing Bowl"},{"floor":9,"key":"Anchor"}],"event_choices":[{"damage_healed":0,"gold_gain":0,"player_choice":"Ignored","damage_taken":0,"max_hp_gain":0,"max_hp_loss":0,"event_name":"Liars Game","floor":3,"gold_loss":0},{"damage_healed":0,"gold_gain":0,"player_choice":"Bought 1 Potion","damage_taken":0,"max_hp_gain":0,"max_hp_loss":0,"event_name":"The Woman in Blue","floor":12,"gold_loss":0}],"is_beta":true,"boss_relics":[{"not_picked":["Black Star","FrozenCore"],"picked":"Inserter"}],"items_purged_floors":[],"is_endless":false,"potions_floor_spawned":[5,8,10,14,20],"killed_by":"Snake Plant","ascension_level":20}