{"gold_per_floor":[119,119,129,129,61,95,106,106,132,150,183,200,26,53,53,129,129,144,155,11,28,39,39,64,64,91,120,120,120,120,132,132,203,203,222,235,280,297,309,309,327,338,386,419,438,438,438,76,76,76],"floor_reached":50,"playtime":1860,"items_purged":["Strike_B","Rip and Tear"],"score":1022,"play_id":"49fa707e-3492-4460-88d1-9d2a9444b053","local_time":"20190329233534","is_ascension_mode":true,"campfire_choices":[{"data":"Zap","floor":8,"key":"SMITH"},{"data":"Apotheosis","floor":15,"key":"SMITH"},{"data":"Defragment","floor":23,"key":"SMITH"},{"floor":25,"key":"REST"},{"floor":32,"key":"REST"},{"floor":40,"key":"REST"},{"floor":49,"key":"RECALL"}],"neow_cost":"NONE","seed_source_timestamp":1425875808304272,"circlet_count":0,"master_deck":["AscendersBane","Defend_B","Defend_B","Defend_B","Defend_B","Zap+1","Seek+1","Doom and Gloom","Undo","Reinforced Body","Sweeping Beam","Apotheosis+1","Electrodynamics","BootSequence","Defragment+1","Gash+1","Gash+1","Seek","Fusion+1","Melter+1","Defragment+1","Coolheaded+1","Reinforced Body","Hologram","Cold Snap+1"],"relics":["Cracked Core","NeowsBlessing","Blood Vial","Centennial Puzzle","Boot","Mercury Hourglass","Black Star","Gambling Chip","PreservedInsect","Bag of Preparation","Molten Egg 2","Anchor","Astrolabe","Ginger","Smiling Mask","Bottled Flame","Bottled Lightning"],"potions_floor_usage":[11,18,24,33,37,39,45,50],"damage_taken":[{"damage":0,"enemies":"Small Slimes","floor":1,"turns":1},{"damage":0,"enemies":"Cultist","floor":3,"turns":1},{"damage":0,"enemies":"3 Sentries","floor":6,"turns":1},{"damage":0,"enemies":"Jaw Worm","floor":7,"turns":3},{"damage":4,"enemies":"Red Slaver","floor":10,"turns":4},{"damage":15,"enemies":"Lagavulin","floor":11,"turns":5},{"damage":8,"enemies":"3 Louse","floor":12,"turns":2},{"damage":11,"enemies":"3 Sentries","floor":14,"turns":6},{"damage":2,"enemies":"The Guardian","floor":16,"turns":10},{"damage":4,"enemies":"Chosen","floor":18,"turns":3},{"damage":9,"enemies":"Shell Parasite","floor":19,"turns":7},{"damage":0,"enemies":"Snake Plant","floor":21,"turns":4},{"damage":4,"enemies":"Chosen and Byrds","floor":22,"turns":4},{"damage":30,"enemies":"Slavers","floor":24,"turns":3},{"damage":0,"enemies":"Gremlin Leader","floor":27,"turns":3},{"damage":0,"enemies":"Sentry and Sphere","floor":31,"turns":3},{"damage":18,"enemies":"Automaton","floor":33,"turns":7},{"damage":2,"enemies":"3 Shapes","floor":35,"turns":2},{"damage":0,"enemies":"Orb Walker","floor":36,"turns":4},{"damage":24,"enemies":"2 Orb Walkers","floor":37,"turns":4},{"damage":27,"enemies":"Jaw Worm Horde","floor":38,"turns":5},{"damage":18,"enemies":"Spire Growth","floor":39,"turns":6},{"damage":9,"enemies":"Transient","floor":41,"turns":5},{"damage":0,"enemies":"Jaw Worm Horde","floor":42,"turns":2},{"damage":8,"enemies":"Reptomancer","floor":44,"turns":6},{"damage":13,"enemies":"Maw","floor":45,"turns":7},{"damage":67,"enemies":"Awakened One","floor":50,"turns":18}],"seed_played":"-7490529469464413776","potions_obtained":[{"floor":4,"key":"Regen Potion"},{"floor":4,"key":"Ancient Potion"},{"floor":6,"key":"PowerPotion"},{"floor":11,"key":"Poison Potion"},{"floor":19,"key":"PowerPotion"},{"floor":24,"key":"Weak Potion"},{"floor":33,"key":"SpeedPotion"},{"floor":37,"key":"PowerPotion"},{"floor":42,"key":"Swift Potion"},{"floor":45,"key":"SpeedPotion"}],"is_trial":false,"path_per_floor":["M","?","M","?","$","E","M","R","T","M","E","M","$","E","R","B",null,"M","M","$","M","M","R","E","R","T","E","?","?","?","M","R","B",null,"M","M","?","M","M","R","M","M","T","E","M","?","?","$","R","B"],"character_chosen":"DEFECT","items_purchased":["Doom and Gloom","Apotheosis","Defragment","Cold Snap+1","Bottled Lightning"],"campfire_rested":3,"item_purchase_floors":[5,13,20,48,48],"current_hp_per_floor":[64,64,64,64,64,64,66,66,66,64,61,55,55,46,46,46,65,63,56,56,58,56,56,28,49,49,51,51,51,51,53,71,53,67,67,69,47,22,6,27,20,22,22,16,5,58,58,58,58,0],"gold":76,"neow_bonus":"THREE_ENEMY_KILL","is_prod":false,"is_daily":false,"chose_seed":false,"campfire_upgraded":3,"win_rate":0,"timestamp":1553916934,"path_taken":["M","?","?","?","$","E","?","R","T","M","E","M","$","E","R","BOSS","M","M","$","M","M","R","E","R","T","E","?","?","?","M","R","BOSS","M","?","?","M","M","R","M","M","T","E","M","?","?","$","R","BOSS"],"build_version":"2019-03-15","purchased_purges":2,"victory":false,"max_hp_per_floor":[71,71,71,71,71,71,71,71,71,71,71,71,71,71,71,71,71,71,71,71,71,71,71,71,71,71,71,71,71,71,71,71,71,71,71,71,71,71,71,71,71,71,71,71,71,58,58,58,58,58],"card_choices":[{"not_picked":["Redo","Heatsinks"],"picked":"Rip and Tear","floor":1},{"not_picked":["Lockon","Chaos","Streamline"],"picked":"SKIP","floor":3},{"not_picked":["Beam Cell","Capacitor"],"picked":"Undo","floor":6},{"not_picked":["Force Field","Turbo"],"picked":"Reinforced Body","floor":7},{"not_picked":["Scrape","Barrage","Conserve Battery"],"picked":"SKIP","floor":10},{"not_picked":["Multi-Cast","Hologram","Scrape"],"picked":"SKIP","floor":11},{"not_picked":["Hologram","Compile Driver"],"picked":"Sweeping Beam","floor":12},{"not_picked":["Redo","Sweeping Beam","Meteor Strike"],"picked":"SKIP","floor":14},{"not_picked":["Hyperbeam","Reboot"],"picked":"Electrodynamics","floor":16},{"not_picked":["Rebound","Sweeping Beam","Streamline"],"picked":"SKIP","floor":18},{"not_picked":["Streamline","Barrage"],"picked":"BootSequence","floor":19},{"not_picked":["Gash","Auto Shields","Reprogram"],"picked":"SKIP","floor":21},{"not_picked":["Beam Cell","Steam"],"picked":"Gash+1","floor":22},{"not_picked":["White Noise","Steam Power","Streamline+1"],"picked":"SKIP","floor":24},{"not_picked":["Conserve Battery","Heatsinks"],"picked":"Gash","floor":27},{"not_picked":["Steam Power","White Noise","Streamline+1"],"picked":"SKIP","floor":31},{"not_picked":["Electrodynamics","Amplify"],"picked":"Seek","floor":33},{"not_picked":["Compile Driver+1","Hologram"],"picked":"Coolheaded+1","floor":35},{"not_picked":["Go for the Eyes+1","Steam"],"picked":"Reinforced Body","floor":36},{"not_picked":["Gash+1","Static Discharge","Turbo+1"],"picked":"SKIP","floor":38},{"not_picked":["Blizzard+1","Undo","Leap+1"],"picked":"SKIP","floor":39},{"not_picked":["Steam","BootSequence+1","Rebound+1"],"picked":"SKIP","floor":41},{"not_picked":["Doom and Gloom+1","Scrape+1","Rip and Tear+1"],"picked":"SKIP","floor":42},{"not_picked":["Sweeping Beam+1","Sunder+1"],"picked":"Hologram","floor":44},{"not_picked":["Consume","Leap","Redo"],"picked":"SKIP","floor":45}],"player_experience":2311701,"relics_obtained":[{"floor":6,"key":"Blood Vial"},{"floor":9,"key":"Centennial Puzzle"},{"floor":11,"key":"Boot"},{"floor":14,"key":"Mercury Hourglass"},{"floor":24,"key":"Gambling Chip"},{"floor":24,"key":"PreservedInsect"},{"floor":26,"key":"Bag of Preparation"},{"floor":27,"key":"Molten Egg 2"},{"floor":27,"key":"Anchor"},{"floor":37,"key":"Ginger"},{"floor":44,"key":"Smiling Mask"},{"floor":44,"key":"Bottled Flame"}],"event_choices":[{"damage_healed":0,"gold_gain":0,"player_choice":"1 cards matched","damage_taken":0,"max_hp_gain":0,"max_hp_loss":0,"event_name":"Match and Keep!","floor":2,"gold_loss":0,"cards_obtained":["Seek"]},{"damage_healed":0,"gold_gain":0,"player_choice":"Got Potions","damage_taken":0,"max_hp_gain":0,"max_hp_loss":0,"event_name":"Lab","floor":4,"gold_loss":0},{"damage_healed":0,"gold_gain":0,"player_choice":"Ignored","damage_taken":0,"max_hp_gain":0,"max_hp_loss":0,"event_name":"The Mausoleum","floor":28,"gold_loss":0},{"cards_removed":["Strike_B"],"damage_healed":0,"gold_gain":0,"player_choice":"Elegance","damage_taken":0,"max_hp_gain":0,"max_hp_loss":0,"event_name":"Back to Basics","floor":29,"gold_loss":0},{"damage_healed":0,"gold_gain":0,"player_choice":"Upgraded","damage_taken":0,"max_hp_gain":0,"max_hp_loss":0,"event_name":"Upgrade Shrine","floor":30,"gold_loss":0,"cards_upgraded":["Seek"]},{"damage_healed":0,"gold_gain":0,"player_choice":"Fight","damage_taken":0,"max_hp_gain":0,"max_hp_loss":0,"event_name":"Mysterious Sphere","floor":37,"gold_loss":0},{"damage_healed":58,"gold_gain":0,"player_choice":"Heal","damage_taken":0,"max_hp_gain":0,"max_hp_loss":13,"event_name":"The Moai Head","floor":46,"gold_loss":0},{"damage_healed":0,"gold_gain":0,"player_choice":"Memory 1","damage_taken":0,"max_hp_gain":0,"max_hp_loss":0,"event_name":"SensoryStone","floor":47,"gold_loss":0}],"is_beta":true,"boss_relics":[{"not_picked":["Orrery","Busted Crown"],"picked":"Black Star"},{"not_picked":["Philosopher\u0027s Stone","Snecko Eye"],"picked":"Astrolabe"}],"items_purged_floors":[20,48],"is_endless":false,"potions_floor_spawned":[6,7,11,12,16,19,22,24,33,36,37,42,45],"killed_by":"Awakened One","ascension_level":15}