{"gold_per_floor":[115,115,115,115,136,136,180,180,205,23,36,70,85,110,110,200,263,278,278],"floor_reached":19,"playtime":699,"items_purged":[],"score":374,"play_id":"3a9734dd-d5f9-4937-8476-33beab419270","local_time":"20180916170027","is_ascension_mode":true,"campfire_choices":[{"data":"Bash","floor":6,"key":"SMITH"},{"data":"Intimidate","floor":8,"key":"SMITH"},{"data":"Anger","floor":15,"key":"SMITH"}],"neow_cost":"NONE","seed_source_timestamp":156074787877899,"circlet_count":0,"master_deck":["Strike_R","Strike_R","Strike_R","Strike_R","Defend_R","Defend_R","Defend_R","Defend_R","Bash+1","AscendersBane","Rampage+1","Intimidate+1","Dark Embrace","Reckless Charge","Inflame","Anger+1","True Grit","Dropkick","Twin Strike","Berserk+1","Heavy Blade","Combust+1"],"relics":["Burning Blood","NeowsBlessing","Golden Idol","Sundial","Vajra","Pantograph","Tiny House"],"potions_floor_usage":[11,16,16,18],"damage_taken":[{"damage":0,"enemies":"Jaw Worm","floor":1,"turns":1},{"damage":0,"enemies":"Cultist","floor":5,"turns":1},{"damage":0,"enemies":"Gremlin Nob","floor":7,"turns":1},{"damage":0,"enemies":"2 Louse","floor":11,"turns":2},{"damage":18,"enemies":"Lagavulin","floor":12,"turns":5},{"damage":10,"enemies":"Blue Slaver","floor":13,"turns":3},{"damage":27,"enemies":"Exordium Thugs","floor":14,"turns":5},{"damage":38,"enemies":"The Guardian","floor":16,"turns":9},{"damage":53,"enemies":"3 Byrds","floor":18,"turns":7},{"damage":21,"enemies":"Chosen","floor":19,"turns":3}],"seed_played":"-3353299126610418407","potions_obtained":[{"floor":1,"key":"Poison Potion"},{"floor":7,"key":"GamblersBrew"},{"floor":13,"key":"SteroidPotion"},{"floor":17,"key":"Energy Potion"}],"is_trial":false,"path_per_floor":["M","?","?","?","M","R","E","R","T","$","M","E","M","M","R","B",null,"M"],"character_chosen":"IRONCLAD","items_purchased":["Reckless Charge","Inflame","Anger"],"campfire_rested":0,"item_purchase_floors":[10,10,10],"current_hp_per_floor":[74,48,41,41,47,47,53,53,53,53,59,47,43,22,22,15,65,18,0],"gold":278,"neow_bonus":"THREE_ENEMY_KILL","is_prod":false,"is_daily":false,"chose_seed":false,"campfire_upgraded":3,"win_rate":0,"timestamp":1537131627,"path_taken":["M","?","?","?","M","R","E","R","T","?","?","E","M","M","R","BOSS","M","M"],"build_version":"2018-09-06","purchased_purges":0,"victory":false,"max_hp_per_floor":[75,75,75,75,75,75,75,75,75,75,75,75,75,75,75,75,80,80,80],"card_choices":[{"not_picked":["Searing Blow","Ghostly Armor"],"picked":"Rampage","floor":1},{"not_picked":["Sentinel","Clothesline"],"picked":"Intimidate","floor":5},{"not_picked":["Power Through","Searing Blow"],"picked":"Dark Embrace","floor":7},{"not_picked":["Sever Soul","Rupture"],"picked":"True Grit","floor":11},{"not_picked":["Rage","Sword Boomerang","Warcry"],"picked":"SKIP","floor":12},{"not_picked":["Flex","Corruption"],"picked":"Dropkick","floor":13},{"not_picked":["Clothesline","Shrug It Off"],"picked":"Twin Strike","floor":14},{"not_picked":["Juggernaut","Brutality"],"picked":"Berserk","floor":16},{"not_picked":["Sword Boomerang","Armaments"],"picked":"Heavy Blade","floor":17},{"not_picked":["Anger","Twin Strike"],"picked":"Combust+1","floor":18}],"player_experience":1013332,"relics_obtained":[{"floor":7,"key":"Sundial"},{"floor":9,"key":"Vajra"},{"floor":12,"key":"Pantograph"}],"event_choices":[{"event_name":"Golden Idol","player_choice":"Take Damage","floor":2,"damage_taken":0},{"event_name":"Golden Wing","player_choice":"Card Removal","floor":3,"damage_taken":0},{"event_name":"Accursed Blacksmith","player_choice":"Forge","floor":4,"damage_taken":0}],"is_beta":false,"boss_relics":[{"not_picked":["Mark of Pain","Philosopher\u0027s Stone"],"picked":"Tiny House"}],"items_purged_floors":[],"is_endless":false,"potions_floor_spawned":[1,7,13],"killed_by":"Chosen","ascension_level":17}