{"gold_per_floor":[110,129,11,11,11,38,38,70,70,90,0,16,33,66,66,66],"floor_reached":16,"playtime":694,"items_purged":["Strike_R"],"score":290,"play_id":"bc983bad-0eec-4a6a-9375-6d79c53a8181","local_time":"20190501092751","is_ascension_mode":true,"campfire_choices":[{"data":"Bash","floor":7,"key":"SMITH"},{"data":"Whirlwind","floor":15,"key":"SMITH"}],"neow_cost":"NONE","seed_source_timestamp":746773987369903,"circlet_count":0,"master_deck":["AscendersBane","Strike_R","Strike_R","Strike_R","Strike_R","Defend_R","Defend_R","Defend_R","Defend_R","Bash+1","Headbutt","Anger","Feel No Pain","Metallicize","Clothesline","Flame Barrier","Whirlwind+1"],"relics":["Burning Blood","NeowsBlessing","Bottled Tornado","PreservedInsect","Mercury Hourglass","The Courier"],"potions_floor_usage":[14],"damage_taken":[{"damage":0,"enemies":"2 Louse","floor":1,"turns":1},{"damage":0,"enemies":"Jaw Worm","floor":2,"turns":1},{"damage":0,"enemies":"Gremlin Nob","floor":6,"turns":1},{"damage":15,"enemies":"3 Sentries","floor":8,"turns":11},{"damage":0,"enemies":"Cultist","floor":10,"turns":2},{"damage":14,"enemies":"3 Louse","floor":12,"turns":3},{"damage":9,"enemies":"Large Slime","floor":13,"turns":6},{"damage":10,"enemies":"Lagavulin","floor":14,"turns":7},{"damage":63,"enemies":"Hexaghost","floor":16,"turns":11}],"seed_played":"5517711578866377783","potions_obtained":[{"floor":8,"key":"Weak Potion"},{"floor":10,"key":"Weak Potion"},{"floor":12,"key":"FearPotion"}],"is_trial":false,"path_per_floor":["M","M","$","?","?","E","R","E","T","M","$","M","M","E","R","B"],"character_chosen":"IRONCLAD","items_purchased":["Feel No Pain","Flame Barrier"],"campfire_rested":0,"item_purchase_floors":[3,11],"current_hp_per_floor":[74,75,75,80,80,80,80,71,71,77,77,69,66,62,62,0],"gold":66,"neow_bonus":"THREE_ENEMY_KILL","is_prod":false,"is_daily":false,"chose_seed":false,"campfire_upgraded":2,"win_rate":0,"timestamp":1556717271,"path_taken":["M","M","$","?","?","E","R","E","T","M","?","?","M","E","R","BOSS"],"build_version":"2019-01-23","purchased_purges":1,"victory":false,"max_hp_per_floor":[75,75,75,80,80,80,80,80,80,80,80,80,80,80,80,80],"card_choices":[{"not_picked":["Twin Strike","Fire Breathing"],"picked":"Headbutt","floor":1},{"not_picked":["Pummel","Cleave"],"picked":"Anger","floor":2},{"not_picked":["Spot Weakness","Flex"],"picked":"Metallicize","floor":6},{"not_picked":["Body Slam","Pommel Strike","Searing Blow"],"picked":"SKIP","floor":8},{"not_picked":["Iron Wave","Ghostly Armor"],"picked":"Clothesline","floor":10},{"not_picked":["Anger","Clothesline","Second Wind"],"picked":"SKIP","floor":12},{"not_picked":["Headbutt","Iron Wave","Burning Pact"],"picked":"SKIP","floor":13},{"not_picked":["Blood for Blood","Warcry"],"picked":"Whirlwind","floor":14}],"player_experience":2200401,"relics_obtained":[{"floor":6,"key":"Bottled Tornado"},{"floor":8,"key":"PreservedInsect"},{"floor":9,"key":"Mercury Hourglass"},{"floor":14,"key":"The Courier"}],"event_choices":[{"damage_healed":0,"gold_gain":0,"player_choice":"Donut","damage_taken":0,"max_hp_gain":5,"max_hp_loss":0,"event_name":"Big Fish","floor":4,"gold_loss":0},{"damage_healed":0,"gold_gain":0,"player_choice":"Leave","damage_taken":0,"max_hp_gain":0,"max_hp_loss":0,"event_name":"The Cleric","floor":5,"gold_loss":0}],"is_beta":false,"boss_relics":[],"items_purged_floors":[3],"is_endless":false,"potions_floor_spawned":[8,10,12,13],"killed_by":"Hexaghost","ascension_level":20}