{"gold_per_floor":[109,128,141,9,25,51,51,8,8,8,8,47,47,71,71,164,164,178,162,162],"floor_reached":20,"playtime":1153,"items_purged":[],"score":368,"play_id":"0709c97b-eaff-42c8-a24c-e4290c249f40","local_time":"20190508115621","is_ascension_mode":true,"campfire_choices":[{"data":"Neutralize","floor":7,"key":"SMITH"},{"data":"Bouncing Flask","floor":11,"key":"SMITH"},{"floor":15,"key":"REST"}],"neow_cost":"TEN_PERCENT_HP_LOSS","seed_source_timestamp":1360117650941700,"circlet_count":0,"master_deck":["AscendersBane","Defend_G","Defend_G","Defend_G","Defend_G","Defend_G","Strike_G","Strike_G","Strike_G","Survivor","Neutralize+1","Bouncing Flask+1","Predator","Cloak And Dagger","Sucker Punch","Well Laid Plans+1","Masterful Stab","Caltrops","Catalyst+1","Backflip+1","PiercingWail+1","Envenom","Slice","PiercingWail+1"],"relics":["Ring of the Snake","Toxic Egg 2","Calipers","Golden Idol","Pocketwatch","Runic Pyramid"],"potions_floor_usage":[5,6,14],"damage_taken":[{"damage":3,"enemies":"Jaw Worm","floor":1,"turns":3},{"damage":1,"enemies":"2 Louse","floor":2,"turns":3},{"damage":0,"enemies":"Cultist","floor":3,"turns":3},{"damage":10,"enemies":"Gremlin Gang","floor":5,"turns":5},{"damage":16,"enemies":"3 Sentries","floor":6,"turns":7},{"damage":25,"enemies":"Gremlin Nob","floor":12,"turns":4},{"damage":2,"enemies":"Lots of Slimes","floor":14,"turns":5},{"damage":9,"enemies":"The Guardian","floor":16,"turns":8},{"damage":10,"enemies":"Shell Parasite","floor":18,"turns":5},{"damage":16,"enemies":"2 Thieves","floor":19,"turns":5},{"damage":0,"enemies":"Centurion and Healer","floor":20,"turns":1}],"seed_played":"-3923416277523070437","potions_obtained":[{"floor":5,"key":"Explosive Potion"},{"floor":12,"key":"Block Potion"},{"floor":16,"key":"Explosive Potion"}],"is_trial":false,"path_per_floor":["M","M","M","$","M","E","R","$","T","?","R","E","?","M","R","B",null,"M","M","M"],"character_chosen":"THE_SILENT","items_purchased":["Well Laid Plans","Poison Potion","Catalyst+1"],"campfire_rested":1,"item_purchase_floors":[4,4,8],"current_hp_per_floor":[56,55,55,55,45,29,29,29,29,29,29,4,4,2,18,9,43,33,17,17],"gold":162,"neow_bonus":"TRANSFORM_TWO_CARDS","is_prod":false,"is_daily":false,"chose_seed":false,"campfire_upgraded":2,"win_rate":0,"timestamp":1557330981,"path_taken":["M","M","M","$","M","E","R","$","T","?","R","E","?","M","R","BOSS","M","?","?"],"build_version":"2019-01-23","purchased_purges":0,"victory":false,"max_hp_per_floor":[60,60,60,60,60,60,60,60,60,54,54,54,54,54,54,54,54,54,54,54],"card_choices":[{"not_picked":["Bane","Flying Knee"],"picked":"Cloak And Dagger","floor":1},{"not_picked":["Blade Dance","Outmaneuver","Backflip"],"picked":"SKIP","floor":2},{"not_picked":["Dodge and Roll","Underhanded Strike"],"picked":"Sucker Punch","floor":3},{"not_picked":["PiercingWail","Skewer"],"picked":"Masterful Stab","floor":5},{"not_picked":["Finisher","Burst"],"picked":"Caltrops","floor":6},{"not_picked":["Cloak And Dagger+1","Poisoned Stab"],"picked":"Backflip+1","floor":12},{"not_picked":["Deadly Poison+1","Caltrops"],"picked":"PiercingWail+1","floor":14},{"not_picked":["Storm of Steel+1","Tools of the Trade"],"picked":"Envenom","floor":16},{"not_picked":["Sucker Punch+1","Dash"],"picked":"Slice","floor":18},{"not_picked":["Acrobatics+1","Blur+1"],"picked":"PiercingWail+1","floor":19}],"player_experience":2467135,"relics_obtained":[{"floor":6,"key":"Toxic Egg 2"},{"floor":9,"key":"Calipers"},{"floor":12,"key":"Pocketwatch"}],"event_choices":[{"damage_healed":0,"gold_gain":0,"player_choice":"Lose Max HP","damage_taken":0,"relics_obtained":["Golden Idol"],"max_hp_gain":0,"max_hp_loss":6,"event_name":"Golden Idol","floor":10,"gold_loss":0},{"damage_healed":0,"gold_gain":0,"player_choice":"Forge","damage_taken":0,"max_hp_gain":0,"max_hp_loss":0,"event_name":"Accursed Blacksmith","floor":13,"gold_loss":0,"cards_upgraded":["Well Laid Plans"]}],"is_beta":false,"boss_relics":[{"not_picked":["White Beast Statue","Calling Bell"],"picked":"Runic Pyramid"}],"items_purged_floors":[],"is_endless":false,"potions_floor_spawned":[5,12,16],"killed_by":"Centurion and Healer","ascension_level":20}