{"gold_per_floor":[118,131,206,218,218,218,234,109,109,128,138,138,169,37,37,113,113,130,55,55,55,55,89,89,106,106,141,141,191,191,211,211,284,284,295,305,315,2,22,22,22,22,22,34,34,54,86,103,103,103,103,103,30,57,57],"floor_reached":56,"playtime":2001,"items_purged":["Strike_G"],"score":1905,"play_id":"cf7db55c-b48c-4bfe-8ccb-9319f2d22f22","local_time":"20190401220327","is_ascension_mode":true,"campfire_choices":[{"data":"Neutralize","floor":6,"key":"SMITH"},{"data":"Poisoned Stab","floor":12,"key":"SMITH"},{"floor":15,"key":"REST"},{"floor":24,"key":"REST"},{"data":"Footwork","floor":28,"key":"SMITH"},{"data":"Well Laid Plans","floor":30,"key":"SMITH"},{"data":"Survivor","floor":32,"key":"SMITH"},{"floor":41,"key":"REST"},{"floor":45,"key":"RECALL"},{"floor":49,"key":"REST"},{"floor":52,"key":"REST"}],"neow_cost":"NONE","seed_source_timestamp":1679422968263445,"circlet_count":0,"master_deck":["AscendersBane","Defend_G+1","Defend_G+1","Defend_G+1","Defend_G+1","Defend_G+1","Strike_G+1","Strike_G+1","Survivor+1","Neutralize+1","Dagger Throw","PiercingWail","Well Laid Plans+1","Catalyst+1","Deadly Poison+1","Footwork+1","Malaise+1","Catalyst+1","Deadly Poison+1","Crippling Poison+1","Acrobatics+1","Doppelganger+1","Escape Plan+1","Noxious Fumes","Deadly Poison+1","Blur+1","Backflip+1","PiercingWail+1"],"relics":["Ring of the Snake","Strawberry","Toxic Egg 2","Nunchaku","Velvet Choker","Omamori","Lantern","Lizard Tail","Paper Crane","Bottled Flame","Question Card","Pantograph"],"potions_floor_usage":[7,16,47,50,55],"damage_taken":[{"damage":0,"enemies":"Jaw Worm","floor":1,"turns":4},{"damage":0,"enemies":"Small Slimes","floor":2,"turns":3},{"damage":1,"enemies":"Cultist","floor":4,"turns":4},{"damage":6,"enemies":"Lots of Slimes","floor":7,"turns":5},{"damage":1,"enemies":"Looter","floor":10,"turns":4},{"damage":0,"enemies":"3 Louse","floor":11,"turns":5},{"damage":19,"enemies":"3 Sentries","floor":13,"turns":10},{"damage":41,"enemies":"Slime Boss","floor":16,"turns":12},{"damage":1,"enemies":"Spheric Guardian","floor":18,"turns":6},{"damage":23,"enemies":"Slavers","floor":23,"turns":11},{"damage":0,"enemies":"2 Thieves","floor":25,"turns":4},{"damage":1,"enemies":"Gremlin Leader","floor":27,"turns":4},{"damage":0,"enemies":"Chosen and Byrds","floor":31,"turns":4},{"damage":21,"enemies":"Champ","floor":33,"turns":7},{"damage":9,"enemies":"Orb Walker","floor":35,"turns":2},{"damage":13,"enemies":"3 Darklings","floor":36,"turns":5},{"damage":0,"enemies":"Writhing Mass","floor":37,"turns":4},{"damage":0,"enemies":"Maw","floor":39,"turns":5},{"damage":4,"enemies":"Jaw Worm Horde","floor":44,"turns":5},{"damage":0,"enemies":"Spire Growth","floor":46,"turns":3},{"damage":24,"enemies":"Reptomancer","floor":47,"turns":6},{"damage":10,"enemies":"Maw","floor":48,"turns":5},{"damage":11,"enemies":"Donu and Deca","floor":50,"turns":9},{"damage":22,"enemies":"Shield and Spear","floor":54,"turns":8},{"damage":7,"enemies":"The Heart","floor":55,"turns":8}],"seed_played":"3455710955407708691","potions_obtained":[{"floor":4,"key":"Poison Potion"},{"floor":11,"key":"Ancient Potion"},{"floor":13,"key":"GamblersBrew"},{"floor":25,"key":"SneckoOil"},{"floor":35,"key":"Weak Potion"},{"floor":48,"key":"Explosive Potion"}],"is_trial":false,"path_per_floor":["M","M","?","M","?","R","M","$","T","M","M","R","E","$","R","B",null,"M","?","$","?","$","E","R","M","T","E","R","?","R","M","R","B",null,"M","M","M","$","M","$","R","?","T","M","R","M","E","M","R","B",null,"R","$","E","B",null],"character_chosen":"THE_SILENT","items_purchased":["AttackPotion","Deadly Poison+1","Footwork","Paper Crane","Noxious Fumes","GhostInAJar"],"campfire_rested":5,"item_purchase_floors":[8,14,14,38,38,53],"current_hp_per_floor":[66,66,55,54,54,54,48,48,48,47,47,47,28,28,49,8,57,56,56,56,56,56,33,54,54,54,53,53,53,53,53,53,32,63,54,41,41,41,41,41,62,62,62,58,58,58,34,24,45,34,63,73,73,51,66],"gold":57,"neow_bonus":"RANDOM_COMMON_RELIC","is_prod":false,"is_daily":false,"chose_seed":false,"campfire_upgraded":5,"win_rate":0,"timestamp":1554170607,"path_taken":["M","M","?","M","?","R","?","?","T","?","M","R","E","$","R","BOSS","M","?","$","?","$","E","R","M","T","E","R","?","R","?","R","BOSS","M","?","M","$","M","$","R","?","T","M","R","M","E","M","R","BOSS","R","$","E","BOSS"],"build_version":"2019-03-15","purchased_purges":1,"victory":true,"max_hp_per_floor":[73,73,73,73,73,73,73,73,73,73,73,73,73,73,73,73,73,73,73,73,73,73,73,73,73,73,73,73,73,73,73,73,73,73,73,73,73,73,73,73,73,73,73,73,73,73,73,73,73,73,73,73,73,73,73],"card_choices":[{"not_picked":["Acrobatics","Accuracy","Reflex"],"picked":"SKIP","floor":1},{"not_picked":["Sucker Punch","Dodge and Roll"],"picked":"Poisoned Stab","floor":2},{"not_picked":["Poisoned Stab","Backflip"],"picked":"Dagger Throw","floor":4},{"not_picked":["Escape Plan","Dagger Throw"],"picked":"PiercingWail","floor":7},{"not_picked":["Backflip+1","Poisoned Stab"],"picked":"Well Laid Plans","floor":10},{"not_picked":["Backflip+1","Setup+1"],"picked":"Catalyst+1","floor":11},{"not_picked":["Finisher","Phantasmal Killer+1","Underhanded Strike"],"picked":"SKIP","floor":13},{"not_picked":["After Image","Doppelganger+1"],"picked":"Malaise+1","floor":16},{"not_picked":["Bane","Distraction+1"],"picked":"Catalyst+1","floor":18},{"not_picked":["Slice","Dagger Spray"],"picked":"Deadly Poison+1","floor":23},{"not_picked":["Finisher","Reflex+1","Flying Knee"],"picked":"SKIP","floor":25},{"not_picked":["Heel Hook","Calculated Gamble+1"],"picked":"Crippling Poison+1","floor":27},{"not_picked":["Masterful Stab","Underhanded Strike"],"picked":"Acrobatics+1","floor":31},{"not_picked":["Storm of Steel+1","Glass Knife"],"picked":"Doppelganger+1","floor":33},{"not_picked":["Acrobatics+1","Skewer"],"picked":"Escape Plan+1","floor":35},{"not_picked":["Cloak And Dagger+1","Tactician+1","Heel Hook"],"picked":"SKIP","floor":36},{"not_picked":["Riddle With Holes","Bane+1","Accuracy"],"picked":"SKIP","floor":37},{"not_picked":["Slice","Flying Knee"],"picked":"Deadly Poison+1","floor":39},{"not_picked":["Endless Agony","Eviscerate"],"picked":"Blur+1","floor":44},{"not_picked":["Expertise+1","Riddle With Holes","Quick Slash"],"picked":"SKIP","floor":46},{"not_picked":["Outmaneuver+1","Acrobatics+1","Expertise+1"],"picked":"SKIP","floor":47},{"not_picked":["Flying Knee","Slice","PiercingWail+1"],"picked":"Backflip+1","floor":48},{"not_picked":["Infinite Blades","Dagger Throw","Deflect+1"],"picked":"PiercingWail+1","floor":54}],"player_experience":2341011,"relics_obtained":[{"floor":9,"key":"Toxic Egg 2"},{"floor":13,"key":"Nunchaku"},{"floor":23,"key":"Omamori"},{"floor":27,"key":"Lantern"},{"floor":43,"key":"Bottled Flame"},{"floor":47,"key":"Question Card"},{"floor":54,"key":"Pantograph"}],"event_choices":[{"damage_healed":0,"gold_gain":75,"player_choice":"Gather Gold","damage_taken":11,"max_hp_gain":0,"max_hp_loss":0,"event_name":"World of Goop","floor":3,"gold_loss":0},{"cards_removed":["Strike_G"],"damage_healed":0,"gold_gain":0,"player_choice":"Offered Basic","damage_taken":0,"max_hp_gain":0,"max_hp_loss":0,"event_name":"Bonfire Elementals","floor":5,"gold_loss":0},{"cards_removed":["Strike_G"],"damage_healed":0,"gold_gain":0,"player_choice":"Gave Gold","damage_taken":0,"max_hp_gain":0,"max_hp_loss":0,"event_name":"Beggar","floor":19,"gold_loss":75},{"damage_healed":0,"gold_gain":0,"player_choice":"Simplicity","damage_taken":0,"max_hp_gain":0,"max_hp_loss":0,"event_name":"Back to Basics","floor":21,"gold_loss":0,"cards_upgraded":["Defend_G","Defend_G","Defend_G","Defend_G","Defend_G","Strike_G","Strike_G"]},{"damage_healed":0,"gold_gain":50,"player_choice":"Stole From Cult","damage_taken":0,"max_hp_gain":0,"max_hp_loss":0,"event_name":"Nest","floor":29,"gold_loss":0},{"cards_removed":["Poisoned Stab"],"damage_healed":0,"gold_gain":0,"player_choice":"Removed Attack","damage_taken":0,"max_hp_gain":0,"max_hp_loss":0,"event_name":"Falling","floor":42,"gold_loss":0}],"is_beta":true,"boss_relics":[{"not_picked":["Philosopher\u0027s Stone","Runic Dome"],"picked":"Velvet Choker"},{"not_picked":["Sozu","Orrery"],"picked":"Lizard Tail"}],"items_purged_floors":[8],"is_endless":false,"potions_floor_spawned":[4,11,13,25,35,37,44,48],"ascension_level":15}