{"gold_per_floor":[119,119,137,151,165,165,199,199,223,24,24,38,38,48,48,121,121,135,51,63,63,13,13,44,44],"floor_reached":25,"playtime":1278,"items_purged":[],"score":442,"play_id":"9c664380-eae5-4cb2-b4d5-7252b57c2782","local_time":"20190407143021","is_ascension_mode":true,"campfire_choices":[{"data":"Inflame","floor":6,"key":"SMITH"},{"data":"Bash","floor":13,"key":"SMITH"},{"data":"Clothesline","floor":15,"key":"SMITH"},{"floor":23,"key":"REST"}],"neow_cost":"NONE","seed_source_timestamp":533093073697812,"circlet_count":0,"master_deck":["AscendersBane","Strike_R+1","Strike_R","Strike_R","Strike_R","Defend_R+1","Defend_R","Defend_R","Defend_R","Bash+1","Inflame+1","Seeing Red","Clothesline+1","Pummel","Wild Strike","True Grit+1","Evolve","Pommel Strike","Feed+1","Shrug It Off","Shrug It Off"],"relics":["Burning Blood","War Paint","Juzu Bracelet","Bronze Scales","Blood Vial","Mercury Hourglass","Black Star","PreservedInsect","Whetstone"],"potions_floor_usage":[5,5,7,16,20,24,25],"damage_taken":[{"damage":7,"enemies":"2 Louse","floor":1,"turns":3},{"damage":0,"enemies":"Cultist","floor":3,"turns":3},{"damage":4,"enemies":"Jaw Worm","floor":4,"turns":3},{"damage":18,"enemies":"Exordium Thugs","floor":5,"turns":3},{"damage":38,"enemies":"3 Sentries","floor":7,"turns":6},{"damage":10,"enemies":"2 Fungi Beasts","floor":12,"turns":2},{"damage":0,"enemies":"Exordium Wildlife","floor":14,"turns":2},{"damage":8,"enemies":"Hexaghost","floor":16,"turns":7},{"damage":23,"enemies":"3 Byrds","floor":18,"turns":5},{"damage":34,"enemies":"2 Thieves","floor":20,"turns":5},{"damage":31,"enemies":"Colosseum Slavers","floor":21,"turns":4},{"damage":43,"enemies":"Book of Stabbing","floor":24,"turns":5},{"damage":21,"enemies":"Snake Plant","floor":25,"turns":2}],"seed_played":"-1572669705984536335","potions_obtained":[{"floor":0,"key":"Regen Potion"},{"floor":0,"key":"Strength Potion"},{"floor":0,"key":"Strength Potion"},{"floor":3,"key":"PowerPotion"},{"floor":5,"key":"Fire Potion"},{"floor":7,"key":"Ancient Potion"},{"floor":12,"key":"AttackPotion"},{"floor":18,"key":"EssenceOfSteel"},{"floor":24,"key":"Regen Potion"}],"is_trial":false,"path_per_floor":["M","?","M","M","M","R","E","?","T","$","?","M","R","M","R","B",null,"M","$","M","?","$","R","E","M"],"character_chosen":"IRONCLAD","items_purchased":["Evolve","Blood Vial","Regen Potion","Shrug It Off"],"campfire_rested":1,"item_purchase_floors":[10,10,19,22],"current_hp_per_floor":[67,67,73,75,63,63,31,31,31,31,20,18,18,26,26,26,63,51,51,39,19,19,43,8,0],"gold":44,"neow_bonus":"THREE_SMALL_POTIONS","is_prod":false,"is_daily":false,"chose_seed":false,"campfire_upgraded":3,"win_rate":0,"timestamp":1554661821,"path_taken":["M","?","?","M","M","R","E","?","T","?","?","M","R","M","R","BOSS","M","$","M","?","?","R","E","M"],"build_version":"2019-01-23","purchased_purges":0,"victory":false,"max_hp_per_floor":[75,75,75,75,75,75,75,75,75,75,75,75,75,75,75,75,75,78,78,78,81,81,81,81,81],"card_choices":[{"not_picked":["Combust","Entrench"],"picked":"Inflame","floor":1},{"not_picked":["Perfected Strike","Body Slam"],"picked":"Clothesline","floor":3},{"not_picked":["Iron Wave","Pommel Strike"],"picked":"Pummel","floor":4},{"not_picked":["Perfected Strike","Anger"],"picked":"Wild Strike","floor":5},{"not_picked":["Combust","Exhume"],"picked":"True Grit","floor":7},{"not_picked":["Wild Strike","Seeing Red"],"picked":"Pommel Strike","floor":12},{"not_picked":["Flex","Perfected Strike","Fire Breathing"],"picked":"SKIP","floor":14},{"not_picked":["Fiend Fire","Impervious"],"picked":"Feed","floor":16},{"not_picked":["Armaments","Rage","Evolve"],"picked":"SKIP","floor":18},{"not_picked":["Headbutt","Corruption","Cleave"],"picked":"SKIP","floor":20},{"not_picked":["True Grit","Reckless Charge"],"picked":"Shrug It Off","floor":24}],"player_experience":1700032,"relics_obtained":[{"floor":7,"key":"War Paint"},{"floor":9,"key":"Bronze Scales"},{"floor":24,"key":"PreservedInsect"},{"floor":24,"key":"Whetstone"}],"event_choices":[{"damage_healed":0,"gold_gain":0,"cards_transformed":["Strike_R"],"player_choice":"Transformed","damage_taken":0,"max_hp_gain":0,"max_hp_loss":0,"event_name":"Transmorgrifier","floor":2,"gold_loss":0,"cards_obtained":["Seeing Red"]},{"damage_healed":0,"gold_gain":0,"player_choice":"Gave Potion","damage_taken":0,"relics_obtained":["Juzu Bracelet"],"max_hp_gain":0,"max_hp_loss":0,"event_name":"WeMeetAgain","floor":8,"gold_loss":0},{"damage_healed":0,"gold_gain":0,"player_choice":"Success","damage_taken":11,"relics_obtained":["Mercury Hourglass"],"max_hp_gain":0,"max_hp_loss":0,"event_name":"Scrap Ooze","floor":11,"gold_loss":0},{"damage_healed":0,"gold_gain":0,"player_choice":"Fight","damage_taken":0,"max_hp_gain":0,"max_hp_loss":0,"event_name":"Colosseum","floor":21,"gold_loss":0},{"damage_healed":0,"gold_gain":0,"player_choice":"Fled From Nobs","damage_taken":0,"max_hp_gain":0,"max_hp_loss":0,"event_name":"Colosseum","floor":21,"gold_loss":0}],"is_beta":false,"boss_relics":[{"not_picked":["Lizard Tail","Astrolabe"],"picked":"Black Star"}],"items_purged_floors":[],"is_endless":false,"potions_floor_spawned":[3,5,7,12,18,21,24],"killed_by":"Snake Plant","ascension_level":20}