{"path_per_floor":["M","M","?","M","$","R","M","R","T","M","M","M","?","M","R","B",null,"M","?","M","M","?","R","M","R","T","R","$","M","$","M","R"],"character_chosen":"THE_SILENT","items_purchased":["Footwork","Finesse","Blur","Swift Potion","Block Potion","Bouncing Flask"],"gold_per_floor":[114,133,208,226,53,53,73,73,73,83,100,115,115,129,129,229,229,241,241,253,264,264,264,277,277,277,277,27,43,8,20,20,20],"floor_reached":33,"campfire_rested":0,"playtime":1934,"current_hp_per_floor":[68,68,57,54,54,54,54,54,54,54,54,54,54,54,54,39,70,68,68,49,5,28,28,27,27,27,27,27,27,27,25,25,0],"items_purged":["Strike_G"],"gold":20,"score":243,"play_id":"a0e93857-4ca8-43ca-a136-d5d35a3ee95b","local_time":"20180408160922","is_prod":false,"is_daily":false,"is_ascension_mode":false,"campfire_upgraded":7,"timestamp":1523218162,"path_taken":["M","M","?","M","$","R","M","R","T","?","M","M","?","M","R","BOSS","M","?","M","M","?","R","?","R","T","R","?","M","$","M","R","BOSS"],"build_version":"2018-04-05v2","purchased_purges":2,"victory":false,"master_deck":["Defend_G","Defend_G","Defend_G","Defend_G","Defend_G","Strike_G","Strike_G","Strike_G","Strike_G","Survivor","Neutralize","Expertise+1","Malaise","Burst+1","Footwork+1","Finesse","Skewer","Calculated Gamble","Noxious Fumes+1","Catalyst+1","Corpse Explosion+1","Deadly Poison","Malaise","Blur","Bouncing Flask+1","Calculated Gamble+1"],"max_hp_per_floor":[70,70,70,70,70,70,70,70,70,70,70,70,70,70,70,70,70,70,70,70,70,70,70,70,70,70,70,70,70,70,70,70,70],"relics":["Philosopher\u0027s Stone"],"card_choices":[{"not_picked":["Predator","Skewer"],"picked":"Expertise","floor":1},{"not_picked":["Concentrate","Dagger Throw"],"picked":"Malaise","floor":2},{"not_picked":["Crippling Poison","Cloak And Dagger"],"picked":"Burst","floor":4},{"not_picked":["Backflip","Cloak And Dagger"],"picked":"Skewer","floor":10},{"not_picked":["Deflect","Riddle With Holes"],"picked":"Calculated Gamble","floor":11},{"not_picked":["Outmaneuver","Accuracy"],"picked":"Noxious Fumes","floor":12},{"not_picked":["Heel Hook","Bouncing Flask"],"picked":"Catalyst","floor":14},{"not_picked":["Venomology","Grand Finale"],"picked":"Corpse Explosion","floor":16},{"not_picked":["Sucker Punch","Prepared"],"picked":"Deadly Poison","floor":20},{"not_picked":["PiercingWail","Outmaneuver"],"picked":"Malaise","floor":21},{"not_picked":["Bane","Slice"],"picked":"Calculated Gamble","floor":31}],"player_experience":762134,"potions_floor_usage":[16,18,18,20,29,31,31],"damage_taken":[{"damage":2,"enemies":"Jaw Worm","floor":1,"turns":6},{"damage":0,"enemies":"Small Slimes","floor":2,"turns":4},{"damage":3,"enemies":"Cultist","floor":4,"turns":5},{"damage":0,"enemies":"Large Slime","floor":7,"turns":13},{"damage":0,"enemies":"Blue Slaver","floor":10,"turns":6},{"damage":0,"enemies":"2 Fungi Beasts","floor":11,"turns":4},{"damage":0,"enemies":"Looter","floor":12,"turns":4},{"damage":0,"enemies":"3 Louse","floor":14,"turns":4},{"damage":15,"enemies":"Slime Boss","floor":16,"turns":12},{"damage":2,"enemies":"Chosen","floor":18,"turns":10},{"damage":19,"enemies":"3 Byrds","floor":20,"turns":6},{"damage":44,"enemies":"Slaver and Parasite","floor":21,"turns":10},{"damage":1,"enemies":"Snecko","floor":24,"turns":8},{"damage":0,"enemies":"Centurion and Healer","floor":29,"turns":7},{"damage":2,"enemies":"Cultist and Chosen","floor":31,"turns":8},{"damage":26,"enemies":"Automaton","floor":33,"turns":4}],"event_choices":[{"event_name":"World of Goop","player_choice":"Gather Gold","floor":3,"damage_taken":0},{"event_name":"Scrap Ooze","player_choice":"unsuccessful","floor":13,"damage_taken":0},{"event_name":"Addict","player_choice":"Ignored","floor":19,"damage_taken":0},{"event_name":"The Library","player_choice":"Heal","floor":22,"damage_taken":0}],"boss_relics":[{"not_picked":["Orrery","Tiny House","Pandora\u0027s Box"]}],"potions_floor_spawned":[1,2,10,11,14,18,24,31],"seed_played":"-4349032477616227994","killed_by":"Automaton","ascension_level":0,"is_trial":false}