{"gold_per_floor":[110,122,139,64,64,64,91,111,111,127,127,152,171,182,182,257,257,267,278,193,204,204,222,222],"floor_reached":24,"playtime":1256,"items_purged":[],"score":392,"play_id":"00e8a144-632f-42d6-85b0-c7e565bbb4f8","local_time":"20190311022924","is_ascension_mode":true,"campfire_choices":[{"data":"Bash","floor":6,"key":"SMITH"},{"data":"Armaments","floor":11,"key":"SMITH"},{"data":"Offering","floor":15,"key":"SMITH"}],"neow_cost":"NONE","seed_source_timestamp":659696435189324,"circlet_count":0,"master_deck":["AscendersBane","Strike_R","Strike_R","Strike_R","Strike_R","Defend_R","Defend_R","Defend_R","Defend_R","Bash+1","Panacea","Clothesline","Thunderclap","Cleave+1","Uppercut","Armaments+1","Wild Strike","Reckless Charge","Offering+1","Double Tap","Fire Breathing","Fire Breathing"],"relics":["Burning Blood","Pear","Kunai","Happy Flower","Black Star","Vajra"],"potions_floor_usage":[7,8,12,12,12,13,14,23,23],"damage_taken":[{"damage":5,"enemies":"Small Slimes","floor":1,"turns":3},{"damage":11,"enemies":"Jaw Worm","floor":2,"turns":4},{"damage":6,"enemies":"Cultist","floor":3,"turns":3},{"damage":30,"enemies":"Lagavulin","floor":7,"turns":6},{"damage":9,"enemies":"Blue Slaver","floor":8,"turns":3},{"damage":9,"enemies":"2 Fungi Beasts","floor":10,"turns":2},{"damage":21,"enemies":"3 Sentries","floor":12,"turns":5},{"damage":0,"enemies":"Red Slaver","floor":13,"turns":1},{"damage":13,"enemies":"Lots of Slimes","floor":14,"turns":2},{"damage":33,"enemies":"The Guardian","floor":16,"turns":12},{"damage":21,"enemies":"Shell Parasite","floor":18,"turns":4},{"damage":27,"enemies":"Spheric Guardian","floor":19,"turns":5},{"damage":15,"enemies":"Centurion and Healer","floor":21,"turns":5},{"damage":19,"enemies":"Sentry and Sphere","floor":23,"turns":4},{"damage":26,"enemies":"Gremlin Leader","floor":24,"turns":7}],"seed_played":"774548301675631667","potions_obtained":[{"floor":2,"key":"BloodPotion"},{"floor":7,"key":"AttackPotion"},{"floor":10,"key":"EntropicBrew"},{"floor":12,"key":"AttackPotion"},{"floor":13,"key":"SkillPotion"},{"floor":21,"key":"Strength Potion"},{"floor":22,"key":"Fire Potion"}],"is_trial":false,"path_per_floor":["M","M","M","?","?","R","E","M","T","M","R","E","M","M","R","B",null,"M","M","?","M","?","M","E"],"character_chosen":"IRONCLAD","items_purchased":[],"campfire_rested":0,"item_purchase_floors":[],"current_hp_per_floor":[69,64,64,64,64,64,57,54,54,51,51,44,50,43,43,16,68,53,32,32,23,23,10,0],"gold":222,"neow_bonus":"RANDOM_COLORLESS","is_prod":false,"is_daily":false,"chose_seed":false,"campfire_upgraded":3,"win_rate":0,"timestamp":1552285764,"path_taken":["M","M","M","?","?","R","E","M","T","M","R","E","M","M","R","BOSS","M","M","?","M","?","?","E"],"build_version":"2019-01-23","purchased_purges":0,"victory":false,"max_hp_per_floor":[75,75,75,75,75,75,85,85,85,85,85,85,85,85,85,85,85,85,85,85,85,85,85,85],"card_choices":[{"not_picked":["Anger","Warcry"],"picked":"Clothesline","floor":1},{"not_picked":["Infernal Blade","Headbutt"],"picked":"Thunderclap","floor":2},{"not_picked":["Armaments","Anger"],"picked":"Cleave","floor":3},{"not_picked":["Anger","Rupture"],"picked":"Uppercut","floor":7},{"not_picked":["Flex","Carnage","Sword Boomerang"],"picked":"SKIP","floor":8},{"not_picked":["Combust","Wild Strike"],"picked":"Armaments","floor":10},{"not_picked":["Infernal Blade","Rupture"],"picked":"Wild Strike","floor":12},{"not_picked":["Corruption","Twin Strike"],"picked":"Reckless Charge","floor":13},{"not_picked":["Headbutt","Combust"],"picked":"Offering","floor":14},{"not_picked":["Limit Break","Barricade"],"picked":"Double Tap","floor":16},{"not_picked":["Sword Boomerang","Second Wind"],"picked":"Fire Breathing","floor":18},{"not_picked":["Reckless Charge","Warcry","Whirlwind"],"picked":"SKIP","floor":19},{"not_picked":["Shockwave","Cleave"],"picked":"Fire Breathing","floor":21},{"not_picked":["Sword Boomerang","Headbutt","Flex"],"picked":"SKIP","floor":23}],"player_experience":1016942,"relics_obtained":[{"floor":7,"key":"Pear"},{"floor":9,"key":"Kunai"},{"floor":12,"key":"Happy Flower"}],"event_choices":[{"cards_removed":["Strike_R"],"damage_healed":0,"gold_gain":0,"player_choice":"Card Removal","damage_taken":0,"max_hp_gain":0,"max_hp_loss":0,"event_name":"The Cleric","floor":4,"gold_loss":75},{"damage_healed":0,"gold_gain":0,"player_choice":"Grow","damage_taken":0,"max_hp_gain":0,"max_hp_loss":0,"event_name":"Living Wall","floor":5,"gold_loss":0,"cards_upgraded":["Cleave"]},{"damage_healed":0,"gold_gain":0,"player_choice":"Obtained Relic","damage_taken":0,"relics_obtained":["Vajra"],"max_hp_gain":0,"max_hp_loss":0,"event_name":"Addict","floor":20,"gold_loss":85},{"damage_healed":0,"gold_gain":0,"player_choice":"Got Potions","damage_taken":0,"max_hp_gain":0,"max_hp_loss":0,"event_name":"Lab","floor":22,"gold_loss":0}],"is_beta":false,"boss_relics":[{"not_picked":["Runic Pyramid","Pandora\u0027s Box"],"picked":"Black Star"}],"items_purged_floors":[],"is_endless":false,"potions_floor_spawned":[2,7,10,12,13,21],"killed_by":"Gremlin Leader","ascension_level":17}