{"path_per_floor":["M","M","M","M","$","R","E","R","T","?","M","M","R","$","R","B",null,"M","?","M","M","M","R","E","R","T","$","R","E","?","M","R","B",null,"M","?","M","?","T","M","R","M","T","$","$","?","M","M","R","B"],"character_chosen":"IRONCLAD","items_purchased":["Vajra","Bandage Up","Clothesline","Strength Potion","Swift Potion","Ancient Potion","Gremlin Horn","Lantern"],"gold_per_floor":[118,131,148,159,15,15,47,47,100,200,210,221,221,98,98,201,201,218,218,233,252,267,267,302,302,302,153,153,181,181,201,201,300,300,319,319,337,337,414,427,427,444,494,248,23,23,33,49,49,49],"floor_reached":51,"campfire_rested":0,"playtime":2914,"current_hp_per_floor":[72,66,57,50,50,50,56,56,56,56,59,57,57,57,57,27,67,69,69,72,56,50,50,46,46,46,46,46,49,41,39,39,22,66,70,70,76,76,76,76,76,80,80,80,80,80,80,73,73,33],"items_purged":["Fire Breathing"],"gold":49,"score":661,"play_id":"2a3ad280-8560-408f-b8cd-ff87eb29dec1","is_prod":false,"is_daily":false,"is_ascension_mode":true,"campfire_upgraded":10,"path_taken":["M","?","M","?","$","R","E","R","T","?","M","M","R","$","R","BOSS","M","?","M","M","M","R","E","R","T","$","R","E","?","?","R","BOSS","M","?","M","?","?","M","R","?","T","?","$","?","M","M","R","BOSS"],"build_version":"2018-02-15-PROD1","purchased_purges":4,"victory":true,"master_deck":["Strike_R+1","Strike_R+1","Strike_R+1","Strike_R+1","Defend_R+1","Defend_R+1","Defend_R+1","Defend_R+1","Bash+1","Clumsy","Ghostly Armor","Corruption+1","Warcry+1","Infernal Blade+1","Seeing Red","Bandage Up+1","Clothesline+1","Offering+1","Hemokinesis+1","Sentinel+1","Inflame+1","Sword Boomerang+1","Offering+1","Sentinel+1","Reaper+1","Intimidate+1","Entrench+1","Inflame+1","Pummel+1"],"max_hp_per_floor":[80,80,80,80,80,80,80,80,80,80,80,80,80,80,80,80,80,80,80,80,80,80,80,80,80,80,80,80,80,80,80,80,80,80,80,80,80,80,80,80,80,80,80,80,80,80,80,80,80,80],"relics":["Burning Blood","Charon\u0027s Ashes","Vajra","Ancient Tea Set","Tiny Chest","Question Card","Letter Opener","Whetstone","Bag of Preparation","Sozu","Shuriken","Prayer Wheel","Gremlin Horn","Lantern"],"card_choices":[{"not_picked":["Rage","Havoc"],"picked":"Ghostly Armor"},{"not_picked":["Headbutt","Twin Strike"],"picked":"Corruption"},{"not_picked":["Rupture","Burning Pact"],"picked":"Warcry"},{"not_picked":["Heavy Blade","Headbutt"],"picked":"Infernal Blade"},{"not_picked":["Brutality","Twin Strike"],"picked":"Seeing Red"},{"not_picked":["Limit Break","Bludgeon"],"picked":"Offering"},{"not_picked":["Havoc","Dropkick","Heavy Blade"],"picked":"Hemokinesis"},{"not_picked":["Clash","Thunderclap","Wild Strike"],"picked":"Sentinel"},{"not_picked":["Burning Pact","Pommel Strike","Whirlwind"],"picked":"Inflame"},{"not_picked":["Twin Strike","Blood for Blood","Body Slam"],"picked":"Sword Boomerang"},{"not_picked":["Spot Weakness","Flex","Inflame"],"picked":"Offering"},{"not_picked":["Reckless Charge","Flame Barrier","Anger"],"picked":"Sentinel"},{"not_picked":["Immolate","Bludgeon","Brutality"],"picked":"Reaper"},{"not_picked":["Havoc","Twin Strike","Wild Strike"],"picked":"Fire Breathing"},{"not_picked":["Cleave","Wild Strike","Bludgeon"],"picked":"Intimidate"},{"not_picked":["Evolve","Corruption","Combust"],"picked":"Entrench"},{"not_picked":["Ghostly Armor","Sword Boomerang","Anger"],"picked":"Inflame"},{"not_picked":["Armaments","Perfected Strike","Iron Wave"],"picked":"Pummel"}],"player_experience":387636,"potions_floor_usage":[7,16,16,16,24,24,29,29,31,33],"damage_taken":[{"damage":6,"enemies":"Cultist","floor":1,"turns":3},{"damage":12,"enemies":"Small Slimes","floor":2,"turns":3},{"damage":15,"enemies":"2 Louse","floor":3,"turns":3},{"damage":13,"enemies":"Blue Slaver","floor":4,"turns":4},{"damage":15,"enemies":"Lagavulin","floor":7,"turns":6},{"damage":3,"enemies":"Gremlin Gang","floor":11,"turns":2},{"damage":8,"enemies":"Red Slaver","floor":12,"turns":3},{"damage":55,"enemies":"Slime Boss","floor":16,"turns":10},{"damage":8,"enemies":"3 Byrds","floor":18,"turns":4},{"damage":7,"enemies":"Chosen","floor":20,"turns":3},{"damage":26,"enemies":"Snake Plant","floor":21,"turns":3},{"damage":16,"enemies":"Centurion and Healer","floor":22,"turns":4},{"damage":16,"enemies":"Book of Stabbing","floor":24,"turns":4},{"damage":9,"enemies":"Slavers","floor":29,"turns":4},{"damage":8,"enemies":"Slaver and Parasite","floor":31,"turns":1},{"damage":29,"enemies":"Collector","floor":33,"turns":4},{"damage":8,"enemies":"3 Shapes","floor":35,"turns":1},{"damage":6,"enemies":"Orb Walker","floor":37,"turns":1},{"damage":16,"enemies":"Maw","floor":40,"turns":5},{"damage":4,"enemies":"Sphere and 2 Shapes","floor":42,"turns":1},{"damage":4,"enemies":"4 Shapes","floor":47,"turns":2},{"damage":13,"enemies":"3 Darklings","floor":48,"turns":2},{"damage":71,"enemies":"Awakened One","floor":50,"turns":6}],"event_choices":[{"event_name":"Golden Shrine","player_choice":"Pray","floor":10,"damage_taken":0},{"event_name":"Back to Basics","player_choice":"Simplicity","floor":19,"damage_taken":0},{"event_name":"Knowing Skull","player_choice":"","floor":30,"damage_taken":0},{"event_name":"Tomb of Lord Red Mask","player_choice":"Ignored","floor":36,"damage_taken":0},{"event_name":"Mysterious Sphere","player_choice":"Ignore","floor":38,"damage_taken":0}],"boss_relics":[{"not_picked":["Tiny House","Cursed Key"],"picked":"Question Card"},{"not_picked":["Snecko Eye","Astrolabe"],"picked":"Sozu"}],"potions_floor_spawned":[1,2,7,12,20,21,29,31,42,48],"seed_played":"-7020403403521990760","ascension_level":6,"is_trial":false}