{"gold_per_floor":[118,138,150,18,18,18,18,43,43,57,57,76,76],"floor_reached":13,"playtime":324,"items_purged":["Strike_G"],"score":170,"play_id":"f5852a42-a1e2-4bcd-9dfc-9fc9259e40de","local_time":"20190127233812","is_ascension_mode":true,"campfire_choices":[{"data":"Neutralize","floor":6,"key":"SMITH"},{"floor":11,"key":"REST"}],"neow_cost":"NONE","seed_source_timestamp":736821841184315,"circlet_count":0,"master_deck":["AscendersBane","Defend_G","Defend_G","Defend_G","Defend_G","Defend_G","Strike_G","Strike_G","Strike_G","Strike_G","Survivor","Neutralize+1","Impatience","Cloak And Dagger","Caltrops","Dagger Spray","Cloak And Dagger","Sucker Punch","Well Laid Plans","Dodge and Roll"],"relics":["Ring of the Snake","Calipers"],"potions_floor_usage":[8,8],"damage_taken":[{"damage":4,"enemies":"2 Louse","floor":1,"turns":4},{"damage":3,"enemies":"Cultist","floor":2,"turns":4},{"damage":1,"enemies":"Small Slimes","floor":3,"turns":4},{"damage":42,"enemies":"Gremlin Nob","floor":8,"turns":6},{"damage":0,"enemies":"2 Fungi Beasts","floor":10,"turns":4},{"damage":8,"enemies":"Blue Slaver","floor":12,"turns":5},{"damage":21,"enemies":"The Mushroom Lair","floor":13,"turns":4}],"seed_played":"-484969909341798724","potions_obtained":[{"floor":1,"key":"GhostInAJar"},{"floor":2,"key":"EntropicBrew"}],"is_trial":false,"path_per_floor":["M","M","M","$","?","R","?","E","T","M","R","M","?"],"character_chosen":"THE_SILENT","items_purchased":["Cloak And Dagger"],"campfire_rested":1,"item_purchase_floors":[4],"current_hp_per_floor":[55,52,51,51,51,51,51,9,9,9,28,20,0],"gold":76,"neow_bonus":"RANDOM_COLORLESS","is_prod":false,"is_daily":false,"chose_seed":false,"campfire_upgraded":1,"win_rate":0,"timestamp":1548657492,"path_taken":["M","M","M","$","?","R","?","E","T","?","R","M","?"],"build_version":"2019-01-23","purchased_purges":1,"victory":false,"max_hp_per_floor":[66,66,66,66,66,66,66,66,66,66,66,66,66],"card_choices":[{"not_picked":["Blade Dance","Skewer"],"picked":"Cloak And Dagger","floor":1},{"not_picked":["Quick Slash","Well Laid Plans"],"picked":"Caltrops","floor":2},{"not_picked":["Reflex","Crippling Poison"],"picked":"Dagger Spray","floor":3},{"not_picked":["Slice","Expertise"],"picked":"Sucker Punch","floor":8},{"not_picked":["Backflip","Backstab"],"picked":"Well Laid Plans","floor":10},{"not_picked":["Dagger Throw","Sucker Punch"],"picked":"Dodge and Roll","floor":12}],"player_experience":1047025,"relics_obtained":[{"floor":8,"key":"Calipers"}],"event_choices":[{"damage_healed":0,"gold_gain":0,"player_choice":"Ignored","damage_taken":0,"max_hp_gain":0,"max_hp_loss":0,"event_name":"Liars Game","floor":5,"gold_loss":0},{"damage_healed":0,"gold_gain":0,"player_choice":"0 cards matched","damage_taken":0,"max_hp_gain":0,"max_hp_loss":0,"event_name":"Match and Keep!","floor":7,"gold_loss":0,"cards_obtained":[]},{"damage_healed":0,"gold_gain":0,"player_choice":"Fought Mushrooms","damage_taken":0,"max_hp_gain":0,"max_hp_loss":0,"event_name":"Mushrooms","floor":13,"gold_loss":0}],"is_beta":true,"boss_relics":[],"items_purged_floors":[4],"is_endless":false,"potions_floor_spawned":[1,2],"killed_by":"The Mushroom Lair","ascension_level":20}