{"gold_per_floor":[109,34,50,0,18,18,46,46,73,73],"floor_reached":10,"playtime":385,"items_purged":["Shame"],"score":132,"play_id":"d0cc2383-9957-4236-96f9-dc55aaa5fef5","local_time":"20190429090459","is_ascension_mode":true,"campfire_choices":[{"data":"Whirlwind","floor":6,"key":"SMITH"},{"data":"Bash","floor":8,"key":"SMITH"}],"neow_cost":"CURSE","seed_source_timestamp":572875483670227,"circlet_count":0,"master_deck":["AscendersBane","Strike_R","Strike_R","Strike_R","Strike_R","Strike_R","Defend_R","Defend_R","Defend_R","Defend_R","Bash+1","Offering","Whirlwind+1","Shockwave","Exhume","Juggernaut"],"special_seed":0,"relics":["Burning Blood","Strawberry","Unceasing Top","Anchor"],"potions_floor_usage":[10,10],"damage_taken":[{"damage":20.0,"enemies":"Jaw Worm","floor":1.0,"turns":4.0},{"damage":6.0,"enemies":"Cultist","floor":3.0,"turns":3.0},{"damage":6,"enemies":"2 Louse","floor":5,"turns":1},{"damage":49,"enemies":"Lagavulin","floor":7,"turns":6},{"damage":39,"enemies":"Gremlin Nob","floor":10,"turns":3}],"seed_played":"6734893670727876200","potions_obtained":[{"floor":1.0,"key":"PowerPotion"},{"floor":7,"key":"GamblersBrew"}],"is_trial":false,"path_per_floor":["M","$","M","?","M","R","E","R","T","E"],"character_chosen":"IRONCLAD","items_purchased":[],"campfire_rested":0,"item_purchase_floors":[],"current_hp_per_floor":[54,54,54,61,61,61,18,18,18,0],"gold":73,"neow_bonus":"THREE_RARE_CARDS","is_prod":false,"is_daily":false,"chose_seed":false,"campfire_upgraded":2,"win_rate":0,"timestamp":1556543099,"path_taken":["M","$","M","?","?","R","E","R","T","E"],"build_version":"2019-01-23","purchased_purges":1,"victory":false,"max_hp_per_floor":[75,75,75,82,82,82,82,82,82,82],"card_choices":[{"not_picked":["Feed","Exhume"],"picked":"Offering","floor":0.0},{"not_picked":["Warcry","Heavy Blade"],"picked":"Whirlwind","floor":1.0},{"not_picked":["Twin Strike","Sever Soul"],"picked":"Shockwave","floor":3.0},{"not_picked":["Thunderclap","Burning Pact"],"picked":"Exhume","floor":5},{"not_picked":["Inflame","Brutality"],"picked":"Juggernaut","floor":7}],"player_experience":2093474,"relics_obtained":[{"floor":7,"key":"Unceasing Top"},{"floor":9,"key":"Anchor"}],"event_choices":[{"damage_healed":0.0,"max_hp_gain":0.0,"max_hp_loss":0.0,"gold_gain":0.0,"event_name":"WeMeetAgain","player_choice":"Paid Gold","floor":4.0,"gold_loss":50.0,"damage_taken":0.0,"relics_obtained":["Strawberry"]}],"is_beta":false,"boss_relics":[],"items_purged_floors":[2],"is_endless":false,"potions_floor_spawned":[1,7],"killed_by":"Gremlin Nob","ascension_level":20}