{"gold_per_floor":[17,27,38,38,38,38,68,68,119,138,138,152,152,227,227,328,328,346,621,635,118,118,118],"floor_reached":23,"playtime":769,"items_purged":["Regret"],"score":246,"play_id":"d6af2e37-f13b-42dd-98e9-f1c28162ebfb","local_time":"20190313021802","is_ascension_mode":true,"campfire_choices":[{"data":"Zap","floor":6,"key":"SMITH"},{"data":"Redo","floor":8,"key":"SMITH"},{"data":"Dualcast","floor":11,"key":"SMITH"},{"data":"Go for the Eyes","floor":13,"key":"SMITH"},{"data":"All For One","floor":15,"key":"SMITH"}],"neow_cost":"NO_GOLD","seed_source_timestamp":832330118389947,"circlet_count":0,"master_deck":["Strike_B","Strike_B","Defend_B","Defend_B","Defend_B","Defend_B","Zap+1","Dualcast+1","Go for the Eyes+1","Conserve Battery","All For One+1","Decay","Redo+1","Rebound","Gash","Seek","Leap+1","Scrape+1","Chrysalis","Storm","Force Field","RitualDagger"],"relics":["Cracked Core","Happy Flower","Boot","Snecko Eye","Juzu Bracelet"],"potions_floor_usage":[7],"damage_taken":[{"damage":1,"enemies":"Cultist","floor":1,"turns":4},{"damage":4,"enemies":"Jaw Worm","floor":2,"turns":3},{"damage":5,"enemies":"2 Louse","floor":3,"turns":3},{"damage":15,"enemies":"Lagavulin","floor":7,"turns":7},{"damage":10,"enemies":"2 Fungi Beasts","floor":10,"turns":3},{"damage":9,"enemies":"Red Slaver","floor":12,"turns":3},{"damage":2,"enemies":"Slime Boss","floor":16,"turns":5},{"damage":26,"enemies":"2 Thieves","floor":18,"turns":4},{"damage":3,"enemies":"Spheric Guardian","floor":20,"turns":3},{"damage":34,"enemies":"Slavers","floor":23,"turns":2}],"seed_played":"-6699849142044691830","potions_obtained":[{"floor":1,"key":"Fire Potion"},{"floor":10,"key":"FairyPotion"}],"is_trial":false,"path_per_floor":["M","M","M","?","$","R","E","R","T","M","R","M","R","?","R","B",null,"M","?","M","$","?","E"],"character_chosen":"DEFECT","items_purchased":["Chrysalis","Juzu Bracelet","Storm","Force Field"],"campfire_rested":0,"item_purchase_floors":[21,21,21,21],"current_hp_per_floor":[67,63,58,58,58,58,43,43,43,33,33,24,24,13,13,11,59,33,33,30,30,24,0],"gold":118,"neow_bonus":"REMOVE_TWO","is_prod":false,"is_daily":false,"chose_seed":false,"campfire_upgraded":5,"win_rate":0,"timestamp":1552457882,"path_taken":["M","M","?","?","$","R","E","R","T","?","R","M","R","?","R","BOSS","M","?","?","$","?","E"],"build_version":"2019-01-23","purchased_purges":1,"victory":false,"max_hp_per_floor":[75,75,75,75,75,75,75,75,75,75,75,75,75,75,75,75,75,75,75,75,75,75,75],"card_choices":[{"not_picked":["Recycle","Barrage"],"picked":"Go for the Eyes","floor":1},{"not_picked":["Barrage","Go for the Eyes"],"picked":"Conserve Battery","floor":2},{"not_picked":["Conserve Battery","Steam"],"picked":"All For One","floor":3},{"not_picked":["Auto Shields","Hologram"],"picked":"Redo","floor":7},{"not_picked":["Hologram","Compile Driver"],"picked":"Rebound","floor":10},{"not_picked":["Sweeping Beam","Skim"],"picked":"Gash","floor":12},{"not_picked":["Biased Cognition","Buffer"],"picked":"Seek","floor":16},{"not_picked":["Streamline","Steam+1"],"picked":"Leap+1","floor":18},{"not_picked":["Rebound+1","Steam Power"],"picked":"Scrape+1","floor":20}],"player_experience":1069300,"relics_obtained":[{"floor":7,"key":"Happy Flower"},{"floor":9,"key":"Boot"}],"event_choices":[{"damage_healed":0,"gold_gain":0,"player_choice":"Cursed","damage_taken":0,"max_hp_gain":0,"max_hp_loss":0,"event_name":"Wheel of Change","floor":4,"gold_loss":0,"cards_obtained":["Decay"]},{"damage_healed":0,"gold_gain":75,"player_choice":"Gather Gold","damage_taken":11,"max_hp_gain":0,"max_hp_loss":0,"event_name":"World of Goop","floor":14,"gold_loss":0},{"damage_healed":0,"gold_gain":275,"player_choice":"Desecrate","damage_taken":0,"max_hp_gain":0,"max_hp_loss":0,"event_name":"Golden Shrine","floor":19,"gold_loss":0,"cards_obtained":["Regret"]},{"damage_healed":0,"gold_gain":0,"player_choice":"Joined the Cult","damage_taken":6,"max_hp_gain":0,"max_hp_loss":0,"event_name":"Nest","floor":22,"gold_loss":0,"cards_obtained":["RitualDagger"]}],"is_beta":false,"boss_relics":[{"not_picked":["Velvet Choker","Runic Pyramid"],"picked":"Snecko Eye"}],"items_purged_floors":[21],"is_endless":false,"potions_floor_spawned":[1,10],"killed_by":"Slavers","ascension_level":6}