{"path_per_floor":["M","M","M","$","?","R","M","R","T","E","M","M","E","T","R","B",null,"M","?","M","M","?","E","?","?","T","M","M","R","M","M","R"],"character_chosen":"IRONCLAD","items_purchased":["Inflame"],"gold_per_floor":[118,133,146,74,74,74,94,94,94,129,141,156,189,189,189,292,292,312,312,332,344,344,377,377,292,292,311,327,327,340,350,350],"floor_reached":33,"campfire_rested":0,"playtime":2577,"current_hp_per_floor":[80,79,80,80,80,80,80,80,80,63,60,50,55,55,55,28,80,80,80,78,75,75,50,90,90,90,87,78,78,84,71,71],"items_purged":[],"gold":350,"score":281,"play_id":"915e0e48-70af-4e4b-b61c-63e3987427a1","is_prod":false,"is_daily":false,"is_ascension_mode":false,"campfire_upgraded":5,"path_taken":["M","M","?","$","?","R","M","R","T","E","M","M","E","?","R","BOSS","M","?","M","?","?","E","?","?","T","M","M","R","?","M","R","BOSS"],"build_version":"2018-02-15-PROD1","purchased_purges":1,"victory":false,"master_deck":["Strike_R+1","Strike_R+1","Strike_R+1","Strike_R+1","Strike_R+1","Defend_R+1","Defend_R+1","Defend_R+1","Defend_R+1","Bash+1","Flame Barrier+1","Ghostly Armor","Power Through","Inflame+1","Heavy Blade+1","Thunderclap","Shockwave+1","Evolve+1","Perfected Strike+1","Entrench+1","Seeing Red","Shrug It Off+1","Pommel Strike","Berserk","Wild Strike"],"max_hp_per_floor":[80,80,80,80,80,80,80,80,80,80,80,80,80,80,80,80,80,80,80,80,80,80,80,90,90,90,90,90,90,90,90,90],"relics":["Burning Blood","Shuriken","Letter Opener","Pen Nib","Champion Belt","Question Card","Blue Candle","Bag of Marbles","Anchor"],"card_choices":[{"not_picked":["Body Slam","Perfected Strike"],"picked":"Flame Barrier"},{"not_picked":["Brutality","Searing Blow"],"picked":"Ghostly Armor"},{"not_picked":["Anger","Armaments"],"picked":"Power Through"},{"not_picked":["Perfected Strike","Flame Barrier"],"picked":"Heavy Blade"},{"not_picked":["Wild Strike","Dual Wield"],"picked":"Thunderclap"},{"not_picked":["Shrug It Off","Wild Strike"],"picked":"Shockwave"},{"not_picked":["Immolate","Impervious"],"picked":"Juggernaut"},{"not_picked":["Headbutt","Sword Boomerang","True Grit"],"picked":"Evolve"},{"not_picked":["Cleave","Thunderclap","Headbutt"],"picked":"Perfected Strike"},{"not_picked":["Carnage","Perfected Strike","Rampage"],"picked":"Entrench"},{"not_picked":["True Grit","Dropkick","Disarm"],"picked":"Shrug It Off"},{"not_picked":["Flex","Iron Wave","Shockwave"],"picked":"Pommel Strike"},{"not_picked":["Cleave","Warcry","Disarm"],"picked":"Berserk"},{"not_picked":["Corruption","Pommel Strike","Power Through"],"picked":"Wild Strike"}],"player_experience":268985,"potions_floor_usage":[10,11,16,18,23,23,31,33,33],"damage_taken":[{"damage":6,"enemies":"Cultist","floor":1,"turns":3},{"damage":7,"enemies":"2 Louse","floor":2,"turns":3},{"damage":0,"enemies":"Small Slimes","floor":3,"turns":5},{"damage":1,"enemies":"Exordium Wildlife","floor":7,"turns":4},{"damage":23,"enemies":"Gremlin Nob","floor":10,"turns":4},{"damage":9,"enemies":"Red Slaver","floor":11,"turns":4},{"damage":16,"enemies":"Large Slime","floor":12,"turns":5},{"damage":1,"enemies":"3 Sentries","floor":13,"turns":8},{"damage":33,"enemies":"Hexaghost","floor":16,"turns":11},{"damage":0,"enemies":"Chosen","floor":18,"turns":5},{"damage":8,"enemies":"Shell Parasite","floor":20,"turns":8},{"damage":9,"enemies":"Centurion and Healer","floor":21,"turns":6},{"damage":31,"enemies":"Slavers","floor":23,"turns":5},{"damage":9,"enemies":"Cultist and Chosen","floor":27,"turns":8},{"damage":15,"enemies":"Snake Plant","floor":28,"turns":4},{"damage":0,"enemies":"Snecko","floor":30,"turns":6},{"damage":34,"enemies":"Sentry and Sphere","floor":31,"turns":8},{"damage":71,"enemies":"Champ","floor":33,"turns":12}],"event_choices":[{"event_name":"Living Wall","player_choice":"Grow","floor":5,"damage_taken":0},{"event_name":"Back to Basics","player_choice":"Simplicity","floor":19,"damage_taken":0},{"event_name":"The Library","player_choice":"Read","floor":22,"damage_taken":0},{"event_name":"Bonfire Elementals","player_choice":"RARE","floor":24,"damage_taken":0},{"event_name":"Addict","player_choice":"Obtained Relic","floor":25,"damage_taken":0}],"boss_relics":[{"not_picked":["Velvet Choker","Lizard Tail"],"picked":"Question Card"}],"potions_floor_spawned":[3,10,12,13,16,18,28,30,31],"seed_played":"-3973255413528552733","killed_by":"Champ","ascension_level":0,"is_trial":false}