{"gold_per_floor":[118,136,35,53,66,66,101,101,101,118,138,149,175,175,175,247,247,265,190,208,208,46,46,71,71,71,71,91,109,121,91,91,164,164,178,15,31,131,146,146,156,0,0,12,12],"floor_reached":45,"playtime":2407,"items_purged":[],"score":994,"play_id":"917b014b-06e6-4abd-9a35-fb5d0df5c041","local_time":"20190403010226","is_ascension_mode":true,"campfire_choices":[{"data":"Loop","floor":6.0,"key":"SMITH"},{"floor":8.0,"key":"REST"},{"data":"1","floor":15.0,"key":"LIFT"},{"data":"2","floor":23,"key":"LIFT"},{"data":"3","floor":25,"key":"LIFT"},{"floor":27,"key":"REST"},{"floor":32,"key":"REST"},{"floor":40,"key":"REST"}],"neow_cost":"NONE","seed_source_timestamp":0,"circlet_count":0,"master_deck":["AscendersBane","Strike_B+1","Strike_B","Strike_B","Defend_B","Defend_B","Defend_B","Defend_B","Zap+1","Dualcast","Sweeping Beam","Loop+1","Cold Snap","Conserve Battery","Electrodynamics","Heatsinks","Hologram","Glacier","Coolheaded+1","Echo Form","Coolheaded+1","Darkness","Thunder Strike+1","Steam Power+1","Undo","Creative AI"],"special_seed":0,"relics":["Cracked Core","Mercury Hourglass","FossilizedHelix","Odd Mushroom","Girya","Fusion Hammer","Bronze Scales","Pen Nib","Matryoshka","Sozu","Whetstone","Shovel","Red Mask","Ancient Tea Set"],"potions_floor_usage":[20,24,29,31,45],"damage_taken":[{"damage":0.0,"enemies":"2 Louse","floor":1.0,"turns":2.0},{"damage":4.0,"enemies":"Small Slimes","floor":2.0,"turns":3.0},{"damage":12.0,"enemies":"Jaw Worm","floor":4.0,"turns":3.0},{"damage":7.0,"enemies":"Blue Slaver","floor":5.0,"turns":3.0},{"damage":19.0,"enemies":"Gremlin Nob","floor":7.0,"turns":4.0},{"damage":0.0,"enemies":"3 Louse","floor":10.0,"turns":1.0},{"damage":0.0,"enemies":"The Mushroom Lair","floor":11.0,"turns":4.0},{"damage":0.0,"enemies":"Red Slaver","floor":12.0,"turns":3.0},{"damage":0.0,"enemies":"Lagavulin","floor":13.0,"turns":8.0},{"damage":24.0,"enemies":"Hexaghost","floor":16.0,"turns":8.0},{"damage":6.0,"enemies":"Chosen","floor":18.0,"turns":6.0},{"damage":9,"enemies":"Shell Parasite","floor":20,"turns":7},{"damage":35,"enemies":"Book of Stabbing","floor":24,"turns":5},{"damage":2,"enemies":"Centurion and Healer","floor":28,"turns":5},{"damage":0,"enemies":"Chosen and Byrds","floor":29,"turns":4},{"damage":11,"enemies":"Snake Plant","floor":30,"turns":4},{"damage":16,"enemies":"Champ","floor":33,"turns":11},{"damage":13,"enemies":"3 Darklings","floor":35,"turns":4},{"damage":0,"enemies":"Orb Walker","floor":37,"turns":4},{"damage":0,"enemies":"Mind Bloom Boss Battle","floor":38,"turns":6},{"damage":11,"enemies":"4 Shapes","floor":39,"turns":2},{"damage":0,"enemies":"Sphere and 2 Shapes","floor":41,"turns":4},{"damage":14,"enemies":"3 Darklings","floor":44,"turns":3},{"damage":59,"enemies":"Reptomancer","floor":45,"turns":6}],"seed_played":"440829553843402345","potions_obtained":[{"floor":2.0,"key":"Dexterity Potion"},{"floor":4.0,"key":"Ancient Potion"},{"floor":12.0,"key":"Swift Potion"},{"floor":13.0,"key":"SkillPotion"},{"floor":16.0,"key":"EssenceOfSteel"},{"floor":18.0,"key":"PowerPotion"},{"floor":24,"key":"Ancient Potion"},{"floor":29,"key":"Fruit Juice"},{"floor":31,"key":"Strength Potion"},{"floor":31,"key":"SteroidPotion"},{"floor":33,"key":"Swift Potion"}],"is_trial":false,"path_per_floor":["M","M","$","M","M","R","E","R","T","M","?","M","E","?","R","B",null,"M","?","M","?","$","R","E","R","T","R","M","M","M","?","R","B",null,"M","$","M","?","M","R","M","?","T","M","E"],"character_chosen":"DEFECT","items_purchased":["Loop","Cold Snap","Bronze Scales","Whetstone"],"campfire_rested":4,"item_purchase_floors":[3,3,22,36],"current_hp_per_floor":[64,60,60,48,41,41,22,43,43,43,43,43,43,43,43,19,58,52,52,43,57,57,57,22,22,22,43,41,41,30,35,57,41,67,54,54,54,54,43,65,65,65,65,51,0],"gold":12,"neow_bonus":"UPGRADE_CARD","is_prod":false,"is_daily":false,"chose_seed":false,"campfire_upgraded":1,"win_rate":0,"timestamp":1554267746,"path_taken":["M","M","$","M","M","R","E","R","T","M","?","M","E","?","R","BOSS","M","?","M","?","$","R","E","R","T","R","M","M","M","?","R","BOSS","M","?","?","?","M","R","M","?","T","M","E"],"build_version":"2019-01-23","purchased_purges":0,"victory":false,"max_hp_per_floor":[71,71,71,71,71,71,71,71,71,71,71,71,71,71,71,71,71,71,71,71,71,71,71,71,71,71,71,71,71,71,76,76,76,76,76,76,76,76,76,76,76,76,76,76,76],"card_choices":[{"not_picked":["Stack","Redo","Blizzard"],"picked":"SKIP","floor":1.0},{"not_picked":["Barrage","Turbo"],"picked":"Sweeping Beam","floor":2.0},{"not_picked":["Chaos","Beam Cell"],"picked":"Conserve Battery","floor":4.0},{"not_picked":["Streamline","Coolheaded"],"picked":"Electrodynamics","floor":5.0},{"not_picked":["Stack","Streamline"],"picked":"Heatsinks","floor":7.0},{"not_picked":["Beam Cell","Stack"],"picked":"Hologram","floor":10.0},{"not_picked":["Compile Driver","Tempest"],"picked":"Glacier","floor":12.0},{"not_picked":["Force Field","Stack"],"picked":"Coolheaded","floor":13.0},{"not_picked":["All For One","Machine Learning"],"picked":"Echo Form","floor":16.0},{"not_picked":["Coolheaded","Sweeping Beam","Stack"],"picked":"SKIP","floor":18.0},{"not_picked":["Beam Cell","Rebound","Redo"],"picked":"SKIP","floor":20},{"not_picked":["Beam Cell+1","Multi-Cast","Force Field"],"picked":"SKIP","floor":24},{"not_picked":["Beam Cell","Conserve Battery"],"picked":"Coolheaded+1","floor":28},{"not_picked":["Cold Snap","Go for the Eyes"],"picked":"Darkness","floor":29},{"not_picked":["White Noise","Barrage","Blizzard"],"picked":"SKIP","floor":30},{"not_picked":["Seek","Multi-Cast"],"picked":"Thunder Strike","floor":33},{"not_picked":["Go for the Eyes","Beam Cell"],"picked":"Steam Power+1","floor":35},{"not_picked":["Doom and Gloom","Heatsinks+1","Steam"],"picked":"SKIP","floor":37},{"not_picked":["Sweeping Beam","Scrape","Genetic Algorithm"],"picked":"SKIP","floor":39},{"not_picked":["Go for the Eyes","Doom and Gloom"],"picked":"Undo","floor":41},{"not_picked":["Turbo","Cold Snap"],"picked":"Creative AI","floor":44}],"player_experience":1544231,"relics_obtained":[{"floor":7.0,"key":"Mercury Hourglass"},{"floor":9.0,"key":"FossilizedHelix"},{"floor":11.0,"key":"Odd Mushroom"},{"floor":13.0,"key":"Girya"},{"floor":24,"key":"Pen Nib"},{"floor":26,"key":"Matryoshka"},{"floor":38,"key":"Shovel"},{"floor":43,"key":"Ancient Tea Set"}],"event_choices":[{"damage_healed":0.0,"max_hp_gain":0.0,"max_hp_loss":0.0,"gold_gain":0.0,"event_name":"Mushrooms","player_choice":"Fought Mushrooms","floor":11.0,"gold_loss":0.0,"damage_taken":0.0},{"damage_healed":0.0,"max_hp_gain":0.0,"max_hp_loss":0.0,"gold_gain":0.0,"event_name":"Living Wall","player_choice":"Grow","floor":14.0,"gold_loss":0.0,"damage_taken":0.0,"cards_upgraded":["Coolheaded"]},{"cards_removed":["Strike_B"],"damage_healed":0.0,"max_hp_gain":0.0,"max_hp_loss":0.0,"gold_gain":0.0,"event_name":"Beggar","player_choice":"Gave Gold","floor":19.0,"gold_loss":75.0,"damage_taken":0.0},{"damage_healed":14,"gold_gain":0,"player_choice":"Heal","damage_taken":0,"max_hp_gain":0,"max_hp_loss":0,"event_name":"The Library","floor":21,"gold_loss":0},{"damage_healed":0,"gold_gain":0,"player_choice":"Bought 2 Potions","damage_taken":0,"max_hp_gain":0,"max_hp_loss":0,"event_name":"The Woman in Blue","floor":31,"gold_loss":0},{"damage_healed":0,"gold_gain":0,"player_choice":"Fight","damage_taken":0,"max_hp_gain":0,"max_hp_loss":0,"event_name":"MindBloom","floor":38,"gold_loss":0},{"damage_healed":0,"gold_gain":0,"player_choice":"Paid","damage_taken":0,"relics_obtained":["Red Mask"],"max_hp_gain":0,"max_hp_loss":0,"event_name":"Tomb of Lord Red Mask","floor":42,"gold_loss":156}],"is_beta":false,"boss_relics":[{"not_picked":["Lizard Tail","Inserter"],"picked":"Fusion Hammer"},{"not_picked":["Coffee Dripper","Pandora\u0027s Box"],"picked":"Sozu"}],"items_purged_floors":[],"is_endless":false,"potions_floor_spawned":[2,4,12,13,16,18,24,29,33,39,41],"killed_by":"Reptomancer","ascension_level":20}