{"gold_per_floor":[111,111,121,139,152,184,204,204,204,216,226,226,401,5,5,110,110,124,137,157,157,72,72,0,0,0,35,46,0,0,29,29,124,124,137,157,157,109,209,242,242,252,276,43,43,43,58,72,72,72],"floor_reached":50,"playtime":2319,"items_purged":["Doubt"],"score":612,"play_id":"70f13145-0514-48b8-b70c-173e39773549","local_time":"20190308172643","is_ascension_mode":false,"campfire_choices":[{"floor":8,"key":"REST"},{"data":"Caltrops","floor":12,"key":"SMITH"},{"floor":15,"key":"REST"},{"data":"Cloak And Dagger","floor":23,"key":"SMITH"},{"data":"Cloak And Dagger","floor":25,"key":"SMITH"},{"floor":32,"key":"REST"},{"floor":45,"key":"REST"},{"floor":49,"key":"RECALL"}],"neow_cost":"NONE","seed_source_timestamp":0,"circlet_count":0,"master_deck":["Defend_G","Defend_G","Defend_G","Defend_G","Defend_G","Strike_G","Strike_G","Strike_G","Strike_G","Strike_G","Survivor","Neutralize","Blind","Cloak And Dagger+1","Tactician","PiercingWail","Backstab","Underhanded Strike+1","Glass Knife+1","Dagger Throw+1","Caltrops+1","The Bomb","Corpse Explosion","Cloak And Dagger+1","J.A.X.","Backstab+1","Parasite","Leg Sweep","Dodge and Roll+1","Envenom","Slice+1","Blade Dance","Finisher+1","Backflip","Parasite","Mind Blast+1","Burst","Finisher+1","Noxious Fumes+1","Enlightenment","Mayhem","Underhanded Strike+1","Dodge and Roll"],"special_seed":0,"relics":["Ring of the Snake","PreservedInsect","Molten Egg 2","Vajra","Busted Crown","Du-Vu Doll","Ornamental Fan","Lantern","Art of War","Fusion Hammer","Ice Cream","Dream Catcher","Centennial Puzzle"],"potions_floor_usage":[16,27,28,33,33,50,50],"damage_taken":[{"damage":0.0,"enemies":"Small Slimes","floor":1.0,"turns":3.0},{"damage":0.0,"enemies":"2 Louse","floor":3.0,"turns":3.0},{"damage":2.0,"enemies":"Jaw Worm","floor":4.0,"turns":6.0},{"damage":15.0,"enemies":"Large Slime","floor":5.0,"turns":9.0},{"damage":15.0,"enemies":"3 Sentries","floor":6.0,"turns":15.0},{"damage":0,"enemies":"2 Fungi Beasts","floor":7,"turns":3},{"damage":0,"enemies":"Red Slaver","floor":10,"turns":3},{"damage":0,"enemies":"Blue Slaver","floor":11,"turns":1},{"damage":0,"enemies":"Slime Boss","floor":16,"turns":4},{"damage":0,"enemies":"2 Thieves","floor":18,"turns":1},{"damage":5,"enemies":"Chosen","floor":19,"turns":3},{"damage":0,"enemies":"3 Cultists","floor":20,"turns":3},{"damage":0,"enemies":"Book of Stabbing","floor":27,"turns":4},{"damage":16,"enemies":"Shelled Parasite and Fungi","floor":28,"turns":3},{"damage":16,"enemies":"Slavers","floor":31,"turns":3},{"damage":52,"enemies":"Champ","floor":33,"turns":10},{"damage":1,"enemies":"3 Shapes","floor":35,"turns":3},{"damage":24,"enemies":"3 Darklings","floor":36,"turns":3},{"damage":3,"enemies":"Mind Bloom Boss Battle","floor":39,"turns":5},{"damage":21,"enemies":"Nemesis","floor":40,"turns":5},{"damage":11,"enemies":"Writhing Mass","floor":42,"turns":7},{"damage":10,"enemies":"Maw","floor":47,"turns":5},{"damage":0,"enemies":"Sphere and 2 Shapes","floor":48,"turns":1},{"damage":70,"enemies":"Awakened One","floor":50,"turns":8}],"seed_played":"8389565570146987595","potions_obtained":[{"floor":3.0,"key":"AttackPotion"},{"floor":5.0,"key":"SpeedPotion"},{"floor":7,"key":"AttackPotion"},{"floor":19,"key":"Strength Potion"},{"floor":20,"key":"Explosive Potion"},{"floor":27,"key":"Poison Potion"},{"floor":36,"key":"LiquidBronze"},{"floor":47,"key":"Poison Potion"}],"is_trial":false,"path_per_floor":["M","?","M","M","M","E","M","R","T","M","M","R","?","$","R","B",null,"M","M","M","?","?","R","$","R","T","E","M","?","?","E","R","B",null,"M","M","?","$","?","E","?","M","T","$","R","?","M","M","R","B"],"character_chosen":"THE_SILENT","items_purchased":["Vajra","The Bomb","Backstab+1","Blade Dance","Mind Blast+1","Burst","Finisher+1"],"campfire_rested":4,"item_purchase_floors":[14,14,24,38,44,44,44],"current_hp_per_floor":[70,52,52,50,35,20,20,41,41,41,41,41,41,41,62,62,70,70,65,65,65,65,65,65,65,65,65,49,49,49,33,54,2,70,69,45,45,45,42,21,61,50,50,50,61,56,46,46,46,0],"gold":72,"neow_bonus":"RANDOM_COLORLESS","is_prod":false,"is_daily":false,"chose_seed":false,"campfire_upgraded":3,"win_rate":0,"timestamp":1552084003,"path_taken":["M","?","M","M","M","E","M","R","T","M","M","R","?","$","R","BOSS","M","M","M","?","?","R","$","R","T","E","M","?","?","E","R","BOSS","M","M","?","$","?","E","?","M","T","?","R","?","M","M","R","BOSS"],"build_version":"2019-01-23","purchased_purges":1,"victory":false,"max_hp_per_floor":[70,70,70,70,70,70,70,70,70,70,70,70,70,70,70,70,70,70,70,70,70,70,70,70,70,70,70,70,70,70,70,70,70,70,70,70,70,70,70,70,61,61,61,61,61,61,61,61,61,61],"card_choices":[{"not_picked":["Infinite Blades","Deflect"],"picked":"Cloak And Dagger","floor":1.0},{"not_picked":["Escape Plan","Deadly Poison"],"picked":"Tactician","floor":3.0},{"not_picked":["Deflect","Outmaneuver"],"picked":"PiercingWail","floor":4.0},{"not_picked":["Cloak And Dagger","Blade Dance"],"picked":"Backstab","floor":5.0},{"not_picked":["Prepared","Concentrate"],"picked":"Underhanded Strike","floor":6.0},{"not_picked":["Bane+1","Outmaneuver"],"picked":"Glass Knife+1","floor":7},{"not_picked":["Quick Slash+1","Catalyst"],"picked":"Dagger Throw+1","floor":10},{"not_picked":["Dodge and Roll","Endless Agony+1"],"picked":"Caltrops","floor":11},{"not_picked":["Doppelganger","Wraith Form v2"],"picked":"Corpse Explosion","floor":16},{"not_picked":["Slice+1"],"picked":"SKIP","floor":18},{"not_picked":["Calculated Gamble"],"picked":"SKIP","floor":19},{"not_picked":[],"picked":"Cloak And Dagger","floor":20},{"not_picked":["Bane+1"],"picked":"SKIP","floor":27},{"not_picked":["Bane+1"],"picked":"SKIP","floor":28},{"not_picked":[],"picked":"Dodge and Roll+1","floor":31},{"not_picked":[],"picked":"Envenom","floor":33},{"not_picked":[],"picked":"Slice+1","floor":35},{"not_picked":["Crippling Poison"],"picked":"SKIP","floor":36},{"not_picked":[],"picked":"Finisher+1","floor":39},{"not_picked":[],"picked":"Backflip","floor":40},{"not_picked":["Prepared+1"],"picked":"SKIP","floor":42},{"not_picked":[],"picked":"Noxious Fumes+1","floor":45},{"not_picked":[],"picked":"Enlightenment","floor":46},{"not_picked":[],"picked":"Mayhem","floor":46},{"not_picked":[],"picked":"Underhanded Strike+1","floor":47},{"not_picked":[],"picked":"Dodge and Roll","floor":48}],"player_experience":638096,"relics_obtained":[{"floor":6.0,"key":"Molten Egg 2"},{"floor":26,"key":"Ornamental Fan"},{"floor":27,"key":"Lantern"},{"floor":31,"key":"Art of War"},{"floor":39,"key":"Ice Cream"},{"floor":40,"key":"Dream Catcher"},{"floor":43,"key":"Centennial Puzzle"}],"event_choices":[{"damage_healed":0.0,"max_hp_gain":0.0,"max_hp_loss":0.0,"gold_gain":0.0,"event_name":"Scrap Ooze","player_choice":"Success","floor":2.0,"gold_loss":0.0,"damage_taken":18.0,"relics_obtained":["PreservedInsect"]},{"damage_healed":0,"gold_gain":175,"player_choice":"AGREE","damage_taken":0,"max_hp_gain":0,"max_hp_loss":0,"event_name":"Liars Game","floor":13,"gold_loss":0,"cards_obtained":["Doubt"]},{"damage_healed":0,"gold_gain":0,"player_choice":"Obtain J.A.X.","damage_taken":0,"max_hp_gain":0,"max_hp_loss":0,"event_name":"Drug Dealer","floor":21,"gold_loss":0,"cards_obtained":["J.A.X."]},{"damage_healed":0,"gold_gain":0,"player_choice":"Obtained Relic","damage_taken":0,"relics_obtained":["Du-Vu Doll"],"max_hp_gain":0,"max_hp_loss":0,"event_name":"Addict","floor":22,"gold_loss":85},{"damage_healed":0,"gold_gain":0,"player_choice":"Paid Fearfully","damage_taken":0,"max_hp_gain":0,"max_hp_loss":0,"event_name":"Masked Bandits","floor":29,"gold_loss":46},{"damage_healed":0,"gold_gain":0,"player_choice":"2 cards matched","damage_taken":0,"max_hp_gain":0,"max_hp_loss":0,"event_name":"Match and Keep!","floor":30,"gold_loss":0,"cards_obtained":["Parasite","Leg Sweep"]},{"damage_healed":0,"gold_gain":0,"player_choice":"Ignored","damage_taken":0,"max_hp_gain":0,"max_hp_loss":0,"event_name":"Tomb of Lord Red Mask","floor":37,"gold_loss":0},{"damage_healed":0,"gold_gain":0,"player_choice":"Fight","damage_taken":0,"max_hp_gain":0,"max_hp_loss":0,"event_name":"MindBloom","floor":39,"gold_loss":0},{"damage_healed":61,"gold_gain":0,"player_choice":"Heal","damage_taken":0,"max_hp_gain":0,"max_hp_loss":9,"event_name":"The Moai Head","floor":41,"gold_loss":0},{"damage_healed":0,"gold_gain":0,"player_choice":"Memory 2","damage_taken":5,"max_hp_gain":0,"max_hp_loss":0,"event_name":"SensoryStone","floor":46,"gold_loss":0}],"is_beta":false,"boss_relics":[{"not_picked":["Coffee Dripper","Empty Cage"],"picked":"Busted Crown"},{"not_picked":["Runic Dome","Velvet Choker"],"picked":"Fusion Hammer"}],"items_purged_floors":[14],"is_endless":false,"potions_floor_spawned":[3,5,7,19,20,27,36,47],"killed_by":"Awakened One","ascension_level":0}