{"path_per_floor":["M","$","?","$","M","R","?","R","T","M","$","M","?","M","R","B",null,"M","M","?","M","?","R","M","M","T","?","M","?","M","M","R"],"character_chosen":"IRONCLAD","items_purchased":[],"gold_per_floor":[112,37,37,37,54,54,4,4,4,14,14,30,30,45,45,141,141,160,177,102,112,112,112,128,140,140,140,159,159,171,191,191,191],"floor_reached":33,"campfire_rested":2,"playtime":1542,"current_hp_per_floor":[79,79,79,79,79,79,79,79,79,78,78,78,71,71,71,67,80,63,49,49,16,16,40,20,24,24,24,21,21,14,1,25,0],"items_purged":["Strike_R"],"gold":191,"score":241,"play_id":"d4c038b2-c1a9-4866-a511-830ece540973","local_time":"20180405110205","is_prod":false,"is_daily":false,"is_ascension_mode":false,"campfire_upgraded":3,"timestamp":1522940525,"path_taken":["M","?","?","$","M","R","?","R","T","M","$","?","?","M","R","BOSS","M","M","?","M","?","R","M","M","T","?","?","?","M","?","R","BOSS"],"build_version":"2018-03-29v2","purchased_purges":1,"victory":false,"master_deck":["Defend_R","Defend_R","Defend_R","Defend_R","Bash+1","Body Slam+1","Dual Wield+1","Spot Weakness","Battle Trance","Shrug It Off","Double Tap","Rage","Headbutt+1","Havoc+1","Shrug It Off","Flex","Power Through"],"max_hp_per_floor":[80,80,80,80,80,80,80,80,80,80,80,80,80,80,80,80,80,80,80,80,80,80,80,80,80,80,80,80,80,80,80,80,80],"relics":["Cursed Key"],"card_choices":[{"not_picked":["Second Wind","Anger"],"picked":"Body Slam","floor":1},{"not_picked":["Clash","Body Slam"],"picked":"Dual Wield","floor":5},{"not_picked":["Clothesline","Headbutt"],"picked":"Spot Weakness","floor":10},{"not_picked":["Anger","Pummel"],"picked":"Battle Trance","floor":12},{"not_picked":["Pummel","Heavy Blade"],"picked":"Shrug It Off","floor":14},{"not_picked":["Impervious","Juggernaut"],"picked":"Double Tap","floor":16},{"not_picked":["Clothesline","Cleave"],"picked":"Rage","floor":18},{"not_picked":["Flex","Whirlwind"],"picked":"Headbutt","floor":19},{"not_picked":["Pommel Strike","Clothesline"],"picked":"Havoc","floor":24},{"not_picked":["Wild Strike","Iron Wave"],"picked":"Shrug It Off","floor":25},{"not_picked":["Anger","Hemokinesis"],"picked":"Flex","floor":28},{"not_picked":["Rupture","Burning Pact"],"picked":"Power Through","floor":30}],"player_experience":678671,"potions_floor_usage":[16,16,25,28,28,30,31],"damage_taken":[{"damage":1,"enemies":"Cultist","floor":1,"turns":4},{"damage":0,"enemies":"2 Louse","floor":5,"turns":2},{"damage":1,"enemies":"Jaw Worm","floor":10,"turns":3},{"damage":0,"enemies":"Looter","floor":12,"turns":2},{"damage":0,"enemies":"3 Louse","floor":14,"turns":2},{"damage":4,"enemies":"Hexaghost","floor":16,"turns":5},{"damage":17,"enemies":"Shell Parasite","floor":18,"turns":4},{"damage":14,"enemies":"Chosen","floor":19,"turns":7},{"damage":33,"enemies":"Snake Plant","floor":21,"turns":5},{"damage":20,"enemies":"Centurion and Healer","floor":24,"turns":4},{"damage":11,"enemies":"Slaver and Parasite","floor":25,"turns":6},{"damage":3,"enemies":"Cultist and Chosen","floor":28,"turns":4},{"damage":7,"enemies":"Centurion and Healer","floor":30,"turns":6},{"damage":13,"enemies":"3 Cultists","floor":31,"turns":5},{"damage":28,"enemies":"Champ","floor":33,"turns":11}],"event_choices":[{"event_name":"Golden Idol","player_choice":"Ignored","floor":3,"damage_taken":0},{"event_name":"The Cleric","player_choice":"Card Removal","floor":7,"damage_taken":0},{"event_name":"Golden Wing","player_choice":"Card Removal","floor":13,"damage_taken":0},{"event_name":"Beggar","player_choice":"Gave Gold","floor":20,"damage_taken":0},{"event_name":"Back to Basics","player_choice":"Elegance","floor":22,"damage_taken":0},{"event_name":"The Lab","player_choice":"Got Potions","floor":27,"damage_taken":0},{"event_name":"The Mausoleum","player_choice":"No","floor":29,"damage_taken":0}],"boss_relics":[{"not_picked":["Philosopher\u0027s Stone","Sozu","Orrery"]}],"potions_floor_spawned":[10,14,16,24,25,30],"seed_played":"-1592698866546630753","killed_by":"Champ","ascension_level":0,"is_trial":false}