{"gold_per_floor":[117,117,137,62,75,75,89,124,124,159,175,175,78,98,98,98],"floor_reached":16,"playtime":664,"items_purged":["Strike_G"],"score":224,"play_id":"16e3169f-a816-4aa3-a755-5f276246bedb","local_time":"20190408014144","is_ascension_mode":true,"campfire_choices":[{"data":"Predator","floor":6,"key":"SMITH"},{"data":"Deadly Poison","floor":12,"key":"SMITH"},{"data":"Backstab","floor":15,"key":"SMITH"}],"neow_cost":"PERCENT_DAMAGE","seed_source_timestamp":573989972071482,"circlet_count":0,"master_deck":["AscendersBane","Defend_G","Defend_G","Defend_G","Defend_G","Defend_G","Strike_G","Strike_G","Strike_G","Survivor","Neutralize","Cloak And Dagger","Predator+1","Bouncing Flask","Deflect","Deadly Poison+1","Corpse Explosion","Backstab+1","Bane"],"relics":["Ring of the Snake","Frozen Egg 2","Thread and Needle"],"potions_floor_usage":[10,16,16],"damage_taken":[{"damage":4,"enemies":"Small Slimes","floor":1,"turns":4},{"damage":0,"enemies":"Cultist","floor":3,"turns":4},{"damage":2,"enemies":"2 Louse","floor":5,"turns":3},{"damage":1,"enemies":"2 Fungi Beasts","floor":7,"turns":4},{"damage":24,"enemies":"3 Sentries","floor":8,"turns":10},{"damage":8,"enemies":"Gremlin Nob","floor":10,"turns":3},{"damage":0,"enemies":"Looter","floor":11,"turns":3},{"damage":7,"enemies":"Large Slime","floor":14,"turns":4},{"damage":18,"enemies":"Slime Boss","floor":16,"turns":3}],"seed_played":"-6766984154553681715","potions_obtained":[{"floor":3,"key":"SkillPotion"},{"floor":5,"key":"Ancient Potion"},{"floor":14,"key":"SteroidPotion"}],"is_trial":false,"path_per_floor":["M","?","M","$","M","R","M","E","T","E","M","R","$","M","R","B"],"character_chosen":"THE_SILENT","items_purchased":["Backstab","Poison Potion"],"campfire_rested":0,"item_purchase_floors":[13,13],"current_hp_per_floor":[52,52,52,52,50,50,49,25,25,17,17,17,17,10,10,0],"gold":98,"neow_bonus":"TWENTY_PERCENT_HP_BONUS","is_prod":false,"is_daily":false,"chose_seed":false,"campfire_upgraded":3,"win_rate":0,"timestamp":1554702104,"path_taken":["M","?","M","$","M","R","M","E","T","E","?","R","?","M","R","BOSS"],"build_version":"2019-01-23","purchased_purges":1,"victory":false,"max_hp_per_floor":[78,78,78,78,78,78,78,78,78,78,78,78,78,78,78,78],"card_choices":[{"not_picked":["Prepared","All Out Attack"],"picked":"Cloak And Dagger","floor":1},{"not_picked":["Outmaneuver","Accuracy"],"picked":"Predator","floor":3},{"not_picked":["Prepared","Eviscerate"],"picked":"Bouncing Flask","floor":5},{"not_picked":["Tactician","Underhanded Strike"],"picked":"Deflect","floor":7},{"not_picked":["Bane","Prepared"],"picked":"Deadly Poison","floor":8},{"not_picked":["Flechettes","Dagger Spray"],"picked":"Corpse Explosion","floor":10},{"not_picked":["Flying Knee","Deflect","Underhanded Strike"],"picked":"SKIP","floor":11},{"not_picked":["Deflect","Deadly Poison"],"picked":"Bane","floor":14}],"player_experience":1718496,"relics_obtained":[{"floor":8,"key":"Frozen Egg 2"},{"floor":10,"key":"Thread and Needle"}],"event_choices":[{"cards_removed":["Strike_G"],"damage_healed":0,"gold_gain":0,"player_choice":"Offered Basic","damage_taken":0,"max_hp_gain":0,"max_hp_loss":0,"event_name":"Bonfire Elementals","floor":2,"gold_loss":0}],"is_beta":false,"boss_relics":[],"items_purged_floors":[4],"is_endless":false,"potions_floor_spawned":[3,5,14],"killed_by":"Slime Boss","ascension_level":20}