{"gold_per_floor":[116,116,116,127,141,175,186,186,186,199,209,219,219,219,219,219],"floor_reached":16,"playtime":1550,"items_purged":[],"score":104,"play_id":"7e02e627-3aff-4730-8576-1f39e1b6702d","local_time":"20180704192448","is_ascension_mode":false,"campfire_choices":[{"floor":13,"key":"REST"},{"data":"Cold Snap","floor":15,"key":"SMITH"}],"neow_cost":"","seed_source_timestamp":777818889702315,"circlet_count":0,"master_deck":["Strike_B","Strike_B","Strike_B","Defend_B","Defend_B","Defend_B","Zap","Dualcast","Cold Snap","Rebound","Blizzard","Cold Snap+1","Regret","Conserve Battery","Leap","Decay"],"relics":["Cracked Core","Dodecahedron","Letter Opener","Pear"],"potions_floor_usage":[16,16],"damage_taken":[{"damage":5,"enemies":"2 Louse","floor":1,"turns":3},{"damage":0,"enemies":"Cultist","floor":4,"turns":3},{"damage":9,"enemies":"Jaw Worm","floor":5,"turns":3},{"damage":25,"enemies":"3 Sentries","floor":6,"turns":8},{"damage":8,"enemies":"3 Louse","floor":7,"turns":3},{"damage":13,"enemies":"Exordium Thugs","floor":10,"turns":4},{"damage":2,"enemies":"Looter","floor":11,"turns":3},{"damage":6,"enemies":"3 Louse","floor":12,"turns":3},{"damage":46,"enemies":"Hexaghost","floor":16,"turns":11}],"seed_played":"-8446608771222442028","potions_obtained":[{"floor":4,"key":"SneckoOil"},{"floor":5,"key":"Strength Potion"},{"floor":7,"key":"Weak Potion"}],"is_trial":false,"path_per_floor":["M","?","?","M","M","E","M","?","T","M","M","M","R","?","R"],"character_chosen":"DEFECT","items_purchased":[],"campfire_rested":1,"item_purchase_floors":[],"current_hp_per_floor":[70,70,70,70,61,36,28,28,38,25,23,17,42,42,42,0],"gold":219,"neow_bonus":"","is_prod":false,"is_daily":false,"chose_seed":false,"campfire_upgraded":1,"win_rate":0.0,"timestamp":1530746688,"path_taken":["M","?","?","M","M","E","M","?","T","?","M","M","R","?","R","BOSS"],"build_version":"2018-06-28","purchased_purges":0,"victory":false,"max_hp_per_floor":[75,75,75,75,75,75,75,75,85,85,85,85,85,85,85,85],"card_choices":[{"not_picked":["Leap","Go for the Eyes"],"picked":"Cold Snap","floor":1},{"not_picked":["Compile Driver","Streamline"],"picked":"Rebound","floor":4},{"not_picked":["Compile Driver","Lockon","Gash"],"picked":"SKIP","floor":5},{"not_picked":["Fission","Cold Snap"],"picked":"Blizzard","floor":6},{"not_picked":["Conserve Battery","Self Repair"],"picked":"Cold Snap","floor":7},{"not_picked":["BootSequence","Doom and Gloom"],"picked":"Conserve Battery","floor":10},{"not_picked":["Compile Driver","Steam Power"],"picked":"Leap","floor":11},{"not_picked":["Gash","Ball Lightning","Skim"],"picked":"SKIP","floor":12}],"player_experience":67690,"relics_obtained":[{"floor":6,"key":"Dodecahedron"},{"floor":9,"key":"Pear"}],"event_choices":[{"event_name":"Bonfire Elementals","player_choice":"BASIC","floor":2,"damage_taken":0},{"event_name":"Purifier","player_choice":"One Purge","floor":3,"damage_taken":0},{"event_name":"Big Fish","player_choice":"Box","floor":8,"damage_taken":0},{"event_name":"Wheel of Change","player_choice":"Curse","floor":14,"damage_taken":0}],"boss_relics":[],"items_purged_floors":[],"is_endless":false,"potions_floor_spawned":[4,5,7,12],"killed_by":"Hexaghost","ascension_level":0}