{"gold_per_floor":[115,165,177,98,114,114,125,125,125,138,158,174,174,200,200,279,279,291,309,309,329,60,88,88,103,127,156,156,168,188,113,113,184,184,204,249,265,265,78,112,112,142,142,142,159,184,184,194,194,194,194,194,194,114,141,141],"floor_reached":57,"playtime":3010,"items_purged":["Strike_B","Decay"],"score":2918,"play_id":"e5d306a8-650d-43cc-af44-3a50dfad1247","local_time":"20190209004200","is_ascension_mode":true,"campfire_choices":[{"data":"Zap","floor":6,"key":"SMITH"},{"data":"Compile Driver","floor":8,"key":"SMITH"},{"data":"Reinforced Body","floor":13,"key":"SMITH"},{"data":"Undo","floor":15,"key":"SMITH"},{"floor":24,"key":"REST"},{"data":"Consume","floor":28,"key":"SMITH"},{"data":"Hologram","floor":32,"key":"SMITH"},{"floor":41,"key":"REST"},{"data":"Coolheaded","floor":44,"key":"SMITH"},{"floor":47,"key":"RECALL"},{"data":"Coolheaded","floor":49,"key":"SMITH"},{"floor":53,"key":"REST"}],"neow_cost":"NONE","seed_source_timestamp":477055112361247,"circlet_count":0,"master_deck":["AscendersBane","Strike_B","Strike_B","Strike_B","Defend_B","Defend_B","Defend_B","Defend_B","Zap+1","Dualcast","Compile Driver+1","Reinforced Body+1","Self Repair+1","Undo+1","Capacitor+1","Ball Lightning","Core Surge","Buffer+1","Hologram+1","Ball Lightning","Defragment+1","Apotheosis","Consume+1","Conserve Battery+1","Meteor Strike","Recycle+1","Coolheaded+1","Chill","Loop+1","Loop+1","Coolheaded+1","Blizzard+1","Meteor Strike+1","Glacier+1","Glacier","Biased Cognition+1"],"relics":["Sozu","Frozen Egg 2","Symbiotic Virus","Bag of Marbles","Snecko Eye","Enchiridion","Regal Pillow","PreservedInsect","Boot","Inserter","Prayer Wheel","Molten Egg 2","Omamori","Dead Branch","Letter Opener"],"potions_floor_usage":[],"damage_taken":[{"damage":3,"enemies":"2 Louse","floor":1,"turns":3},{"damage":1,"enemies":"Cultist","floor":3,"turns":3},{"damage":0,"enemies":"Jaw Worm","floor":5,"turns":4},{"damage":16,"enemies":"Gremlin Gang","floor":7,"turns":6},{"damage":7,"enemies":"Lots of Slimes","floor":10,"turns":4},{"damage":15,"enemies":"Large Slime","floor":11,"turns":3},{"damage":3,"enemies":"Blue Slaver","floor":12,"turns":4},{"damage":7,"enemies":"Lagavulin","floor":14,"turns":5},{"damage":15,"enemies":"The Guardian","floor":16,"turns":9},{"damage":0,"enemies":"Spheric Guardian","floor":18,"turns":3},{"damage":0,"enemies":"2 Thieves","floor":19,"turns":4},{"damage":0,"enemies":"Centurion and Healer","floor":21,"turns":5},{"damage":31,"enemies":"Slavers","floor":23,"turns":5},{"damage":26,"enemies":"Shelled Parasite and Fungi","floor":25,"turns":7},{"damage":0,"enemies":"Gremlin Leader","floor":27,"turns":5},{"damage":0,"enemies":"Snecko","floor":29,"turns":6},{"damage":2,"enemies":"Chosen and Byrds","floor":30,"turns":7},{"damage":0,"enemies":"Collector","floor":33,"turns":8},{"damage":1,"enemies":"Orb Walker","floor":35,"turns":4},{"damage":38,"enemies":"2 Orb Walkers","floor":36,"turns":5},{"damage":0,"enemies":"3 Darklings","floor":37,"turns":5},{"damage":44,"enemies":"Reptomancer","floor":40,"turns":7},{"damage":11,"enemies":"Nemesis","floor":42,"turns":5},{"damage":0,"enemies":"Writhing Mass","floor":45,"turns":5},{"damage":3,"enemies":"Giant Head","floor":46,"turns":7},{"damage":14,"enemies":"4 Shapes","floor":48,"turns":5},{"damage":20,"enemies":"Time Eater","floor":50,"turns":12},{"damage":24,"enemies":"Donu and Deca","floor":51,"turns":8},{"damage":45,"enemies":"Shield and Spear","floor":55,"turns":9},{"damage":20,"enemies":"The Heart","floor":56,"turns":12}],"seed_played":"-7458865574547766816","potions_obtained":[],"is_trial":false,"path_per_floor":["M","?","M","?","M","R","M","R","T","M","M","M","R","E","R","B",null,"M","M","?","M","$","E","R","M","T","E","R","M","M","$","R","B",null,"M","?","M","?","$","E","R","E","T","R","M","E","R","M","R","B","B",null,"R","$","E","B",null],"character_chosen":"DEFECT","items_purchased":["Defragment+1","Apotheosis","Loop+1","Glacier"],"campfire_rested":3,"item_purchase_floors":[22,22,39,54],"current_hp_per_floor":[61,61,60,60,60,60,44,44,44,47,42,49,49,52,52,47,65,71,71,50,60,60,29,65,49,49,49,49,59,67,67,67,71,71,71,43,53,53,53,29,65,64,64,64,71,71,71,67,67,57,43,64,71,71,36,26],"gold":141,"neow_bonus":"BOSS_RELIC","is_prod":false,"is_daily":false,"chose_seed":false,"campfire_upgraded":8,"win_rate":0,"timestamp":1549698120,"path_taken":["M","?","?","?","M","R","?","R","T","M","M","M","R","E","R","BOSS","M","?","?","M","$","E","R","M","T","E","R","M","M","$","R","BOSS","M","?","M","?","$","E","R","E","T","R","?","E","R","M","R","BOSS","BOSS","R","$","E","BOSS"],"build_version":"2019-02-06","purchased_purges":2,"victory":true,"max_hp_per_floor":[71,71,71,71,71,71,71,71,71,71,71,71,71,71,71,71,71,71,71,71,71,71,71,71,71,71,71,71,71,71,71,71,71,71,71,71,71,71,71,71,71,71,71,71,71,71,71,71,71,71,71,71,71,71,71,71],"card_choices":[{"not_picked":["Static Discharge","Turbo"],"picked":"Compile Driver","floor":1},{"not_picked":["Go for the Eyes","Cold Snap"],"picked":"Reinforced Body","floor":3},{"not_picked":["Steam","Rebound","Barrage"],"picked":"SKIP","floor":5},{"not_picked":["Steam","Rebound","Barrage"],"picked":"SKIP","floor":5},{"not_picked":["Stack","Conserve Battery"],"picked":"Self Repair+1","floor":7},{"not_picked":["Cold Snap","Hologram"],"picked":"Undo","floor":10},{"not_picked":["Heatsinks+1","Compile Driver"],"picked":"Capacitor+1","floor":11},{"not_picked":["Recycle","Sweeping Beam"],"picked":"Ball Lightning","floor":12},{"not_picked":["Double Energy","Melter"],"picked":"Core Surge","floor":14},{"not_picked":["All For One","Reboot"],"picked":"Buffer+1","floor":16},{"not_picked":["Genetic Algorithm+1","Turbo"],"picked":"Hologram","floor":18},{"not_picked":["Compile Driver","Cold Snap"],"picked":"Ball Lightning","floor":19},{"not_picked":["FTL","BootSequence","Redo"],"picked":"SKIP","floor":21},{"not_picked":["Ball Lightning","Undo"],"picked":"Consume","floor":23},{"not_picked":["Rebound","Heatsinks+1","Beam Cell"],"picked":"SKIP","floor":25},{"not_picked":["Heatsinks+1","Static Discharge+1","Multi-Cast"],"picked":"SKIP","floor":27},{"not_picked":["Hologram","Barrage"],"picked":"Conserve Battery+1","floor":29},{"not_picked":["Rebound","Skim","Sweeping Beam"],"picked":"SKIP","floor":30},{"not_picked":["Reboot","Rainbow"],"picked":"Meteor Strike","floor":33},{"not_picked":["Lockon","Streamline"],"picked":"Recycle+1","floor":35},{"not_picked":["Tempest+1","Chill"],"picked":"Coolheaded","floor":37},{"not_picked":["Chill","Streamline","Compile Driver"],"picked":"SKIP","floor":37},{"not_picked":["Streamline","Compile Driver"],"picked":"Chill","floor":37},{"not_picked":["Compile Driver","Stack","White Noise"],"picked":"SKIP","floor":40},{"not_picked":["Cold Snap+1","Leap"],"picked":"Loop+1","floor":42},{"not_picked":["Rebound+1","Self Repair+1"],"picked":"Coolheaded","floor":45},{"not_picked":["Fusion","Doom and Gloom+1","Sweeping Beam+1"],"picked":"SKIP","floor":45},{"not_picked":["Hologram","Leap"],"picked":"Blizzard+1","floor":46},{"not_picked":["Heatsinks+1","Sweeping Beam+1"],"picked":"Meteor Strike+1","floor":48},{"not_picked":["Sweeping Beam+1","Turbo+1"],"picked":"Glacier+1","floor":48},{"not_picked":["Scrape+1","Turbo+1"],"picked":"Biased Cognition+1","floor":55}],"player_experience":1082892,"relics_obtained":[{"floor":9,"key":"Symbiotic Virus"},{"floor":14,"key":"Bag of Marbles"},{"floor":20,"key":"Enchiridion"},{"floor":23,"key":"Regal Pillow"},{"floor":26,"key":"PreservedInsect"},{"floor":27,"key":"Boot"},{"floor":36,"key":"Prayer Wheel"},{"floor":40,"key":"Molten Egg 2"},{"floor":42,"key":"Omamori"},{"floor":46,"key":"Dead Branch"},{"floor":55,"key":"Letter Opener"}],"event_choices":[{"damage_healed":0,"gold_gain":50,"player_choice":"Pray","damage_taken":0,"max_hp_gain":0,"max_hp_loss":0,"event_name":"Golden Shrine","floor":2,"gold_loss":0},{"damage_healed":0,"gold_gain":0,"player_choice":"Paid Gold","damage_taken":0,"relics_obtained":["Frozen Egg 2"],"max_hp_gain":0,"max_hp_loss":0,"event_name":"WeMeetAgain","floor":4,"gold_loss":79},{"damage_healed":0,"gold_gain":0,"player_choice":"Obtained Book","damage_taken":21,"max_hp_gain":0,"max_hp_loss":0,"event_name":"Cursed Tome","floor":20,"gold_loss":0},{"damage_healed":0,"gold_gain":0,"player_choice":"Fight","damage_taken":0,"max_hp_gain":0,"max_hp_loss":0,"event_name":"Mysterious Sphere","floor":36,"gold_loss":0},{"damage_healed":0,"gold_gain":0,"player_choice":"Cursed","damage_taken":0,"max_hp_gain":0,"max_hp_loss":0,"event_name":"Wheel of Change","floor":38,"gold_loss":0,"cards_obtained":["Decay"]}],"is_beta":true,"boss_relics":[{"not_picked":["Velvet Choker","Ectoplasm"],"picked":"Snecko Eye"},{"not_picked":["Black Star","Empty Cage"],"picked":"Inserter"}],"items_purged_floors":[31,39],"is_endless":false,"potions_floor_spawned":[1,10,12,14,25,27,29,30,35,40,48],"ascension_level":20}