{"path_per_floor":["M","M","$","?","M","E","R","?","T","M","R","M","$","?","R","B",null,"M","M","?","$","M","R","$","E","T","$","R"],"character_chosen":"DEFECT","items_purchased":["Capacitor","Storm"],"gold_per_floor":[12,25,25,25,39,67,67,32,32,45,45,58,58,58,58,157,157,157,157,157,123,123,123,49,49,49,49,49,49],"floor_reached":29,"campfire_rested":0,"playtime":1095,"item_purchase_floors":[21,24],"current_hp_per_floor":[63,63,63,68,61,31,31,51,51,40,40,45,45,38,38,13,63,64,64,64,64,62,62,62,50,50,50,50,0],"items_purged":[],"gold":49,"score":362,"play_id":"305d0bea-2475-4ca8-abf1-13b035f9c0e5","local_time":"20180608222803","is_prod":false,"is_daily":false,"chose_seed":false,"is_ascension_mode":true,"campfire_upgraded":5,"win_rate":0,"timestamp":1528522083,"campfire_choices":[{"data":"Zap","floor":7,"key":"SMITH"},{"data":"Creative AI","floor":11,"key":"SMITH"},{"data":"White Noise","floor":15,"key":"SMITH"},{"data":"Dualcast","floor":23,"key":"SMITH"},{"data":"Stack","floor":28,"key":"SMITH"}],"path_taken":["M","M","$","?","M","E","R","?","T","M","R","M","$","?","R","BOSS","M","M","?","$","?","R","$","E","T","?","R","?"],"build_version":"2018-06-07v2","seed_source_timestamp":28513385558062,"purchased_purges":0,"victory":false,"master_deck":["Strike_B","Strike_B","Defend_B","Defend_B","Defend_B","Defend_B","Zap+1","Dualcast+1","AscendersBane","Creative AI+1","Conserve Battery","Gash","Coolheaded","Stack+1","Self Repair","White Noise+1","Seek","Conserve Battery","FTL","Capacitor","Storm"],"max_hp_per_floor":[75,75,75,80,80,80,80,80,80,80,80,80,80,80,80,80,80,80,80,80,80,80,80,80,80,80,80,80,80],"relics":["Cracked Core","Gambling Chip","Unceasing Top","Ectoplasm","Boot","Bag of Marbles"],"card_choices":[{"not_picked":["Seek","Multi-Cast"],"picked":"Creative AI","floor":0},{"not_picked":["Sweeping Beam","Beam Cell"],"picked":"Conserve Battery","floor":1},{"not_picked":["Doom and Gloom","Heatsinks"],"picked":"Gash","floor":2},{"not_picked":["Beam Cell","Force Field"],"picked":"Coolheaded","floor":5},{"not_picked":["Double Energy","Reprogram"],"picked":"Stack","floor":6},{"not_picked":["Barrage","Stack"],"picked":"Self Repair","floor":10},{"not_picked":["Beam Cell","Turbo"],"picked":"White Noise","floor":12},{"not_picked":["Thunder Strike","All For One"],"picked":"Seek","floor":16},{"not_picked":["Gash","Steam"],"picked":"Conserve Battery","floor":18},{"not_picked":["Rebound","Turbo"],"picked":"FTL","floor":19},{"not_picked":["Heatsinks+1","Turbo","Hologram+1"],"picked":"SKIP","floor":22},{"not_picked":["Steam+1","Reprogram+1","Coolheaded"],"picked":"SKIP","floor":25}],"player_experience":625756,"potions_floor_usage":[18,22,25,29],"damage_taken":[{"damage":5,"enemies":"Small Slimes","floor":1,"turns":4},{"damage":0,"enemies":"2 Louse","floor":2,"turns":2},{"damage":7,"enemies":"Jaw Worm","floor":5,"turns":4},{"damage":30,"enemies":"3 Sentries","floor":6,"turns":6},{"damage":11,"enemies":"Exordium Wildlife","floor":10,"turns":7},{"damage":2,"enemies":"Large Slime","floor":12,"turns":8},{"damage":32,"enemies":"The Guardian","floor":16,"turns":9},{"damage":6,"enemies":"Chosen","floor":18,"turns":8},{"damage":7,"enemies":"Shell Parasite","floor":19,"turns":7},{"damage":9,"enemies":"Chosen and Byrds","floor":22,"turns":6},{"damage":19,"enemies":"Slavers","floor":25,"turns":5},{"damage":52,"enemies":"Cultist and Chosen","floor":29,"turns":4}],"relics_obtained":[{"floor":6,"key":"Gambling Chip"},{"floor":9,"key":"Unceasing Top"},{"floor":25,"key":"Boot"},{"floor":26,"key":"Bag of Marbles"}],"event_choices":[{"event_name":"Big Fish","player_choice":"Donut","floor":4,"damage_taken":0},{"event_name":"The Cleric","player_choice":"Healed","floor":8,"damage_taken":0},{"event_name":"Golden Wing","player_choice":"Card Removal","floor":14,"damage_taken":0},{"event_name":"Purifier","player_choice":"One Purge","floor":20,"damage_taken":0}],"boss_relics":[{"not_picked":["Eternal Feather","Runic Pyramid"],"picked":"Ectoplasm"}],"items_purged_floors":[],"potions_floor_spawned":[6,10,16,19],"seed_played":"6639872270762518690","killed_by":"Cultist and Chosen","ascension_level":10,"potions_obtained":[{"floor":6,"key":"SneckoOil"},{"floor":10,"key":"Ancient Potion"},{"floor":16,"key":"Block Potion"},{"floor":19,"key":"AttackPotion"}],"is_trial":false}