{"gold_per_floor":[111,128,140,140,157,191,191,254,277,295,137,137,157,170,170,247,247,261,261,272,30,30],"floor_reached":22,"playtime":649,"items_purged":["Strike_R"],"score":366,"play_id":"e6e46d38-2b16-4949-8bd8-912c8ecbf642","local_time":"20190201001030","is_ascension_mode":true,"campfire_choices":[{"floor":7,"key":"REST"},{"data":"Corruption","floor":12,"key":"SMITH"},{"data":"Metallicize","floor":15,"key":"SMITH"}],"neow_cost":"TEN_PERCENT_HP_LOSS","seed_source_timestamp":140124800998782,"circlet_count":0,"master_deck":["AscendersBane","Strike_R","Strike_R","Strike_R","Strike_R+1","Defend_R","Defend_R+1","Defend_R","Defend_R","Bash+1","Purity+1","Metamorphosis","Battle Trance","Uppercut","Pummel","Metallicize","Corruption+1","Metallicize+1","True Grit","Demon Form","Armaments","Clothesline","Evolve"],"relics":["Burning Blood","Singing Bowl","Tiny Chest","Bronze Scales","Mark of Pain","War Paint"],"potions_floor_usage":[6,8,14,16],"damage_taken":[{"damage":9,"enemies":"Small Slimes","floor":1,"turns":3},{"damage":7,"enemies":"Jaw Worm","floor":2,"turns":3},{"damage":6,"enemies":"Cultist","floor":3,"turns":4},{"damage":13,"enemies":"Blue Slaver","floor":5,"turns":4},{"damage":15,"enemies":"3 Sentries","floor":6,"turns":3},{"damage":2,"enemies":"Lagavulin","floor":8,"turns":4},{"damage":13,"enemies":"Looter","floor":10,"turns":4},{"damage":12,"enemies":"Red Slaver","floor":13,"turns":4},{"damage":2,"enemies":"Exordium Wildlife","floor":14,"turns":4},{"damage":41,"enemies":"Hexaghost","floor":16,"turns":10},{"damage":22,"enemies":"Chosen","floor":18,"turns":6},{"damage":24,"enemies":"2 Thieves","floor":20,"turns":5},{"damage":31,"enemies":"Shelled Parasite and Fungi","floor":22,"turns":4}],"seed_played":"1311087234874267072","potions_obtained":[{"floor":1,"key":"AttackPotion"},{"floor":6,"key":"Poison Potion"},{"floor":8,"key":"SpeedPotion"},{"floor":10,"key":"SteroidPotion"},{"floor":13,"key":"Block Potion"},{"floor":14,"key":"FearPotion"},{"floor":19,"key":"FairyPotion"}],"is_trial":false,"path_per_floor":["M","M","M","?","M","E","R","E","T","M","$","R","M","M","R","B",null,"M","?","M","$","M"],"character_chosen":"IRONCLAD","items_purchased":["Metallicize","Evolve","War Paint"],"campfire_rested":1,"item_purchase_floors":[11,21,21],"current_hp_per_floor":[65,64,64,44,37,28,48,54,54,47,47,47,43,47,47,12,57,41,41,23,23,0],"gold":30,"neow_bonus":"RANDOM_COLORLESS_2","is_prod":false,"is_daily":false,"chose_seed":false,"campfire_upgraded":2,"win_rate":0,"timestamp":1549005030,"path_taken":["M","M","M","?","M","E","R","E","T","M","$","R","M","M","R","BOSS","M","?","?","$","M"],"build_version":"2019-01-23","purchased_purges":1,"victory":false,"max_hp_per_floor":[68,68,68,68,68,68,68,70,70,70,70,70,72,72,72,72,72,72,72,72,72,72],"card_choices":[{"not_picked":["Cleave","Warcry"],"picked":"Battle Trance","floor":1},{"not_picked":["Perfected Strike","Anger"],"picked":"Uppercut","floor":2},{"not_picked":["Clash","Body Slam","Wild Strike"],"picked":"SKIP","floor":3},{"not_picked":["Heavy Blade","Body Slam"],"picked":"Pummel","floor":5},{"not_picked":["Perfected Strike","Impervious"],"picked":"Metallicize","floor":6},{"not_picked":["Sentinel","Flex","Heavy Blade"],"picked":"Singing Bowl","floor":8},{"not_picked":["Flex","Shrug It Off"],"picked":"Corruption","floor":10},{"not_picked":["Perfected Strike","Rupture","Sword Boomerang"],"picked":"Singing Bowl","floor":13},{"not_picked":["Uppercut","Iron Wave"],"picked":"True Grit","floor":14},{"not_picked":["Offering","Berserk"],"picked":"Demon Form","floor":16},{"not_picked":["Corruption","Blood for Blood"],"picked":"Armaments","floor":18},{"not_picked":["Cleave","Pommel Strike+1"],"picked":"Clothesline","floor":20}],"player_experience":1050145,"relics_obtained":[{"floor":6,"key":"Singing Bowl"},{"floor":8,"key":"Tiny Chest"},{"floor":9,"key":"Bronze Scales"}],"event_choices":[{"damage_healed":0,"gold_gain":0,"player_choice":"Entered Light","damage_taken":20,"max_hp_gain":0,"max_hp_loss":0,"event_name":"Shining Light","floor":4,"gold_loss":0,"cards_upgraded":["Bash","Strike_R"]},{"damage_healed":0,"gold_gain":0,"player_choice":"Got Potions","damage_taken":0,"max_hp_gain":0,"max_hp_loss":0,"event_name":"Lab","floor":19,"gold_loss":0}],"is_beta":true,"boss_relics":[{"not_picked":["Black Star","Philosopher\u0027s Stone"],"picked":"Mark of Pain"}],"items_purged_floors":[11],"is_endless":false,"potions_floor_spawned":[1,6,8,10,13,14,20],"killed_by":"Shelled Parasite and Fungi","ascension_level":17}