{"path_per_floor":["M","T","M","M","?","E","R","E","T","$","M","?","?","E","R","B",null,"M","$","?","M","$","R","M","?","T","R","?","R","$","M","R","B",null,"M","?","?","M","?","R","M","M","T","T","M","$","R","$","R","B"],"character_chosen":"THE_SILENT","items_purchased":["Blur","Swift Potion","Well Laid Plans"],"gold_per_floor":[112,139,156,169,119,147,147,177,177,12,29,29,29,64,64,142,142,142,2,2,2,2,2,2,2,2,2,2,2,2,2,2,2,2,2,2,2,2,2,2,2,2,2,2,2,2,2,2,2,2],"floor_reached":51,"campfire_rested":0,"playtime":2060,"current_hp_per_floor":[52,52,45,44,44,29,29,9,9,9,9,31,24,17,17,17,54,54,54,54,53,53,53,18,18,18,18,18,18,18,18,18,18,29,28,28,28,28,28,28,28,28,28,28,28,28,28,28,28,27],"items_purged":["Strike_G","Strike_G"],"gold":2,"score":1352,"play_id":"2a483123-b903-46cf-82bf-ed7108a31791","local_time":"20180407231442","is_prod":false,"is_daily":false,"is_ascension_mode":true,"campfire_upgraded":5,"timestamp":1523157282,"path_taken":["M","?","M","?","?","E","R","E","T","?","?","?","?","E","R","BOSS","M","$","?","M","$","R","M","?","T","R","?","R","$","M","R","BOSS","M","?","?","?","?","R","M","M","T","?","M","$","R","$","R","BOSS"],"build_version":"2018-04-05v2","purchased_purges":2,"victory":true,"master_deck":["Defend_G","Defend_G","Defend_G","Survivor","AscendersBane","Bouncing Flask+1","Blur","Catalyst+1","Noxious Fumes+1","Noxious Fumes+1","Blur","Burst+1","Deadly Poison","Well Laid Plans","Ghostly","Ghostly","Ghostly","Ghostly","Ghostly","Deflect","Thinking Ahead"],"max_hp_per_floor":[66,66,66,66,66,66,66,66,66,66,66,66,66,66,66,66,66,66,66,66,66,66,66,66,33,33,33,33,33,33,33,33,33,33,33,33,33,33,33,33,33,33,33,33,33,33,33,33,33,33],"relics":["Ring of the Snake","Bag of Preparation","Blue Candle","Dodecahedron","Peace Pipe","Bronze Scales","Ectoplasm","The Specimen","Mercury Hourglass","Velvet Choker","Happy Flower","Calipers"],"card_choices":[{"not_picked":["Outmaneuver","Poisoned Stab"],"picked":"Bouncing Flask","floor":1},{"not_picked":["Dagger Throw","Prepared"],"picked":"Blur","floor":3},{"not_picked":["Quick Slash","Escape Plan"],"picked":"Catalyst","floor":4},{"not_picked":["After Image","Deadly Poison"],"picked":"Noxious Fumes","floor":6},{"not_picked":["Bane","Deadly Poison"],"picked":"Noxious Fumes","floor":8},{"not_picked":["Outmaneuver","Dagger Throw"],"picked":"Burst","floor":14},{"not_picked":["Acrobatics","Poisoned Stab"],"picked":"Deadly Poison","floor":18},{"not_picked":["Footwork","Concentrate"],"picked":"Deflect","floor":35},{"not_picked":["Purity","Deep Breath"],"picked":"Thinking Ahead","floor":36}],"player_experience":738251,"potions_floor_usage":[14,16,33,33,45,50],"damage_taken":[{"damage":7,"enemies":"Cultist","floor":1,"turns":5},{"damage":7,"enemies":"Small Slimes","floor":3,"turns":3},{"damage":1,"enemies":"Jaw Worm","floor":4,"turns":3},{"damage":15,"enemies":"Lagavulin","floor":6,"turns":6},{"damage":20,"enemies":"3 Sentries","floor":8,"turns":7},{"damage":0,"enemies":"Large Slime","floor":11,"turns":3},{"damage":7,"enemies":"Lagavulin","floor":14,"turns":7},{"damage":0,"enemies":"Hexaghost","floor":16,"turns":6},{"damage":0,"enemies":"Shell Parasite","floor":18,"turns":6},{"damage":1,"enemies":"Spheric Guardian","floor":21,"turns":2},{"damage":35,"enemies":"Slaver and Parasite","floor":24,"turns":5},{"damage":0,"enemies":"Chosen and Byrds","floor":31,"turns":4},{"damage":0,"enemies":"Champ","floor":33,"turns":6},{"damage":1,"enemies":"Orb Walker","floor":35,"turns":5},{"damage":0,"enemies":"3 Shapes","floor":38,"turns":4},{"damage":0,"enemies":"Maw","floor":41,"turns":3},{"damage":0,"enemies":"Sphere and 2 Shapes","floor":42,"turns":5},{"damage":0,"enemies":"4 Shapes","floor":45,"turns":5},{"damage":1,"enemies":"Awakened One","floor":50,"turns":11}],"event_choices":[{"event_name":"The Cleric","player_choice":"Card Removal","floor":5,"damage_taken":0},{"event_name":"Big Fish","player_choice":"Banana","floor":12,"damage_taken":0},{"event_name":"Golden Wing","player_choice":"Card Removal","floor":13,"damage_taken":0},{"event_name":"The Mausoleum","player_choice":"Yes","floor":20,"damage_taken":0},{"event_name":"Ghosts","player_choice":"Became a Ghost","floor":25,"damage_taken":0},{"event_name":"Addict","player_choice":"Ignored","floor":28,"damage_taken":0},{"event_name":"SensoryStone","player_choice":"Memory 1","floor":36,"damage_taken":0},{"event_name":"Mysterious Sphere","player_choice":"Ignore","floor":37,"damage_taken":0}],"boss_relics":[{"not_picked":["Orrery","Runic Pyramid"],"picked":"Ectoplasm"},{"not_picked":["Black Star","Pandora\u0027s Box"],"picked":"Velvet Choker"}],"potions_floor_spawned":[3,8,16,18,21,24,35],"seed_played":"2208702492172604118","ascension_level":14,"is_trial":false}