{"gold_per_floor":[113,113,163,175,194,194,204,234,234,234,384,384,384,11,11,85,85,105,119,119,119,119,144,105,105,105,140,2,2,17,17,17,17],"floor_reached":33,"playtime":1435,"items_purged":["Doubt"],"score":541,"play_id":"205be6ad-b3f1-4fde-b74c-936b8f02fddc","local_time":"20190326064905","is_ascension_mode":true,"campfire_choices":[{"data":"Static Discharge","floor":6,"key":"SMITH"},{"data":"Storm","floor":10,"key":"SMITH"},{"data":"Go for the Eyes","floor":13,"key":"SMITH"},{"data":"Loop","floor":15,"key":"SMITH"},{"data":"Consume","floor":25,"key":"SMITH"},{"data":"Loop","floor":29,"key":"SMITH"},{"data":"Static Discharge","floor":32,"key":"SMITH"}],"neow_cost":"TEN_PERCENT_HP_LOSS","seed_source_timestamp":795669979665236,"circlet_count":0,"master_deck":["AscendersBane","Defend_B","Defend_B","Defend_B+1","Defend_B","Zap","Dualcast","Storm+1","Reinforced Body","Static Discharge+1","Glacier","Go for the Eyes+1","Loop+1","All For One","Gash","Stack","Chill","Core Surge","Leap","Compile Driver","Aggregate+1","Bite","Bite","Bite","Bite","Bite","Necronomicurse","Blizzard+1","Consume+1","Ball Lightning+1","Loop+1","Static Discharge+1"],"relics":["Cracked Core","Pocketwatch","Darkstone Periapt","Bottled Tornado","OrangePellets","Orrery","Necronomicon","Molten Egg 2","Letter Opener","Pantograph"],"potions_floor_usage":[7,27,30,33],"damage_taken":[{"damage":0,"enemies":"Cultist","floor":1,"turns":3},{"damage":0,"enemies":"Jaw Worm","floor":4,"turns":4},{"damage":0,"enemies":"2 Louse","floor":5,"turns":2},{"damage":14,"enemies":"Lots of Slimes","floor":7,"turns":3},{"damage":12,"enemies":"3 Sentries","floor":8,"turns":10},{"damage":6,"enemies":"Hexaghost","floor":16,"turns":7},{"damage":0,"enemies":"Spheric Guardian","floor":18,"turns":6},{"damage":6,"enemies":"3 Byrds","floor":19,"turns":4},{"damage":15,"enemies":"Book of Stabbing","floor":23,"turns":5},{"damage":13,"enemies":"Gremlin Leader","floor":27,"turns":7},{"damage":16,"enemies":"Cultist and Chosen","floor":30,"turns":3},{"damage":49,"enemies":"Automaton","floor":33,"turns":6}],"seed_played":"6596824128323774957","potions_obtained":[{"floor":1,"key":"Swift Potion"},{"floor":18,"key":"Ancient Potion"},{"floor":23,"key":"Weak Potion"}],"is_trial":false,"path_per_floor":["M","?","?","M","M","R","M","E","T","R","?","?","R","$","R","B",null,"M","M","?","?","?","E","$","R","T","E","$","R","M","$","R","B"],"character_chosen":"DEFECT","items_purchased":["OrangePellets","Loop","Consume","Fire Potion","Loop"],"campfire_rested":0,"item_purchase_floors":[14,14,24,28,28],"current_hp_per_floor":[64,45,45,45,45,45,31,19,19,19,25,15,15,15,15,9,55,55,49,49,34,45,36,36,36,36,27,27,27,13,13,13,0],"gold":17,"neow_bonus":"ONE_RARE_RELIC","is_prod":false,"is_daily":false,"chose_seed":false,"campfire_upgraded":7,"win_rate":0,"timestamp":1553597345,"path_taken":["M","?","?","M","M","R","?","E","T","R","?","?","R","$","R","BOSS","M","?","?","?","?","E","$","R","T","E","$","R","?","$","R","BOSS"],"build_version":"2019-01-23","purchased_purges":1,"victory":false,"max_hp_per_floor":[64,64,64,64,64,64,64,64,64,64,70,70,70,70,70,70,70,70,70,49,55,55,55,55,55,55,55,55,55,55,55,55,55],"card_choices":[{"not_picked":["Rebound","Beam Cell"],"picked":"Storm","floor":1},{"not_picked":["Coolheaded","Undo"],"picked":"Reinforced Body","floor":4},{"not_picked":["Lockon","Recycle"],"picked":"Static Discharge","floor":5},{"not_picked":["Scrape","Sweeping Beam"],"picked":"Glacier","floor":7},{"not_picked":["All For One","FTL"],"picked":"Go for the Eyes","floor":8},{"not_picked":["Fission","Meteor Strike"],"picked":"All For One","floor":16},{"not_picked":["Redo","Steam"],"picked":"Gash","floor":17},{"not_picked":["Beam Cell","Hologram"],"picked":"Stack","floor":17},{"not_picked":["Go for the Eyes","Doom and Gloom"],"picked":"Chill","floor":17},{"not_picked":["Skim","Compile Driver"],"picked":"Core Surge","floor":17},{"not_picked":["Streamline","Redo"],"picked":"Leap","floor":17},{"not_picked":["Redo","Stack"],"picked":"Compile Driver","floor":18},{"not_picked":["Stack+1","Conserve Battery"],"picked":"Aggregate+1","floor":19},{"not_picked":["Compile Driver","BootSequence"],"picked":"Blizzard","floor":23},{"not_picked":["Rebound+1","Coolheaded"],"picked":"Ball Lightning+1","floor":27},{"not_picked":["Conserve Battery","Sweeping Beam+1"],"picked":"Static Discharge","floor":30}],"player_experience":1425443,"relics_obtained":[{"floor":8,"key":"Darkstone Periapt"},{"floor":9,"key":"Bottled Tornado"},{"floor":21,"key":"Necronomicon"},{"floor":23,"key":"Molten Egg 2"},{"floor":26,"key":"Letter Opener"},{"floor":27,"key":"Pantograph"}],"event_choices":[{"damage_healed":0,"gold_gain":0,"player_choice":"Entered Light","damage_taken":19,"max_hp_gain":0,"max_hp_loss":0,"event_name":"Shining Light","floor":2,"gold_loss":0,"cards_upgraded":["Defend_B","Strike_B"]},{"damage_healed":0,"gold_gain":50,"player_choice":"Pray","damage_taken":0,"max_hp_gain":0,"max_hp_loss":0,"event_name":"Golden Shrine","floor":3,"gold_loss":0},{"damage_healed":0,"gold_gain":150,"player_choice":"AGREE","damage_taken":0,"max_hp_gain":0,"max_hp_loss":0,"event_name":"Liars Game","floor":11,"gold_loss":0,"cards_obtained":["Doubt"]},{"damage_healed":0,"gold_gain":0,"player_choice":"Damaged","damage_taken":10,"max_hp_gain":0,"max_hp_loss":0,"event_name":"Wheel of Change","floor":12,"gold_loss":0},{"damage_healed":0,"gold_gain":0,"player_choice":"Became a vampire","damage_taken":0,"max_hp_gain":0,"max_hp_loss":21,"event_name":"Vampires","floor":20,"gold_loss":0,"cards_obtained":["Bite","Bite","Bite","Bite","Bite"]},{"damage_healed":0,"gold_gain":0,"player_choice":"Obtained Book","damage_taken":21,"max_hp_gain":0,"max_hp_loss":0,"event_name":"Cursed Tome","floor":21,"gold_loss":0},{"damage_healed":11,"gold_gain":0,"player_choice":"Heal","damage_taken":0,"max_hp_gain":0,"max_hp_loss":0,"event_name":"The Library","floor":22,"gold_loss":0}],"is_beta":false,"boss_relics":[{"not_picked":["Lizard Tail","Ectoplasm"],"picked":"Orrery"}],"items_purged_floors":[14],"is_endless":false,"potions_floor_spawned":[1,18,23],"killed_by":"Automaton","ascension_level":17}