{"path_per_floor":["M","?","M","M","?","R","M","R","T","R","?","M","M","$","R"],"character_chosen":"THE_SILENT","items_purchased":["Membership Card","Toxic Egg 2"],"gold_per_floor":[141,316,332,342,372,372,389,389,389,389,389,407,427,23,23,23],"floor_reached":16,"campfire_rested":1,"playtime":738,"current_hp_per_floor":[64,64,62,60,60,60,23,23,23,44,37,37,33,33,33,0],"items_purged":[],"gold":23,"score":156,"play_id":"7e3657e4-c00b-4c54-987b-49d91e1e4dbc","local_time":"20180407132432","is_prod":false,"is_daily":false,"is_ascension_mode":true,"campfire_upgraded":3,"timestamp":1523121872,"path_taken":["M","?","?","M","?","R","M","R","T","R","?","M","M","$","R","BOSS"],"build_version":"2018-04-05v2","purchased_purges":0,"victory":false,"master_deck":["Defend_G","Defend_G","Defend_G","Defend_G","Defend_G","Strike_G","Strike_G","Strike_G","Strike_G+1","Strike_G","Survivor+1","Neutralize","AscendersBane","Setup+1","Underhanded Strike","Doubt","Escape Plan","Eviscerate","Dash","Eviscerate","Footwork+1"],"max_hp_per_floor":[71,71,71,71,71,71,71,71,71,71,71,71,71,71,71,71],"relics":["Tiny House","Tiny Chest","Ice Cream","Membership Card","Toxic Egg 2"],"card_choices":[{"not_picked":["Underhanded Strike","Well Laid Plans"],"picked":"Setup","floor":0},{"not_picked":["Poisoned Stab","Dagger Throw"],"picked":"Underhanded Strike","floor":1},{"not_picked":["Dodge and Roll","Endless Agony"],"picked":"Escape Plan","floor":3},{"not_picked":["Concentrate","Blade Dance"],"picked":"Eviscerate","floor":4},{"not_picked":["Reflex","Flying Knee"],"picked":"Dash","floor":7},{"not_picked":["Backflip","Blade Dance"],"picked":"Eviscerate","floor":12},{"not_picked":["Sucker Punch","Dagger Spray"],"picked":"Footwork","floor":13}],"player_experience":712253,"potions_floor_usage":[4,7,13],"damage_taken":[{"damage":0,"enemies":"2 Louse","floor":1,"turns":3},{"damage":2,"enemies":"Jaw Worm","floor":3,"turns":5},{"damage":2,"enemies":"Cultist","floor":4,"turns":4},{"damage":37,"enemies":"Large Slime","floor":7,"turns":14},{"damage":0,"enemies":"Blue Slaver","floor":12,"turns":4},{"damage":4,"enemies":"Red Slaver","floor":13,"turns":3},{"damage":35,"enemies":"Slime Boss","floor":16,"turns":8}],"event_choices":[{"event_name":"Liars Game","player_choice":"agreed","floor":2,"damage_taken":0},{"event_name":"Big Fish","player_choice":"Box","floor":5,"damage_taken":0},{"event_name":"Golden Wing","player_choice":"Card Removal","floor":11,"damage_taken":0}],"boss_relics":[],"potions_floor_spawned":[1,7],"seed_played":"-5692550770570165069","killed_by":"Slime Boss","ascension_level":14,"is_trial":false}