{"gold_per_floor":[115,135,212,223,223,251,251,265,292,292,323,10,10,29,29,107,107,119,119,132,132,145,145,172,122,122,183,183],"floor_reached":28,"playtime":1121,"items_purged":[],"score":532,"play_id":"569b6b68-10d6-43b6-94b3-9c2a271e64a1","local_time":"20190426065352","is_ascension_mode":true,"campfire_choices":[{"floor":7,"key":"REST"},{"floor":10,"key":"REST"},{"data":"Loop","floor":13,"key":"SMITH"},{"data":"Static Discharge","floor":15,"key":"SMITH"},{"floor":23,"key":"REST"}],"neow_cost":"PERCENT_DAMAGE","seed_source_timestamp":305073463905075,"circlet_count":0,"master_deck":["AscendersBane","Strike_B+1","Strike_B+1","Strike_B+1","Strike_B+1","Defend_B+1","Defend_B+1","Defend_B+1","Defend_B+1","Zap","Dualcast","Doom and Gloom","Loop+1","Coolheaded","Cold Snap","Compile Driver","Static Discharge+1","Genetic Algorithm","Rainbow","Consume"],"relics":["Cracked Core","Boot","DataDisk","Juzu Bracelet","Runic Capacitor","Snecko Eye","Blood Vial","Letter Opener","Tiny Chest"],"potions_floor_usage":[6,16,22,24,27,27],"damage_taken":[{"damage":9,"enemies":"Small Slimes","floor":1,"turns":4},{"damage":2,"enemies":"Jaw Worm","floor":2,"turns":3},{"damage":0,"enemies":"2 Louse","floor":4,"turns":3},{"damage":22,"enemies":"Lagavulin","floor":6,"turns":6},{"damage":6,"enemies":"Red Slaver","floor":8,"turns":3},{"damage":16,"enemies":"3 Sentries","floor":11,"turns":7},{"damage":6,"enemies":"Looter","floor":14,"turns":3},{"damage":10,"enemies":"The Guardian","floor":16,"turns":9},{"damage":6,"enemies":"Spheric Guardian","floor":18,"turns":4},{"damage":26,"enemies":"Shell Parasite","floor":20,"turns":3},{"damage":6,"enemies":"Chosen and Byrds","floor":22,"turns":5},{"damage":7,"enemies":"Book of Stabbing","floor":24,"turns":5},{"damage":37,"enemies":"Slavers","floor":27,"turns":3},{"damage":14,"enemies":"Colosseum Slavers","floor":28,"turns":1}],"seed_played":"6079979015597323771","potions_obtained":[{"floor":4,"key":"FearPotion"},{"floor":6,"key":"SteroidPotion"},{"floor":11,"key":"Fire Potion"},{"floor":18,"key":"Energy Potion"},{"floor":22,"key":"Weak Potion"},{"floor":24,"key":"SteroidPotion"}],"is_trial":false,"path_per_floor":["M","M","?","M","?","E","R","M","T","R","E","$","R","M","R","B",null,"M","?","M","$","M","R","E","?","T","E","?"],"character_chosen":"DEFECT","items_purchased":["Runic Capacitor","Static Discharge"],"campfire_rested":3,"item_purchase_floors":[12,12],"current_hp_per_floor":[51,49,49,49,23,1,26,20,20,45,29,29,29,23,23,13,67,61,61,35,35,29,54,47,47,47,12,0],"gold":183,"neow_bonus":"TWENTY_PERCENT_HP_BONUS","is_prod":false,"is_daily":false,"chose_seed":false,"campfire_upgraded":2,"win_rate":0,"timestamp":1556276032,"path_taken":["M","M","?","M","?","E","R","M","T","R","E","?","R","M","R","BOSS","M","?","M","$","M","R","E","?","T","E","?"],"build_version":"2019-01-23","purchased_purges":0,"victory":false,"max_hp_per_floor":[85,85,85,85,85,85,85,85,85,85,85,85,85,85,85,85,85,85,85,85,85,85,85,85,85,85,85,85],"card_choices":[{"not_picked":["Turbo","Scrape"],"picked":"Doom and Gloom","floor":1},{"not_picked":["Go for the Eyes","Darkness"],"picked":"Loop","floor":2},{"not_picked":["Streamline","Rebound","Skim"],"picked":"SKIP","floor":4},{"not_picked":["Skim","Reinforced Body"],"picked":"Coolheaded","floor":6},{"not_picked":["Barrage","Hologram"],"picked":"Cold Snap","floor":8},{"not_picked":["Redo","Fission"],"picked":"Compile Driver","floor":11},{"not_picked":["Skim","Leap"],"picked":"Genetic Algorithm","floor":14},{"not_picked":["All For One","Amplify"],"picked":"Rainbow","floor":16},{"not_picked":["Ball Lightning","Undo"],"picked":"Consume","floor":18},{"not_picked":["Go for the Eyes","Rebound","Turbo"],"picked":"SKIP","floor":20},{"not_picked":["Reinforced Body","Scrape","Sweeping Beam"],"picked":"SKIP","floor":22},{"not_picked":["Steam","Skim","Chill"],"picked":"SKIP","floor":24},{"not_picked":["Go for the Eyes","Hello World","Stack"],"picked":"SKIP","floor":27}],"player_experience":1953522,"relics_obtained":[{"floor":6,"key":"Boot"},{"floor":9,"key":"DataDisk"},{"floor":11,"key":"Juzu Bracelet"},{"floor":24,"key":"Blood Vial"},{"floor":26,"key":"Letter Opener"},{"floor":27,"key":"Tiny Chest"}],"event_choices":[{"damage_healed":0,"gold_gain":77,"player_choice":"Gained Gold","damage_taken":0,"max_hp_gain":0,"max_hp_loss":0,"event_name":"Golden Wing","floor":3,"gold_loss":0},{"damage_healed":0,"gold_gain":0,"player_choice":"Entered Light","damage_taken":26,"max_hp_gain":0,"max_hp_loss":0,"event_name":"Shining Light","floor":5,"gold_loss":0,"cards_upgraded":["Strike_B","Defend_B"]},{"damage_healed":0,"gold_gain":0,"player_choice":"Simplicity","damage_taken":0,"max_hp_gain":0,"max_hp_loss":0,"event_name":"Back to Basics","floor":19,"gold_loss":0,"cards_upgraded":["Strike_B","Strike_B","Strike_B","Defend_B","Defend_B","Defend_B"]},{"damage_healed":0,"gold_gain":0,"player_choice":"Bet on Murderer","damage_taken":0,"max_hp_gain":0,"max_hp_loss":0,"event_name":"The Joust","floor":25,"gold_loss":50},{"damage_healed":0,"gold_gain":0,"player_choice":"Fight","damage_taken":0,"max_hp_gain":0,"max_hp_loss":0,"event_name":"Colosseum","floor":28,"gold_loss":0}],"is_beta":false,"boss_relics":[{"not_picked":["Fusion Hammer","Ectoplasm"],"picked":"Snecko Eye"}],"items_purged_floors":[],"is_endless":false,"potions_floor_spawned":[4,6,11,18,22,24],"killed_by":"Colosseum Slavers","ascension_level":20}