{"gold_per_floor":[116,116,116,41,68,68,68,99,153,179,77,77,109,119,119,196,196,213,227,45,65,43,72,72,98,167,200,220,220,220,240,240,315,315,325,1324,1341,1355,676,711,711,711,711,711,739,507,541,551,551,551,551,551,232,265,265],"floor_reached":56,"playtime":2422,"items_purged":["Strike_R","Normality","Normality","Strike_R+1"],"score":2269,"play_id":"9bbede33-a4ec-4154-8313-0bcd04961f67","local_time":"20190406195607","is_ascension_mode":true,"campfire_choices":[{"data":"Uppercut","floor":6.0,"key":"SMITH"},{"data":"Hemokinesis","floor":12.0,"key":"SMITH"},{"data":"Battle Trance","floor":15.0,"key":"SMITH"},{"data":"Bash","floor":24.0,"key":"SMITH"},{"floor":32.0,"key":"RECALL"},{"data":"Demon Form","floor":42.0,"key":"SMITH"},{"data":"True Grit","floor":44.0,"key":"SMITH"},{"data":"Inflame","floor":49.0,"key":"SMITH"},{"data":"Shrug It Off","floor":52.0,"key":"SMITH"}],"neow_cost":"NONE","seed_source_timestamp":2103355134067662,"circlet_count":0,"master_deck":["AscendersBane","Defend_R","Defend_R","Defend_R","Defend_R","Bash+1","Uppercut+1","Battle Trance+1","Headbutt","Shrug It Off+1","Hemokinesis+1","Reaper+1","Clothesline+1","Corruption","Pommel Strike+1","Clothesline+1","Blood for Blood+1","Feel No Pain+1","Fiend Fire+1","Immolate+1","Shrug It Off","Inflame+1","True Grit+1","Magnetism","Dark Shackles","Demon Form+1","Burning Pact+1","Apotheosis","Sword Boomerang+1","Bludgeon+1"],"special_seed":0,"relics":["Burning Blood","NeowsBlessing","Pear","Orichalcum","Bag of Preparation","Whetstone","Pen Nib","Molten Egg 2","Snecko Eye","PreservedInsect","Potion Belt","Torii","Bottled Lightning","Sundial","Empty Cage","Membership Card","Kunai","Bottled Flame","Happy Flower","Blood Vial","Vajra","Boot","Mummified Hand","Shuriken","Anchor"],"potions_floor_usage":[55,55,55,55],"damage_taken":[{"damage":0.0,"enemies":"Small Slimes","floor":1.0,"turns":1.0},{"damage":0.0,"enemies":"Lagavulin","floor":8.0,"turns":1.0},{"damage":0.0,"enemies":"Gremlin Nob","floor":10.0,"turns":1.0},{"damage":13.0,"enemies":"Lagavulin","floor":13.0,"turns":5.0},{"damage":3.0,"enemies":"Jaw Worm","floor":14.0,"turns":2.0},{"damage":30.0,"enemies":"Hexaghost","floor":16.0,"turns":6.0},{"damage":20.0,"enemies":"3 Byrds","floor":18.0,"turns":5.0},{"damage":12.0,"enemies":"2 Thieves","floor":19.0,"turns":4.0},{"damage":0.0,"enemies":"Cultist and Chosen","floor":21.0,"turns":3.0},{"damage":6.0,"enemies":"Book of Stabbing","floor":23.0,"turns":2.0},{"damage":23.0,"enemies":"Slavers","floor":25.0,"turns":5.0},{"damage":3.0,"enemies":"Book of Stabbing","floor":27.0,"turns":3.0},{"damage":2.0,"enemies":"Snake Plant","floor":28.0,"turns":2.0},{"damage":4.0,"enemies":"3 Cultists","floor":31.0,"turns":3.0},{"damage":53.0,"enemies":"Champ","floor":33.0,"turns":10.0},{"damage":8.0,"enemies":"3 Darklings","floor":35.0,"turns":2.0},{"damage":1.0,"enemies":"Orb Walker","floor":37.0,"turns":2.0},{"damage":17.0,"enemies":"Jaw Worm Horde","floor":38.0,"turns":5.0},{"damage":1.0,"enemies":"Reptomancer","floor":40.0,"turns":3.0},{"damage":3.0,"enemies":"Giant Head","floor":45.0,"turns":5.0},{"damage":0.0,"enemies":"Reptomancer","floor":47.0,"turns":1.0},{"damage":2.0,"enemies":"3 Darklings","floor":48.0,"turns":4.0},{"damage":49.0,"enemies":"Donu and Deca","floor":50.0,"turns":8.0},{"damage":27,"enemies":"Shield and Spear","floor":54,"turns":5},{"damage":55,"enemies":"The Heart","floor":55,"turns":7}],"seed_played":"1933878848952597990","potions_obtained":[{"floor":8.0,"key":"LiquidBronze"},{"floor":14.0,"key":"SpeedPotion"},{"floor":23.0,"key":"SpeedPotion"},{"floor":28.0,"key":"Block Potion"},{"floor":31.0,"key":"Block Potion"},{"floor":35.0,"key":"FearPotion"},{"floor":40.0,"key":"Block Potion"},{"floor":47.0,"key":"Ancient Potion"}],"is_trial":false,"path_per_floor":["M","?","?","$","T","R","?","E","T","E","$","R","E","M","R","B",null,"M","M","$","M","$","E","R","E","T","E","M","?","?","M","R","B",null,"M","?","M","M","$","E","?","R","T","R","E","$","E","M","R","B",null,"R","$","E","B",null],"character_chosen":"IRONCLAD","items_purchased":["Shrug It Off","Hemokinesis","Corruption","PreservedInsect","Clothesline+1","Membership Card","Inflame","Kunai","True Grit","Bottled Flame","Magnetism","Dark Shackles","Apotheosis","Vajra","Mummified Hand","Shuriken"],"campfire_rested":0,"item_purchase_floors":[11,11,20,20,22,39,39,39,39,39,39,39,46,46,53,53],"current_hp_per_floor":[74,66,66,66,66,66,66,72,72,78,78,78,71,74,74,50,76,69,63,63,81,81,81,81,69,69,79,85,85,85,85,85,45,75,85,85,85,76,76,81,81,81,81,81,85,85,85,85,85,61,79,79,79,60,52],"gold":265,"neow_bonus":"THREE_ENEMY_KILL","is_prod":false,"is_daily":false,"chose_seed":false,"campfire_upgraded":8,"win_rate":0,"timestamp":1554594967,"path_taken":["M","?","?","$","?","R","?","E","T","E","$","R","E","M","R","BOSS","M","M","$","M","?","E","R","E","T","E","?","?","?","M","R","BOSS","M","?","M","M","$","E","?","R","T","R","E","$","E","M","R","BOSS","R","$","E","BOSS"],"build_version":"2019-04-04","purchased_purges":4,"victory":true,"max_hp_per_floor":[75,85,85,85,85,85,85,85,85,85,85,85,85,85,85,85,85,85,85,85,85,85,85,85,85,85,85,85,85,85,85,85,85,85,85,85,85,85,85,85,85,85,85,85,85,85,85,85,85,85,85,85,85,85,85],"card_choices":[{"not_picked":["Armaments","Perfected Strike"],"picked":"Uppercut","floor":1.0},{"not_picked":["Brutality","Body Slam","Cleave"],"picked":"SKIP","floor":8.0},{"not_picked":["Entrench","Intimidate"],"picked":"Headbutt","floor":10.0},{"not_picked":["Berserk","Heavy Blade","Armaments"],"picked":"SKIP","floor":13.0},{"not_picked":["Flex","Thunderclap+1"],"picked":"Anger+1","floor":14.0},{"not_picked":["Barricade","Offering"],"picked":"Reaper+1","floor":16.0},{"not_picked":["Body Slam+1","Thunderclap+1","Perfected Strike+1"],"picked":"SKIP","floor":18.0},{"not_picked":["Power Through","Fire Breathing"],"picked":"Clothesline+1","floor":19.0},{"not_picked":["Reckless Charge+1","Armaments"],"picked":"Pommel Strike+1","floor":21.0},{"not_picked":["Hemokinesis+1","Searing Blow+1"],"picked":"Blood for Blood+1","floor":23.0},{"not_picked":["Evolve","Headbutt+1","Flex"],"picked":"SKIP","floor":25.0},{"not_picked":["Heavy Blade+1","Reckless Charge+1"],"picked":"Feel No Pain+1","floor":27.0},{"not_picked":["Cleave+1","Iron Wave+1","True Grit"],"picked":"SKIP","floor":28.0},{"not_picked":["Fire Breathing","Havoc+1","Heavy Blade+1"],"picked":"SKIP","floor":31.0},{"not_picked":["Double Tap","Berserk"],"picked":"Immolate+1","floor":33.0},{"not_picked":["Wild Strike+1","Anger+1","Iron Wave+1"],"picked":"SKIP","floor":35.0},{"not_picked":["Perfected Strike+1","Infernal Blade+1","Reckless Charge+1"],"picked":"SKIP","floor":37.0},{"not_picked":["Flex","Havoc+1"],"picked":"Shrug It Off","floor":38.0},{"not_picked":["Sever Soul+1","Reckless Charge+1"],"picked":"Demon Form","floor":40.0},{"not_picked":["Headbutt+1","Anger+1"],"picked":"Burning Pact+1","floor":45.0},{"not_picked":["Shrug It Off","Iron Wave+1"],"picked":"Sword Boomerang+1","floor":47.0},{"not_picked":["Sever Soul+1","Flex+1"],"picked":"Bludgeon+1","floor":48.0},{"not_picked":["Sentinel","Seeing Red","Anger+1"],"picked":"SKIP","floor":54}],"player_experience":2368555,"relics_obtained":[{"floor":5.0,"key":"Orichalcum"},{"floor":8.0,"key":"Bag of Preparation"},{"floor":9.0,"key":"Whetstone"},{"floor":10.0,"key":"Pen Nib"},{"floor":13.0,"key":"Molten Egg 2"},{"floor":23.0,"key":"Potion Belt"},{"floor":25.0,"key":"Torii"},{"floor":26.0,"key":"Bottled Lightning"},{"floor":27.0,"key":"Sundial"},{"floor":40.0,"key":"Happy Flower"},{"floor":45.0,"key":"Blood Vial"},{"floor":47.0,"key":"Boot"},{"floor":54,"key":"Anchor"}],"event_choices":[{"damage_healed":0.0,"max_hp_gain":0.0,"max_hp_loss":0.0,"gold_gain":0.0,"event_name":"Scrap Ooze","player_choice":"Success","floor":2.0,"gold_loss":0.0,"damage_taken":18.0,"relics_obtained":["Pear"]},{"cards_removed":["Strike_R"],"damage_healed":0.0,"max_hp_gain":0.0,"max_hp_loss":0.0,"gold_gain":0.0,"event_name":"Living Wall","player_choice":"Forget","floor":3.0,"gold_loss":0.0,"damage_taken":0.0},{"damage_healed":0.0,"max_hp_gain":0.0,"max_hp_loss":0.0,"gold_gain":0.0,"cards_transformed":["Strike_R"],"event_name":"Transmorgrifier","player_choice":"Transformed","floor":7.0,"gold_loss":0.0,"damage_taken":0.0,"cards_obtained":["Battle Trance"]},{"damage_healed":0.0,"max_hp_gain":0.0,"max_hp_loss":0.0,"gold_gain":0.0,"event_name":"The Library","player_choice":"Read","floor":29.0,"gold_loss":0.0,"damage_taken":0.0,"cards_obtained":["Fiend Fire"]},{"damage_healed":0.0,"max_hp_gain":0.0,"max_hp_loss":0.0,"gold_gain":0.0,"event_name":"Ghosts","player_choice":"Ignored","floor":30.0,"gold_loss":0.0,"damage_taken":0.0},{"damage_healed":0.0,"max_hp_gain":0.0,"max_hp_loss":0.0,"gold_gain":999.0,"event_name":"MindBloom","player_choice":"Gold","floor":36.0,"gold_loss":0.0,"damage_taken":0.0,"cards_obtained":["Normality","Normality"]},{"damage_healed":0.0,"max_hp_gain":0.0,"max_hp_loss":0.0,"gold_gain":0.0,"event_name":"Match and Keep!","player_choice":"0 cards matched","floor":41.0,"gold_loss":0.0,"damage_taken":0.0,"cards_obtained":[]},{"damage_healed":0.0,"max_hp_gain":0.0,"max_hp_loss":0.0,"gold_gain":0.0,"event_name":"Match and Keep!","player_choice":"0 cards matched","floor":41.0,"gold_loss":0.0,"damage_taken":0.0,"cards_obtained":[]}],"is_beta":true,"boss_relics":[{"not_picked":["Cursed Key","Black Blood"],"picked":"Snecko Eye"},{"not_picked":["Runic Pyramid","Eternal Feather"],"picked":"Empty Cage"}],"items_purged_floors":[4,39,46,53],"is_endless":false,"potions_floor_spawned":[8,14,18,23,28,31,35,40,47,48],"ascension_level":15}