{"gold_per_floor":[215,215,236,236,254,254,279,302,302,302,343,6,6,39,39,132,132,146,170,170,3,22,22,61,61,61,61,61,86,109,149,149,242,242,262,286,311,363,376,416,429,429,429,429,470,494,494],"floor_reached":47,"playtime":1833,"items_purged":["Strike_G"],"score":1074,"play_id":"5c089ce7-15a3-4ca8-9fe7-8aa0e5298e16","local_time":"20190508204354","is_ascension_mode":true,"campfire_choices":[{"data":"Neutralize","floor":6.0,"key":"SMITH"},{"floor":10,"key":"REST"},{"floor":13,"key":"REST"},{"data":"Noxious Fumes","floor":15,"key":"SMITH"},{"floor":23,"key":"REST"},{"data":"Wraith Form v2","floor":25,"key":"SMITH"},{"floor":28,"key":"REST"},{"floor":32,"key":"REST"},{"floor":42,"key":"REST"}],"neow_cost":"NONE","seed_source_timestamp":0,"circlet_count":0,"master_deck":["AscendersBane","Defend_G","Defend_G","Defend_G","Defend_G","Defend_G","Strike_G","Strike_G","Strike_G","Survivor","Neutralize+1","Poisoned Stab","Backstab","Noxious Fumes","All Out Attack","Noxious Fumes+1","Wraith Form v2+1","Malaise+1","Dodge and Roll","Slice","PiercingWail+1","Blur","Masterful Stab","Burst","Adrenaline"],"special_seed":0,"relics":["Ring of the Snake","Golden Idol","Ninja Scroll","Pen Nib","Shuriken","Incense Burner","WristBlade","Lantern","Pantograph","Potion Belt","Oddly Smooth Stone","Busted Crown","Orichalcum","Ancient Tea Set","Boot"],"potions_floor_usage":[8,16,24,31,33,33,47],"damage_taken":[{"damage":4.0,"enemies":"Cultist","floor":1.0,"turns":5.0},{"damage":0.0,"enemies":"2 Louse","floor":3.0,"turns":4.0},{"damage":2.0,"enemies":"Jaw Worm","floor":5.0,"turns":4.0},{"damage":0,"enemies":"Exordium Wildlife","floor":7,"turns":3},{"damage":34,"enemies":"Gremlin Gang","floor":8,"turns":5},{"damage":17,"enemies":"3 Sentries","floor":11,"turns":9},{"damage":7,"enemies":"Lagavulin","floor":14,"turns":5},{"damage":29,"enemies":"Hexaghost","floor":16,"turns":8},{"damage":0,"enemies":"Chosen","floor":18,"turns":2},{"damage":0,"enemies":"Spheric Guardian","floor":19,"turns":1},{"damage":18,"enemies":"Cultist and Chosen","floor":22,"turns":7},{"damage":13,"enemies":"Gremlin Leader","floor":24,"turns":5},{"damage":1,"enemies":"Shelled Parasite and Fungi","floor":29,"turns":4},{"damage":25,"enemies":"Snake Plant","floor":30,"turns":4},{"damage":21,"enemies":"Slavers","floor":31,"turns":7},{"damage":17,"enemies":"Automaton","floor":33,"turns":12},{"damage":4,"enemies":"3 Shapes","floor":35,"turns":7},{"damage":0,"enemies":"Orb Walker","floor":36,"turns":4},{"damage":0,"enemies":"Sphere and 2 Shapes","floor":37,"turns":5},{"damage":3,"enemies":"3 Darklings","floor":39,"turns":5},{"damage":20,"enemies":"Reptomancer","floor":40,"turns":9},{"damage":2,"enemies":"Writhing Mass","floor":41,"turns":10},{"damage":20,"enemies":"Nemesis","floor":45,"turns":11},{"damage":16,"enemies":"Spire Growth","floor":46,"turns":6},{"damage":18,"enemies":"Transient","floor":47,"turns":3}],"seed_played":"516109026751862529","potions_obtained":[{"floor":1.0,"key":"Weak Potion"},{"floor":8,"key":"Block Potion"},{"floor":14,"key":"Fire Potion"},{"floor":16,"key":"Energy Potion"},{"floor":19,"key":"Ancient Potion"},{"floor":24,"key":"GamblersBrew"},{"floor":30,"key":"Fire Potion"},{"floor":31,"key":"Strength Potion"},{"floor":35,"key":"Ancient Potion"},{"floor":36,"key":"FearPotion"},{"floor":37,"key":"Dexterity Potion"}],"is_trial":false,"path_per_floor":["M","?","M","?","M","R","M","M","T","R","E","$","R","E","R","B",null,"M","M","?","$","M","R","E","R","T","$","R","M","M","E","R","B",null,"M","M","M","T","M","E","M","R","T","?","E","M","M"],"character_chosen":"THE_SILENT","items_purchased":["Shuriken","Lantern"],"campfire_rested":6,"item_purchase_floors":[12,21],"current_hp_per_floor":[55,55,55,55,53,53,53,19,19,37,20,20,38,31,31,2,46,46,46,46,46,28,46,33,33,33,33,51,50,25,4,22,30,53,49,49,49,49,46,26,24,42,42,42,22,6,0],"gold":494,"neow_bonus":"HUNDRED_GOLD","is_prod":false,"is_daily":false,"chose_seed":false,"campfire_upgraded":3,"win_rate":0,"timestamp":1557373434,"path_taken":["M","?","M","?","M","R","M","M","T","R","E","?","R","E","R","BOSS","M","M","?","$","?","R","E","R","T","?","R","M","M","E","R","BOSS","M","?","?","?","M","E","?","R","T","?","E","?","M"],"build_version":"2019-05-07","purchased_purges":1,"victory":false,"max_hp_per_floor":[66,60,60,60,60,60,60,60,60,60,60,60,60,60,60,60,60,60,60,60,60,60,60,60,60,60,60,60,60,60,60,60,60,60,60,60,60,60,60,60,60,60,60,60,60,60,60],"card_choices":[{"not_picked":["Blur","Sucker Punch"],"picked":"Poisoned Stab","floor":1.0},{"not_picked":["Reflex","Deflect"],"picked":"Backstab","floor":3.0},{"not_picked":["Prepared","Blade Dance"],"picked":"Noxious Fumes","floor":5.0},{"not_picked":["Calculated Gamble","Blade Dance"],"picked":"All Out Attack","floor":7},{"not_picked":["Concentrate","Calculated Gamble","Bane"],"picked":"SKIP","floor":8},{"not_picked":["Bane","Flechettes"],"picked":"Noxious Fumes","floor":11},{"not_picked":["Prepared","Deadly Poison"],"picked":"Wraith Form v2","floor":14},{"not_picked":["Wraith Form v2","Die Die Die"],"picked":"Malaise","floor":16},{"not_picked":["Slice","Deadly Poison"],"picked":"Dodge and Roll","floor":18},{"not_picked":["Flechettes","Dagger Throw"],"picked":"Slice","floor":19},{"not_picked":["Riddle With Holes+1","Poisoned Stab"],"picked":"PiercingWail+1","floor":22},{"not_picked":["Venomology","PiercingWail"],"picked":"Blur","floor":24},{"not_picked":["Dagger Spray","Sucker Punch"],"picked":"Masterful Stab","floor":29},{"not_picked":["Poisoned Stab","Dagger Spray","Slice"],"picked":"SKIP","floor":30},{"not_picked":["Masterful Stab+1","Sucker Punch"],"picked":"Burst","floor":31},{"not_picked":["Venomology","Grand Finale"],"picked":"Adrenaline","floor":33},{"not_picked":["PiercingWail"],"picked":"SKIP","floor":35},{"not_picked":["Choke"],"picked":"SKIP","floor":36},{"not_picked":["Choke"],"picked":"SKIP","floor":37},{"not_picked":["Poisoned Stab+1"],"picked":"SKIP","floor":39},{"not_picked":["Bane"],"picked":"SKIP","floor":40},{"not_picked":["Acrobatics"],"picked":"SKIP","floor":41},{"not_picked":["Flying Knee"],"picked":"SKIP","floor":45},{"not_picked":["Dagger Spray"],"picked":"SKIP","floor":46}],"player_experience":1238131,"relics_obtained":[{"floor":9,"key":"Ninja Scroll"},{"floor":11,"key":"Pen Nib"},{"floor":14,"key":"Incense Burner"},{"floor":24,"key":"Pantograph"},{"floor":26,"key":"Potion Belt"},{"floor":31,"key":"Oddly Smooth Stone"},{"floor":38,"key":"Orichalcum"},{"floor":40,"key":"Ancient Tea Set"},{"floor":45,"key":"Boot"}],"event_choices":[{"damage_healed":0.0,"max_hp_gain":0.0,"max_hp_loss":6.0,"gold_gain":0.0,"event_name":"Golden Idol","player_choice":"Lose Max HP","floor":2.0,"gold_loss":0.0,"damage_taken":0.0,"relics_obtained":["Golden Idol"]},{"cards_removed":["Strike_G"],"damage_healed":0.0,"max_hp_gain":0.0,"max_hp_loss":0.0,"gold_gain":0.0,"event_name":"Living Wall","player_choice":"Forget","floor":4.0,"gold_loss":0.0,"damage_taken":0.0},{"damage_healed":0,"gold_gain":0,"player_choice":"Upgraded","damage_taken":0,"max_hp_gain":0,"max_hp_loss":0,"event_name":"Upgrade Shrine","floor":20,"gold_loss":0,"cards_upgraded":["Malaise"]},{"damage_healed":0,"gold_gain":0,"player_choice":"Ignored","damage_taken":0,"max_hp_gain":0,"max_hp_loss":0,"event_name":"SecretPortal","floor":44,"gold_loss":0}],"is_beta":true,"boss_relics":[{"not_picked":["Orrery","Eternal Feather"],"picked":"WristBlade"},{"not_picked":["Calling Bell","Empty Cage"],"picked":"Busted Crown"}],"items_purged_floors":[12],"is_endless":false,"potions_floor_spawned":[1,8,14,16,19,24,30,31,35,36,37,46],"killed_by":"Transient","ascension_level":20}