{"path_per_floor":["M","?","M","?","?","E","R","M","T","M","M","$","R","E","R","B",null,"M","?","$","M","?","R","M","$","T","?"],"character_chosen":"IRONCLAD","items_purchased":["Metallicize","Bloodletting","Medical Kit","Inflame","Art of War"],"gold_per_floor":[369,369,386,386,386,416,416,428,428,439,459,307,307,342,342,437,437,457,457,30,41,41,41,58,58,105,105],"floor_reached":28,"campfire_rested":1,"playtime":1033,"current_hp_per_floor":[72,72,63,56,56,28,49,55,55,61,63,63,63,54,54,26,72,65,65,65,57,57,57,27,27,27,27],"items_purged":[],"gold":105,"score":226,"play_id":"ac3dd33e-0336-47ab-85df-85b9a7643c8b","local_time":"20180310224824","is_prod":false,"is_daily":false,"is_ascension_mode":false,"campfire_upgraded":3,"timestamp":1520740104,"path_taken":["M","?","M","?","?","E","R","M","T","M","?","$","R","E","R","BOSS","M","?","?","?","?","R","?","$","T","?","E"],"build_version":"2018-03-09","purchased_purges":3,"victory":false,"master_deck":["Strike_R","Strike_R","Strike_R","Strike_R","Strike_R","Defend_R","Defend_R","Defend_R","Bash+1","Iron Wave","Battle Trance","Clothesline","Flex+1","Limit Break","Sword Boomerang","Metallicize+1","Bloodletting","Demon Form+1","Bloodletting+1","Flex","Inflame","Clothesline+1","Double Tap"],"max_hp_per_floor":[72,72,72,72,72,72,72,72,72,72,72,72,72,72,72,72,72,72,72,72,72,72,72,72,72,72,72],"relics":["Burning Blood","Bronze Scales","Dream Catcher","Bird Faced Urn","Blue Candle","Runic Pyramid","Medical Kit","Art of War","Orichalcum"],"card_choices":[{"not_picked":["Havoc","Headbutt"],"picked":"Iron Wave"},{"not_picked":["Iron Wave","True Grit"],"picked":"Battle Trance"},{"not_picked":["Sever Soul","Hemokinesis"],"picked":"Clothesline"},{"not_picked":["Berserk","Clash"],"picked":"Flex"},{"not_picked":["Rupture","Havoc"],"picked":"Limit Break"},{"not_picked":["Fire Breathing","Ghostly Armor"],"picked":"Sword Boomerang"},{"not_picked":["Dark Embrace","Limit Break"],"picked":"Demon Form"},{"not_picked":["Anger","Wild Strike"],"picked":"Bloodletting"},{"not_picked":["Flex","Hemokinesis"],"picked":"Clothesline"},{"not_picked":["Clothesline","Anger"],"picked":"Double Tap"}],"player_experience":437755,"potions_floor_usage":[11,11,21],"damage_taken":[{"damage":6,"enemies":"Jaw Worm","floor":1,"turns":3},{"damage":15,"enemies":"Small Slimes","floor":3,"turns":4},{"damage":34,"enemies":"Lagavulin","floor":6,"turns":6},{"damage":0,"enemies":"2 Louse","floor":8,"turns":2},{"damage":0,"enemies":"Large Slime","floor":10,"turns":6},{"damage":4,"enemies":"Gremlin Gang","floor":11,"turns":4},{"damage":17,"enemies":"3 Sentries","floor":14,"turns":7},{"damage":36,"enemies":"Hexaghost","floor":16,"turns":6},{"damage":13,"enemies":"Chosen","floor":18,"turns":6},{"damage":18,"enemies":"Shell Parasite","floor":21,"turns":3},{"damage":42,"enemies":"Centurion and Healer","floor":24,"turns":6},{"damage":37,"enemies":"Gremlin Leader","floor":28,"turns":2}],"event_choices":[{"event_name":"Big Fish","player_choice":"Box","floor":2,"damage_taken":0},{"event_name":"Golden Wing","player_choice":"Card Removal","floor":4,"damage_taken":0},{"event_name":"Upgrade Shrine","player_choice":"Upgraded","floor":5,"damage_taken":0},{"event_name":"The Library","player_choice":"Read","floor":19,"damage_taken":0},{"event_name":"Bonfire Elementals","player_choice":"BASIC","floor":22,"damage_taken":0},{"event_name":"Drug Dealer","player_choice":"Ignored","floor":27,"damage_taken":0}],"boss_relics":[{"not_picked":["Eternal Feather","Lizard Tail"],"picked":"Runic Pyramid"}],"potions_floor_spawned":[8,10,14,18],"seed_played":"7875312629279162179","killed_by":"Gremlin Leader","ascension_level":0,"is_trial":false}