{"path_per_floor":["M","M","?","M","M","R","E","?","T","R","M","M","R","$","R","B",null,"M","?","?","M","M","R","M","R","T","R","M","M","?"],"character_chosen":"THE_SILENT","items_purchased":["Caltrops","Flash of Steel"],"gold_per_floor":[119,130,100,117,129,129,158,158,183,183,195,208,208,73,73,173,173,188,88,88,102,119,119,131,131,131,131,141,154,154,154],"floor_reached":31,"campfire_rested":0,"playtime":1287,"current_hp_per_floor":[62,59,59,59,58,58,43,36,36,36,32,34,34,34,34,25,60,54,54,50,40,9,9,37,37,51,51,40,22,22,0],"items_purged":[],"gold":154,"score":396,"play_id":"fc520f09-a5b2-4198-9409-9c8c45faf6eb","local_time":"20180323210146","is_prod":false,"is_daily":false,"is_ascension_mode":true,"campfire_upgraded":7,"timestamp":1521853306,"path_taken":["M","M","?","?","?","R","E","?","T","R","M","M","R","$","R","BOSS","M","?","?","M","M","R","M","R","T","R","M","?","?","M"],"build_version":"2018-03-22v2","purchased_purges":1,"victory":false,"master_deck":["Defend_G","Defend_G","Defend_G","Defend_G","Survivor","Neutralize+1","AscendersBane","Envenom+1","Dash","Dagger Spray","Noxious Fumes+1","Doppelganger+1","Dagger Spray","Caltrops+1","Flash of Steel","After Image+1","Bouncing Flask+1","J.A.X.","Bite","Bite","Bite","Bite","Bite","Footwork","A Thousand Cuts"],"max_hp_per_floor":[70,70,70,70,70,70,70,70,70,70,70,72,72,72,72,72,72,72,72,50,52,54,54,56,56,70,70,70,72,72,72],"relics":["Lizard Tail","Art of War","Bag of Marbles","Singing Bowl","Black Star","Mango"],"card_choices":[{"not_picked":["Dagger Throw","Dodge and Roll"],"picked":"Envenom","floor":1},{"not_picked":["Leg Sweep","Cloak And Dagger"],"picked":"Dash","floor":2},{"not_picked":["Outmaneuver","Quick Slash"],"picked":"Dagger Spray","floor":4},{"not_picked":["Crippling Poison","Dagger Spray"],"picked":"Noxious Fumes","floor":5},{"not_picked":["Acrobatics","Slice"],"picked":"Doppelganger","floor":7},{"not_picked":["Deflect","Slice"],"picked":"Dagger Spray","floor":11},{"not_picked":["Storm of Steel","Burst"],"picked":"After Image","floor":16},{"not_picked":["Dagger Throw","Outmaneuver"],"picked":"Bouncing Flask","floor":18},{"not_picked":["Predator","Quick Slash"],"picked":"Footwork","floor":28}],"player_experience":590083,"potions_floor_usage":[11,18,21,29,29],"damage_taken":[{"damage":1,"enemies":"Small Slimes","floor":1,"turns":4},{"damage":3,"enemies":"Cultist","floor":2,"turns":5},{"damage":0,"enemies":"2 Louse","floor":4,"turns":3},{"damage":1,"enemies":"Looter","floor":5,"turns":4},{"damage":15,"enemies":"Lagavulin","floor":7,"turns":7},{"damage":4,"enemies":"Blue Slaver","floor":11,"turns":4},{"damage":0,"enemies":"Lots of Slimes","floor":12,"turns":1},{"damage":9,"enemies":"The Guardian","floor":16,"turns":9},{"damage":6,"enemies":"3 Byrds","floor":18,"turns":4},{"damage":22,"enemies":"Shell Parasite","floor":21,"turns":5},{"damage":43,"enemies":"Cultist and Chosen","floor":22,"turns":5},{"damage":20,"enemies":"Snake Plant","floor":24,"turns":5},{"damage":21,"enemies":"Snecko","floor":28,"turns":5},{"damage":26,"enemies":"3 Cultists","floor":29,"turns":4},{"damage":35,"enemies":"Snake Plant","floor":31,"turns":4}],"event_choices":[{"event_name":"The Woman in Blue","player_choice":"Bought 2 Potions","floor":3,"damage_taken":0},{"event_name":"Scrap Ooze","player_choice":"success","floor":8,"damage_taken":7},{"event_name":"Drug Dealer","player_choice":"Got JAXXED","floor":19,"damage_taken":0},{"event_name":"Vampires","player_choice":"Became a vampire","floor":20,"damage_taken":0},{"event_name":"Transmorgrifier","player_choice":"Transform","floor":30,"damage_taken":0}],"boss_relics":[{"not_picked":["Calling Bell","Snecko Eye"],"picked":"Black Star"}],"potions_floor_spawned":[1,4,7,18,28],"seed_played":"5255730974686899628","killed_by":"Snake Plant","ascension_level":11,"is_trial":false}