{"gold_per_floor":[112,125,75,95,115,115,115,115,115,26,26,26,26,40,40,143,143,163,183,183,183],"floor_reached":21,"playtime":664,"items_purged":[],"score":169,"play_id":"f4688866-9fa4-4042-bbb8-c740b81b1250","local_time":"20190410231356","is_ascension_mode":false,"campfire_choices":[{"data":"Sunder","floor":6.0,"key":"SMITH"},{"data":"Cold Snap","floor":8.0,"key":"SMITH"},{"data":"Glacier","floor":11,"key":"SMITH"},{"floor":15,"key":"REST"}],"neow_cost":"CURSE","seed_source_timestamp":25104180246923,"circlet_count":0,"master_deck":["Zap","Dualcast","Parasite","Barrage+1","Cold Snap+1","Sunder+1","Coolheaded","Glacier+1","Coolheaded","Self Repair","Amplify","Hyperbeam","Streamline","Rebound","Rebound","Heatsinks","Seek","Lockon","Turbo","Conserve Battery+1","Decay"],"special_seed":0,"relics":["Cracked Core","Peace Pipe","Question Card","Cables","Pandora\u0027s Box"],"potions_floor_usage":[16,16],"damage_taken":[{"damage":6.0,"enemies":"Jaw Worm","floor":1.0,"turns":3.0},{"damage":0.0,"enemies":"2 Louse","floor":2.0,"turns":2.0},{"damage":0.0,"enemies":"Small Slimes","floor":4.0,"turns":2.0},{"damage":0.0,"enemies":"2 Fungi Beasts","floor":5.0,"turns":2.0},{"damage":0,"enemies":"Lots of Slimes","floor":14,"turns":4},{"damage":42,"enemies":"Hexaghost","floor":16,"turns":10},{"damage":10,"enemies":"Spheric Guardian","floor":18,"turns":3},{"damage":20,"enemies":"Chosen","floor":19,"turns":4},{"damage":20,"enemies":"Centurion and Healer","floor":21,"turns":3}],"seed_played":"2968468803489848321","potions_obtained":[{"floor":1.0,"key":"Poison Potion"},{"floor":5.0,"key":"Fire Potion"},{"floor":14,"key":"Weak Potion"},{"floor":16,"key":"SmokeBomb"},{"floor":19,"key":"FocusPotion"}],"is_trial":false,"path_per_floor":["M","M","?","M","M","R","?","R","T","$","R","?","?","M","R","B",null,"M","M","?","M"],"character_chosen":"DEFECT","items_purchased":["Glacier","Coolheaded"],"campfire_rested":1,"item_purchase_floors":[10,10],"current_hp_per_floor":[69,69,69,69,69,69,66,66,66,66,66,66,51,51,73,38,75,72,59,59,39],"gold":183,"neow_bonus":"ONE_RARE_RELIC","is_prod":false,"is_daily":false,"chose_seed":false,"campfire_upgraded":3,"win_rate":0,"timestamp":1554952436,"path_taken":["M","M","?","M","M","R","?","R","T","$","R","?","?","M","R","BOSS","M","M","?","M"],"build_version":"2019-01-23","purchased_purges":0,"victory":false,"max_hp_per_floor":[75,75,75,75,75,75,75,75,75,75,75,75,75,75,75,75,75,75,75,75,75],"card_choices":[{"not_picked":["Chaos","Double Energy"],"picked":"Barrage","floor":1.0},{"not_picked":["Skim","Gash"],"picked":"Cold Snap","floor":2.0},{"not_picked":["Heatsinks","Steam"],"picked":"Sunder","floor":4.0},{"not_picked":["Rebound","Go for the Eyes"],"picked":"Coolheaded","floor":5.0},{"not_picked":["Cold Snap","Barrage","Steam Power"],"picked":"Self Repair","floor":14},{"not_picked":["Meteor Strike","Multi-Cast","Reboot"],"picked":"Amplify","floor":16},{"not_picked":["Rebound","Hello World+1","Reinforced Body+1"],"picked":"Turbo","floor":18},{"not_picked":["Rebound+1","Turbo","Beam Cell"],"picked":"Conserve Battery+1","floor":19}],"player_experience":786927,"relics_obtained":[{"floor":9.0,"key":"Cables"}],"event_choices":[{"cards_removed":["Defend_B"],"damage_healed":0.0,"max_hp_gain":0.0,"max_hp_loss":0.0,"gold_gain":0.0,"event_name":"The Cleric","player_choice":"Card Removal","floor":3.0,"gold_loss":50.0,"damage_taken":0.0},{"damage_healed":0.0,"max_hp_gain":0.0,"max_hp_loss":0.0,"gold_gain":0.0,"event_name":"Scrap Ooze","player_choice":"Success","floor":7.0,"gold_loss":0.0,"damage_taken":3.0,"relics_obtained":["Question Card"]},{"damage_healed":0,"gold_gain":0,"player_choice":"Grow","damage_taken":0,"max_hp_gain":0,"max_hp_loss":0,"event_name":"Living Wall","floor":12,"gold_loss":0,"cards_upgraded":["Barrage"]},{"damage_healed":0,"gold_gain":0,"player_choice":"Entered Light","damage_taken":15,"max_hp_gain":0,"max_hp_loss":0,"event_name":"Shining Light","floor":13,"gold_loss":0,"cards_upgraded":["Strike_B","Strike_B"]},{"damage_healed":0,"gold_gain":0,"player_choice":"Smashed Altar","damage_taken":0,"max_hp_gain":0,"max_hp_loss":0,"event_name":"Forgotten Altar","floor":20,"gold_loss":0,"cards_obtained":["Decay"]}],"is_beta":false,"boss_relics":[{"not_picked":["Empty Cage","Velvet Choker"],"picked":"Pandora\u0027s Box"}],"items_purged_floors":[],"is_endless":false,"potions_floor_spawned":[1,5,14,16,19],"killed_by":"Centurion and Healer","ascension_level":0}