{"path_per_floor":["M","?","?","M","?","R","M","E","T","M","$","M","R","M","R","B",null,"M","M","?"],"character_chosen":"IRONCLAD","items_purchased":[],"gold_per_floor":[109,109,69,84,34,34,51,80,80,98,23,37,37,52,52,149,149,159,129,54],"floor_reached":21,"campfire_rested":0,"playtime":866,"current_hp_per_floor":[69,69,69,67,67,67,69,62,62,68,68,74,74,76,76,40,67,66,30,30],"items_purged":["Strike_R"],"gold":54,"score":272,"play_id":"f1b46ee1-c153-4078-a9d0-3f47e4b86278","local_time":"20180317113143","is_prod":false,"is_daily":false,"is_ascension_mode":true,"campfire_upgraded":3,"timestamp":1521300703,"path_taken":["M","?","?","M","?","R","M","E","T","M","?","M","R","M","R","BOSS","M","M","?","M"],"build_version":"2018-03-15v2","purchased_purges":1,"victory":false,"master_deck":["Strike_R","Defend_R","Defend_R","Defend_R","Defend_R","Bash","Cleave+1","Twin Strike+1","Ghostly Armor","Ghostly Armor","Bloodletting+1","Armaments+1","Immolate","Evolve","Wild Strike"],"max_hp_per_floor":[69,69,69,69,69,69,69,76,76,76,76,76,76,76,76,76,76,76,76,76],"relics":["Black Blood","Strawberry","Darkstone Periapt"],"card_choices":[{"not_picked":["Clash","Body Slam"],"picked":"Cleave"},{"not_picked":["Sword Boomerang","Warcry"],"picked":"Twin Strike"},{"not_picked":["Flex","Fiend Fire"],"picked":"Ghostly Armor"},{"not_picked":["Warcry","Headbutt"],"picked":"Ghostly Armor"},{"not_picked":["Evolve","Cleave"],"picked":"Bloodletting"},{"not_picked":["Pummel","Perfected Strike"],"picked":"Armaments"},{"not_picked":["Juggernaut","Double Tap"],"picked":"Immolate"},{"not_picked":["Iron Wave","True Grit"],"picked":"Evolve"},{"not_picked":["Shrug It Off","Headbutt"],"picked":"Wild Strike"}],"player_experience":528449,"potions_floor_usage":[8,8,16,16,18],"damage_taken":[{"damage":1,"enemies":"Cultist","floor":1,"turns":3},{"damage":8,"enemies":"Jaw Worm","floor":4,"turns":4},{"damage":0,"enemies":"2 Louse","floor":7,"turns":2},{"damage":20,"enemies":"Lagavulin","floor":8,"turns":5},{"damage":0,"enemies":"2 Fungi Beasts","floor":10,"turns":3},{"damage":0,"enemies":"Blue Slaver","floor":12,"turns":6},{"damage":3,"enemies":"3 Louse","floor":14,"turns":3},{"damage":42,"enemies":"Slime Boss","floor":16,"turns":10},{"damage":11,"enemies":"3 Byrds","floor":18,"turns":5},{"damage":46,"enemies":"2 Thieves","floor":19,"turns":5},{"damage":34,"enemies":"Snake Plant","floor":21,"turns":5}],"event_choices":[{"event_name":"Upgrade Shrine","player_choice":"Upgraded","floor":2,"damage_taken":0},{"event_name":"The Woman in Blue","player_choice":"Bought 3 Potions","floor":3,"damage_taken":0},{"event_name":"The Cleric","player_choice":"Card Removal","floor":5,"damage_taken":0},{"event_name":"Beggar","player_choice":"Gave Gold","floor":20,"damage_taken":0}],"boss_relics":[{"not_picked":["Philosopher\u0027s Stone","Lizard Tail"],"picked":"Black Blood"}],"potions_floor_spawned":[7,14,16],"seed_played":"-7079972456099866790","killed_by":"Snake Plant","ascension_level":10,"is_trial":false}