{"gold_per_floor":[112,127,127,127,145,145,170,210,210,231,231,272,272,54,54,179,179,203,203,203,227,207,207,332,332],"floor_reached":25,"playtime":1118,"items_purged":["Strike_B"],"score":251,"play_id":"e07f1e35-0445-4e36-a1f8-11c87d040110","local_time":"20180916164732","is_ascension_mode":true,"campfire_choices":[{"data":"Zap","floor":6,"key":"SMITH"},{"data":"Chaos","floor":13,"key":"SMITH"},{"data":"Defragment","floor":15,"key":"SMITH"},{"data":"Genetic Algorithm","floor":23,"key":"SMITH"}],"neow_cost":"NONE","seed_source_timestamp":154881463101245,"circlet_count":0,"master_deck":["Defend_B","Defend_B","Defend_B","Zap+1","Dualcast","Streamline","Self Repair","Go for the Eyes","Chaos+1","Defragment+1","Beam Cell","Conserve Battery","Reboot","Go for the Eyes+1","Buffer","Genetic Algorithm+1","Loop"],"relics":["Cracked Core","Boot","Golden Idol","Strawberry","Vajra","Oddly Smooth Stone","Dodecahedron","PreservedInsect","Empty Cage","Unceasing Top","Question Card"],"potions_floor_usage":[7,8,18,24,24,24],"damage_taken":[{"damage":8,"enemies":"Small Slimes","floor":1,"turns":3},{"damage":0,"enemies":"2 Louse","floor":2,"turns":2},{"damage":2,"enemies":"Jaw Worm","floor":5,"turns":3},{"damage":0,"enemies":"Gremlin Gang","floor":7,"turns":2},{"damage":22,"enemies":"3 Sentries","floor":8,"turns":7},{"damage":12,"enemies":"Blue Slaver","floor":10,"turns":3},{"damage":6,"enemies":"Lagavulin","floor":12,"turns":6},{"damage":29,"enemies":"The Guardian","floor":16,"turns":10},{"damage":3,"enemies":"Spheric Guardian","floor":18,"turns":3},{"damage":6,"enemies":"Shell Parasite","floor":21,"turns":6},{"damage":28,"enemies":"Colosseum Slavers","floor":24,"turns":4},{"damage":19,"enemies":"Colosseum Nobs","floor":24,"turns":5},{"damage":35,"enemies":"Slavers","floor":25,"turns":2}],"seed_played":"-7733688361449513386","potions_obtained":[{"floor":1,"key":"Explosive Potion"},{"floor":7,"key":"FocusPotion"},{"floor":8,"key":"Energy Potion"},{"floor":16,"key":"SkillPotion"},{"floor":18,"key":"Strength Potion"},{"floor":22,"key":"LiquidBronze"}],"is_trial":false,"path_per_floor":["M","M","?","?","M","R","M","E","T","M","T","E","R","$","R","B",null,"M","?","?","M","?","R","?"],"character_chosen":"DEFECT","items_purchased":["PreservedInsect"],"campfire_rested":0,"item_purchase_floors":[14],"current_hp_per_floor":[67,67,49,42,47,47,54,46,46,41,41,42,42,42,42,20,82,79,79,63,64,64,64,31,0],"gold":332,"neow_bonus":"RANDOM_COMMON_RELIC","is_prod":false,"is_daily":false,"chose_seed":false,"campfire_upgraded":4,"win_rate":0,"timestamp":1537130852,"path_taken":["M","M","?","?","M","R","M","E","T","M","?","E","R","$","R","BOSS","M","?","?","?","?","R","?","E"],"build_version":"2018-09-06","purchased_purges":1,"victory":false,"max_hp_per_floor":[75,75,75,75,75,75,75,82,82,82,82,82,82,82,82,82,82,82,82,87,87,87,87,87,87],"card_choices":[{"not_picked":["Force Field","Aggregate"],"picked":"Streamline","floor":1},{"not_picked":["Steam","Reprogram"],"picked":"Self Repair","floor":2},{"not_picked":["Coolheaded","Steam"],"picked":"Go for the Eyes","floor":5},{"not_picked":["Leap","Go for the Eyes"],"picked":"Chaos","floor":7},{"not_picked":["Stack","Multi-Cast"],"picked":"Defragment","floor":8},{"not_picked":["Sweeping Beam","Leap"],"picked":"Beam Cell","floor":10},{"not_picked":["Turbo","Go for the Eyes"],"picked":"Conserve Battery","floor":12},{"not_picked":["Fission","Thunder Strike"],"picked":"Reboot","floor":16},{"not_picked":["Double Energy","Conserve Battery"],"picked":"Go for the Eyes+1","floor":18},{"not_picked":["Ball Lightning","Stack"],"picked":"Genetic Algorithm","floor":21},{"not_picked":["Conserve Battery","Stack"],"picked":"Loop","floor":24}],"player_experience":1012214,"relics_obtained":[{"floor":8,"key":"Strawberry"},{"floor":9,"key":"Vajra"},{"floor":11,"key":"Oddly Smooth Stone"},{"floor":12,"key":"Dodecahedron"},{"floor":24,"key":"Unceasing Top"},{"floor":24,"key":"Question Card"}],"event_choices":[{"event_name":"Golden Idol","player_choice":"Take Damage","floor":3,"damage_taken":0},{"event_name":"Golden Wing","player_choice":"Card Removal","floor":4,"damage_taken":0},{"event_name":"Transmorgrifier","player_choice":"Transform","floor":19,"damage_taken":0},{"event_name":"Forgotten Altar","player_choice":"Shed Blood","floor":20,"damage_taken":0},{"event_name":"The Woman in Blue","player_choice":"Bought 1 Potion","floor":22,"damage_taken":0},{"event_name":"Colosseum","player_choice":"Fight","floor":24,"damage_taken":0},{"event_name":"Colosseum","player_choice":"Fought Nobs","floor":24,"damage_taken":0}],"is_beta":false,"boss_relics":[{"not_picked":["Cursed Key","Philosopher\u0027s Stone"],"picked":"Empty Cage"}],"items_purged_floors":[14],"is_endless":false,"potions_floor_spawned":[1,7,8,16,18,24],"killed_by":"Slavers","ascension_level":4}