{"path_per_floor":["M","M","M","?","M","R","?","E","T","M","M","E","?","M","R","B",null,"M","?","$","M","M","R"],"character_chosen":"IRONCLAD","items_purchased":["Matryoshka"],"gold_per_floor":[17,29,45,120,133,133,133,167,167,185,204,233,198,211,211,285,315,328,328,77,95,107,107,107],"floor_reached":24,"campfire_rested":1,"playtime":1074,"current_hp_per_floor":[74,75,75,64,62,62,55,31,31,36,44,20,38,46,46,11,64,48,48,48,23,12,36,0],"items_purged":[],"gold":107,"score":368,"play_id":"dc41874b-00b6-45fc-b9cc-58af13d98b9f","local_time":"20180414163755","is_prod":false,"is_daily":false,"chose_seed":false,"is_ascension_mode":true,"campfire_upgraded":2,"timestamp":1523738275,"path_taken":["M","M","M","?","M","R","?","E","T","M","?","E","?","M","R","BOSS","M","?","$","?","M","R","E"],"build_version":"2018-04-12","seed_source_timestamp":154223242192011,"purchased_purges":1,"victory":false,"master_deck":["Strike_R","Strike_R","Strike_R","Strike_R","Defend_R","Defend_R","Defend_R","Defend_R","Bash","AscendersBane","True Grit+1","Evolve","Reckless Charge","Spot Weakness+1","Anger","Thunderclap+1","Ghostly Armor","Reckless Charge","Dark Embrace+1","Reckless Charge","Power Through"],"max_hp_per_floor":[75,75,75,75,75,75,75,75,75,75,75,75,75,75,75,75,80,80,80,80,80,80,80,80],"relics":["Burning Blood","Du-Vu Doll","Blood Vial","Gremlin Horn","Bottled Flame","Tiny House","Matryoshka"],"card_choices":[{"not_picked":["Shrug It Off","Thunderclap"],"picked":"True Grit","floor":1.0},{"not_picked":["True Grit","Whirlwind"],"picked":"Evolve","floor":2.0},{"not_picked":["Twin Strike","Dropkick"],"picked":"Reckless Charge","floor":3.0},{"not_picked":["Cleave","Metallicize"],"picked":"Spot Weakness","floor":5.0},{"not_picked":["Feed","Twin Strike"],"picked":"Anger","floor":8.0},{"not_picked":["Twin Strike","True Grit"],"picked":"Thunderclap","floor":10.0},{"not_picked":["Corruption","Rage"],"picked":"Ghostly Armor","floor":12},{"not_picked":["Iron Wave","Pommel Strike"],"picked":"Reckless Charge","floor":14},{"not_picked":["Juggernaut","Immolate"],"picked":"Dark Embrace","floor":16},{"not_picked":["Cleave","Clash"],"picked":"Reckless Charge","floor":17},{"not_picked":["Shrug It Off","Warcry"],"picked":"Power Through","floor":18}],"player_experience":869281,"potions_floor_usage":[12,16,22,24],"damage_taken":[{"damage":0.0,"enemies":"2 Louse","floor":1.0,"turns":3.0},{"damage":5.0,"enemies":"Small Slimes","floor":2.0,"turns":4.0},{"damage":0.0,"enemies":"Cultist","floor":3.0,"turns":3.0},{"damage":8.0,"enemies":"3 Louse","floor":5.0,"turns":5.0},{"damage":30.0,"enemies":"3 Sentries","floor":8.0,"turns":7.0},{"damage":3.0,"enemies":"Large Slime","floor":10.0,"turns":5.0},{"damage":0.0,"enemies":"Gremlin Gang","floor":11.0,"turns":2.0},{"damage":32,"enemies":"Lagavulin","floor":12,"turns":7},{"damage":0,"enemies":"Lots of Slimes","floor":14,"turns":1},{"damage":43,"enemies":"The Guardian","floor":16,"turns":9},{"damage":24,"enemies":"Chosen","floor":18,"turns":5},{"damage":33,"enemies":"Shell Parasite","floor":21,"turns":6},{"damage":31,"enemies":"Centurion and Healer","floor":22,"turns":7},{"damage":44,"enemies":"Slavers","floor":24,"turns":3}],"event_choices":[{"event_name":"World of Goop","player_choice":"Gather Gold","floor":4.0,"damage_taken":0.0},{"event_name":"Golden Wing","player_choice":"Card Removal","floor":7.0,"damage_taken":0.0},{"event_name":"The Cleric","player_choice":"Healed","floor":13,"damage_taken":0},{"event_name":"Upgrade Shrine","player_choice":"Upgraded","floor":19,"damage_taken":0}],"boss_relics":[{"not_picked":["Runic Pyramid","Lizard Tail"],"picked":"Tiny House"}],"potions_floor_spawned":[3,8,10,12,16,22],"seed_played":"-8589646870491123041","killed_by":"Slavers","ascension_level":15,"is_trial":false}