{"gold_per_floor":[359,359,378,2,17,17,36,36,36,36,36,36,36,82,82,154,154,165,94,20,20,32,32,46,58,58,58,72,104,154,6,6,6],"floor_reached":33,"playtime":828,"items_purged":["Strike_G"],"score":468,"play_id":"3fec9360-5d84-4c2c-b2bd-4890b71b3f27","local_time":"20180809094338","is_ascension_mode":true,"campfire_choices":[{"data":"Neutralize","floor":6,"key":"SMITH"},{"data":"Cloak And Dagger","floor":8,"key":"SMITH"},{"data":"Cloak And Dagger","floor":12,"key":"SMITH"},{"data":"Poisoned Stab","floor":15,"key":"SMITH"},{"data":"Cloak And Dagger","floor":23,"key":"SMITH"},{"floor":27,"key":"REST"},{"floor":32,"key":"REST"}],"neow_cost":"TEN_PERCENT_HP_LOSS","seed_source_timestamp":323831548524662,"circlet_count":0,"master_deck":["Defend_G","Defend_G","Defend_G+1","Defend_G","Defend_G","Strike_G","Strike_G","Strike_G","Strike_G","Survivor+1","Neutralize+1","AscendersBane","Cloak And Dagger+1","Cloak And Dagger+1","Poisoned Stab+1","PiercingWail","Adrenaline","Sucker Punch","Infinite Blades","Infinite Blades","Cloak And Dagger+1","Bane","Dodge and Roll","Blur","Cloak And Dagger"],"relics":["Ring of the Snake","TwistedFunnel","Blue Candle","Omamori","Cursed Key","Orichalcum","Dodecahedron","War Paint"],"potions_floor_usage":[16,16,29,29],"damage_taken":[{"damage":0,"enemies":"2 Louse","floor":1,"turns":4},{"damage":0,"enemies":"Small Slimes","floor":3,"turns":4},{"damage":0,"enemies":"Jaw Worm","floor":5,"turns":4},{"damage":0,"enemies":"Lots of Slimes","floor":7,"turns":4},{"damage":19,"enemies":"Slime Boss","floor":16,"turns":9},{"damage":5,"enemies":"Shell Parasite","floor":18,"turns":6},{"damage":11,"enemies":"2 Thieves","floor":22,"turns":5},{"damage":0,"enemies":"Chosen and Byrds","floor":24,"turns":6},{"damage":15,"enemies":"3 Cultists","floor":25,"turns":5},{"damage":29,"enemies":"Snecko","floor":28,"turns":7},{"damage":3,"enemies":"Slavers","floor":29,"turns":7},{"damage":30,"enemies":"Champ","floor":33,"turns":15}],"seed_played":"3975733770932851031","potions_obtained":[{"floor":1,"key":"Strength Potion"},{"floor":3,"key":"PowerPotion"},{"floor":18,"key":"EssenceOfSteel"},{"floor":28,"key":"EssenceOfSteel"}],"is_trial":false,"path_per_floor":["M","?","M","$","M","R","M","R","T","$","?","R","$","T","R","B",null,"M","$","$","?","M","R","M","M","T","R","M","E","?","$","R"],"character_chosen":"THE_SILENT","items_purchased":["TwistedFunnel","Cloak And Dagger","Poisoned Stab","Infinite Blades","Infinite Blades","War Paint"],"campfire_rested":2,"item_purchase_floors":[4,4,4,19,20,31],"current_hp_per_floor":[59,59,59,59,59,59,59,59,59,59,59,59,59,59,59,40,55,50,50,50,50,39,39,39,24,24,42,13,10,10,10,28,0],"gold":6,"neow_bonus":"TWO_FIFTY_GOLD","is_prod":false,"is_daily":false,"chose_seed":false,"campfire_upgraded":5,"win_rate":0,"timestamp":1533833018,"path_taken":["M","?","M","$","M","R","?","R","T","$","?","R","$","?","R","BOSS","M","?","$","?","M","R","M","M","T","R","M","E","?","$","R","BOSS"],"build_version":"2018-08-08","purchased_purges":1,"victory":false,"max_hp_per_floor":[60,60,60,60,60,60,60,60,60,60,60,60,60,60,60,60,60,60,60,60,60,60,60,60,60,60,60,60,60,60,60,60,60],"card_choices":[{"not_picked":["Reflex","Slice","Bane"],"picked":"SKIP","floor":1},{"not_picked":["Dagger Throw","Blur"],"picked":"Cloak And Dagger","floor":3},{"not_picked":["Deflect","Deadly Poison","Escape Plan"],"picked":"SKIP","floor":5},{"not_picked":["Outmaneuver","Slice"],"picked":"PiercingWail","floor":7},{"not_picked":["Storm of Steel","Night Terror"],"picked":"Adrenaline","floor":16},{"not_picked":["Blade Dance","Accuracy"],"picked":"Sucker Punch","floor":18},{"not_picked":["Deflect","Blur"],"picked":"Cloak And Dagger","floor":22},{"not_picked":["Slice","Accuracy"],"picked":"Bane","floor":24},{"not_picked":["PiercingWail","Predator"],"picked":"Dodge and Roll","floor":25},{"not_picked":["Reflex","Acrobatics"],"picked":"Blur","floor":28},{"not_picked":["Phantasmal Killer","Masterful Stab"],"picked":"Cloak And Dagger","floor":29}],"player_experience":863675,"relics_obtained":[{"floor":9,"key":"Blue Candle"},{"floor":14,"key":"Omamori"},{"floor":26,"key":"Orichalcum"},{"floor":29,"key":"Dodecahedron"}],"event_choices":[{"event_name":"Shining Light","player_choice":"Ignored","floor":2,"damage_taken":0},{"event_name":"Liars Game","player_choice":"disagreed","floor":11,"damage_taken":0},{"event_name":"Beggar","player_choice":"Ignored","floor":21,"damage_taken":0},{"event_name":"Nest","player_choice":"Stole From Cult","floor":30,"damage_taken":0}],"is_beta":true,"boss_relics":[{"not_picked":["Busted Crown","Ectoplasm"],"picked":"Cursed Key"}],"items_purged_floors":[4],"is_endless":false,"potions_floor_spawned":[1,3,7,18,28],"killed_by":"Champ","ascension_level":15}