{"path_per_floor":["M","?","$","?","M","E","R","E","T","R","?","M","E","M","R","B",null,"M","?","M","?","T","R","M","R","T","E","M","?","R","$","R","B",null,"M","$","M","?","M","R"],"character_chosen":"DEFECT","items_purchased":["Finesse","Toy Ornithopter","Panache"],"gold_per_floor":[111,111,22,22,40,70,70,97,121,121,121,141,200,217,217,314,314,299,299,316,466,515,515,533,533,556,583,597,522,522,325,325,423,423,440,250,270,270,290,290,290],"floor_reached":41,"campfire_rested":4,"playtime":1622,"item_purchase_floors":[],"current_hp_per_floor":[61,61,61,61,61,54,54,70,70,70,70,70,70,70,70,60,79,74,74,58,58,58,58,35,60,60,45,30,30,55,55,80,19,69,68,68,38,33,33,58,0],"items_purged":[],"gold":290,"score":678,"play_id":"7f09f8d8-b3ba-4fb4-a450-06be687ca178","local_time":"20180610222212","is_prod":false,"is_daily":false,"chose_seed":false,"is_ascension_mode":true,"campfire_upgraded":4,"win_rate":0,"timestamp":1528694532,"campfire_choices":[{"data":"Go for the Eyes","floor":7.0,"key":"SMITH"},{"data":"Dualcast","floor":10.0,"key":"SMITH"},{"data":"Redo","floor":15.0,"key":"SMITH"},{"data":"Defragment","floor":23,"key":"SMITH"},{"floor":25,"key":"REST"},{"floor":30,"key":"REST"},{"floor":32,"key":"REST"},{"floor":40,"key":"REST"}],"path_taken":["M","?","?","?","M","E","R","E","T","R","?","M","E","M","R","BOSS","M","?","M","?","?","R","M","R","T","E","M","?","R","?","R","BOSS","M","$","M","?","M","R","E"],"build_version":"2018-06-08","seed_source_timestamp":0,"purchased_purges":0,"victory":false,"master_deck":["Strike_B","Strike_B","Defend_B","Defend_B","Defend_B","Defend_B","Zap+1","Dualcast+1","AscendersBane","Glacier","Finesse","Go for the Eyes+1","Conserve Battery+1","Machine Learning","Ball Lightning","Capacitor","Redo+1","Core Surge","Ball Lightning","Defragment+1","Stack","FTL+1","Buffer","Cold Snap","Panache","Thinking Ahead","Panache","White Noise"],"max_hp_per_floor":[75,75,75,75,75,75,75,85,85,85,85,85,85,85,85,85,85,85,85,85,85,85,85,85,85,85,85,85,85,85,85,85,85,85,85,85,85,85,85,85,85],"relics":["Cracked Core","Bag of Preparation","Pear","Juzu Bracelet","Tiny Chest","Black Star","Bag of Marbles","Ancient Tea Set","Ginger","Calipers","Toy Ornithopter","Sozu"],"card_choices":[{"not_picked":["Gash","Blizzard"],"picked":"Glacier","floor":1.0},{"not_picked":["Redo","All For One"],"picked":"Go for the Eyes","floor":5.0},{"not_picked":["Capacitor","Hologram"],"picked":"Conserve Battery","floor":6.0},{"not_picked":["Beam Cell","Barrage"],"picked":"Machine Learning","floor":8.0},{"not_picked":["Compile Driver","Storm"],"picked":"Ball Lightning","floor":12.0},{"not_picked":["Rainbow","Tempest"],"picked":"Capacitor","floor":13.0},{"not_picked":["Reprogram","Beam Cell"],"picked":"Redo","floor":14.0},{"not_picked":["Machine Learning","Thunder Strike"],"picked":"Core Surge","floor":16.0},{"not_picked":["Recycle","Hello World+1"],"picked":"Ball Lightning","floor":18.0},{"not_picked":["Barrage","Storm"],"picked":"Stack","floor":20},{"not_picked":["Barrage+1","Hello World","Aggregate+1"],"picked":"SKIP","floor":24},{"not_picked":["Turbo","Rip and Tear","Streamline"],"picked":"SKIP","floor":27},{"not_picked":["Rebound+1","Redo"],"picked":"FTL+1","floor":28},{"not_picked":["Meteor Strike","Fission"],"picked":"Buffer","floor":33},{"not_picked":["Steam+1","Compile Driver+1"],"picked":"Cold Snap","floor":35},{"not_picked":["Beam Cell+1","Genetic Algorithm","Machine Learning"],"picked":"SKIP","floor":37},{"not_picked":["Dark Shackles","Good Instincts"],"picked":"Thinking Ahead","floor":38},{"not_picked":["Dark Shackles","Swift Strike"],"picked":"Panache","floor":38},{"not_picked":["Storm","Steam+1"],"picked":"White Noise","floor":39}],"player_experience":633257,"potions_floor_usage":[27,33],"damage_taken":[{"damage":7.0,"enemies":"Jaw Worm","floor":1.0,"turns":4.0},{"damage":0.0,"enemies":"Cultist","floor":5.0,"turns":4.0},{"damage":7.0,"enemies":"Lagavulin","floor":6.0,"turns":7.0},{"damage":9.0,"enemies":"3 Sentries","floor":8.0,"turns":9.0},{"damage":0.0,"enemies":"2 Louse","floor":12.0,"turns":3.0},{"damage":0.0,"enemies":"Gremlin Nob","floor":13.0,"turns":3.0},{"damage":0.0,"enemies":"Exordium Thugs","floor":14.0,"turns":5.0},{"damage":10.0,"enemies":"The Guardian","floor":16.0,"turns":12.0},{"damage":5.0,"enemies":"2 Thieves","floor":18.0,"turns":4.0},{"damage":16,"enemies":"Spheric Guardian","floor":20,"turns":4},{"damage":23,"enemies":"Snake Plant","floor":24,"turns":4},{"damage":15,"enemies":"Slavers","floor":27,"turns":6},{"damage":15,"enemies":"Centurion and Healer","floor":28,"turns":8},{"damage":64,"enemies":"Automaton","floor":33,"turns":14},{"damage":1,"enemies":"3 Shapes","floor":35,"turns":4},{"damage":30,"enemies":"3 Darklings","floor":37,"turns":7},{"damage":0,"enemies":"Maw","floor":39,"turns":7},{"damage":64,"enemies":"2 Orb Walkers","floor":41,"turns":4}],"relics_obtained":[{"floor":6.0,"key":"Bag of Preparation"},{"floor":8.0,"key":"Pear"},{"floor":9.0,"key":"Juzu Bracelet"},{"floor":13.0,"key":"Tiny Chest"},{"floor":22,"key":"Bag of Marbles"},{"floor":26,"key":"Ancient Tea Set"},{"floor":27,"key":"Ginger"},{"floor":27,"key":"Calipers"}],"event_choices":[{"event_name":"Upgrade Shrine","player_choice":"Upgraded","floor":2.0,"damage_taken":0.0},{"event_name":"Bonfire Elementals","player_choice":"BASIC","floor":4.0,"damage_taken":0.0},{"event_name":"Living Wall","player_choice":"Grow","floor":11.0,"damage_taken":0.0},{"event_name":"The Library","player_choice":"Read","floor":19,"damage_taken":0},{"event_name":"Nest","player_choice":"Stole From Cult","floor":21,"damage_taken":0},{"event_name":"Beggar","player_choice":"Gave Gold","floor":29,"damage_taken":0},{"event_name":"SensoryStone","player_choice":"Memory 2","floor":38,"damage_taken":0}],"boss_relics":[{"not_picked":["Runic Pyramid","White Beast Statue"],"picked":"Black Star"},{"not_picked":["Cursed Key","Nuclear Battery"],"picked":"Sozu"}],"items_purged_floors":[],"potions_floor_spawned":[1,8,12,16,18,20,28,33,37],"seed_played":"4749642854900648139","killed_by":"2 Orb Walkers","ascension_level":10,"potions_obtained":[{"floor":8.0,"key":"FearPotion"},{"floor":12.0,"key":"Dexterity Potion"},{"floor":16.0,"key":"EssenceOfSteel"},{"floor":18.0,"key":"Explosive Potion"},{"floor":20,"key":"Dexterity Potion"},{"floor":28,"key":"EssenceOfSteel"},{"floor":33,"key":"FocusPotion"}],"is_trial":false}