{"gold_per_floor":[360,360,142,156,171,209,209,229,229,270,270,294,294,318,318,447,447,472,472,486,504,525,525,543,543,543,243,267,267,267,57,57,186,186,206,0,24,24,24,60,60,73,73,114,133,152,167,187,187,187,187,187,10,45,45],"floor_reached":55,"playtime":3536,"items_purged":["Injury","Decay","Writhe"],"score":748,"play_id":"ad2aa13d-acbb-4298-9bce-c2be577beea0","local_time":"20181126194538","is_ascension_mode":false,"campfire_choices":[{"floor":7.0,"key":"RECALL"},{"data":"Cleave","floor":15.0,"key":"SMITH"},{"data":"Ghostly Armor","floor":23.0,"key":"SMITH"},{"data":"Flex","floor":25.0,"key":"SMITH"},{"data":"Defend_R","floor":29.0,"key":"SMITH"},{"data":"Defend_R","floor":32.0,"key":"SMITH"},{"data":"Defend_R","floor":41.0,"key":"SMITH"},{"floor":49.0,"key":"REST"},{"data":"Reckless Charge","floor":52.0,"key":"SMITH"}],"neow_cost":"CURSE","seed_source_timestamp":3514918700188756,"circlet_count":0,"master_deck":["Strike_R","Strike_R+1","Strike_R","Strike_R+1","Defend_R+1","Defend_R+1","Defend_R+1","Defend_R+1","Bash","Cleave+1","Reckless Charge+1","Cleave+1","Iron Wave+1","Flex+1","Twin Strike+1","Iron Wave+1","Reaper+1","Hemokinesis+1","Mind Blast+1","Bash+1","Clothesline+1","Ghostly Armor+1","Pommel Strike+1","Flash of Steel+1","Immolate+1","Pain","Pain","Body Slam+1","Flame Barrier"],"special_seed":0,"relics":["Burning Blood","Golden Idol","Whetstone","Molten Egg 2","Dodecahedron","Cursed Key","Gremlin Horn","ClockworkSouvenir","Bag of Marbles","Busted Crown","Red Mask","PreservedInsect","Dream Catcher","StoneCalendar","Oddly Smooth Stone","Potion Belt"],"potions_floor_usage":[55,55],"damage_taken":[{"damage":2.0,"enemies":"2 Louse","floor":1.0,"turns":3.0},{"damage":1.0,"enemies":"Small Slimes","floor":4.0,"turns":3.0},{"damage":0.0,"enemies":"Cultist","floor":5.0,"turns":3.0},{"damage":37.0,"enemies":"Lagavulin","floor":6.0,"turns":6.0},{"damage":4.0,"enemies":"Blue Slaver","floor":8.0,"turns":3.0},{"damage":15.0,"enemies":"Gremlin Nob","floor":10.0,"turns":4.0},{"damage":9.0,"enemies":"Exordium Thugs","floor":12.0,"turns":4.0},{"damage":0.0,"enemies":"2 Fungi Beasts","floor":14.0,"turns":2.0},{"damage":22.0,"enemies":"Slime Boss","floor":16.0,"turns":7.0},{"damage":0.0,"enemies":"Chosen","floor":18.0,"turns":4.0},{"damage":2.0,"enemies":"3 Byrds","floor":20.0,"turns":3.0},{"damage":5.0,"enemies":"Snecko","floor":21.0,"turns":4.0},{"damage":7.0,"enemies":"3 Cultists","floor":22.0,"turns":4.0},{"damage":20.0,"enemies":"Centurion and Healer","floor":24.0,"turns":4.0},{"damage":2.0,"enemies":"Snake Plant","floor":28.0,"turns":4.0},{"damage":44.0,"enemies":"Automaton","floor":33.0,"turns":9.0},{"damage":0.0,"enemies":"3 Darklings","floor":35.0,"turns":1.0},{"damage":0.0,"enemies":"3 Shapes","floor":37.0,"turns":1.0},{"damage":20.0,"enemies":"Giant Head","floor":40.0,"turns":5.0},{"damage":2.0,"enemies":"Spire Growth","floor":42.0,"turns":3.0},{"damage":7.0,"enemies":"Nemesis","floor":44.0,"turns":3.0},{"damage":14.0,"enemies":"Writhing Mass","floor":45.0,"turns":2.0},{"damage":3.0,"enemies":"Jaw Worm Horde","floor":46.0,"turns":1.0},{"damage":27.0,"enemies":"Spire Growth","floor":47.0,"turns":3.0},{"damage":4.0,"enemies":"Sphere and 2 Shapes","floor":48.0,"turns":2.0},{"damage":70.0,"enemies":"Donu and Deca","floor":50.0,"turns":9.0},{"damage":31,"enemies":"Shield and Spear","floor":54,"turns":3},{"damage":65,"enemies":"The Heart","floor":55,"turns":5}],"seed_played":"-3012086160302976852","potions_obtained":[{"floor":4.0,"key":"Fire Potion"},{"floor":10.0,"key":"Explosive Potion"},{"floor":14.0,"key":"Fire Potion"},{"floor":20.0,"key":"Weak Potion"},{"floor":24.0,"key":"Energy Potion"},{"floor":28.0,"key":"Weak Potion"},{"floor":33.0,"key":"Poison Potion"},{"floor":42.0,"key":"PowerPotion"},{"floor":45.0,"key":"PowerPotion"}],"is_trial":false,"path_per_floor":["M","?","$","M","M","E","R","M","T","E","?","M","?","M","R","B",null,"M","?","M","M","M","R","M","R","T","$","M","R","?","$","R","B",null,"M","?","M","T","?","E","R","M","T","E","M","M","M","M","R","B",null,"R","$","E","B"],"character_chosen":"IRONCLAD","items_purchased":["Whetstone","ClockworkSouvenir","Flash of Steel+1","Flame Barrier","Strength Potion","Weak Potion"],"campfire_rested":1,"item_purchase_floors":[3,27,31,53,53,53],"current_hp_per_floor":[80,60,60,65,71,40,40,42,42,33,33,30,23,29,29,13,80,80,80,80,80,79,79,70,70,70,70,76,76,76,76,76,42,80,80,80,80,80,80,80,80,80,80,79,71,74,53,55,79,22,80,80,80,55,0],"gold":45,"neow_bonus":"TWO_FIFTY_GOLD","is_prod":false,"is_daily":false,"chose_seed":false,"campfire_upgraded":7,"win_rate":0,"timestamp":1543279538,"path_taken":["M","?","$","M","M","E","R","M","T","E","?","M","?","M","R","BOSS","M","?","M","M","M","R","M","R","T","$","?","R","?","?","R","BOSS","M","?","M","?","?","E","R","M","T","E","?","M","M","?","R","BOSS","R","$","E","BOSS"],"build_version":"2018-11-15","purchased_purges":3,"victory":false,"max_hp_per_floor":[80,80,80,80,80,80,80,80,80,80,80,80,80,80,80,80,80,80,80,80,80,80,80,80,80,80,80,80,80,80,80,80,80,80,80,80,80,80,80,80,80,80,80,80,80,80,80,80,80,80,80,80,80,80,80],"card_choices":[{"not_picked":["Power Through","Heavy Blade"],"picked":"Cleave","floor":1.0},{"not_picked":["Inflame","Perfected Strike"],"picked":"Reckless Charge","floor":4.0},{"not_picked":["Dropkick","Havoc","Body Slam"],"picked":"SKIP","floor":5.0},{"not_picked":["Clash","Spot Weakness"],"picked":"Cleave","floor":6.0},{"not_picked":["Spot Weakness","Double Tap"],"picked":"Iron Wave+1","floor":8.0},{"not_picked":["Exhume","Reckless Charge+1"],"picked":"Flex","floor":10.0},{"not_picked":["Flex","Anger+1"],"picked":"Twin Strike+1","floor":12.0},{"not_picked":["Armaments","Flex"],"picked":"Iron Wave+1","floor":14.0},{"not_picked":["Brutality","Berserk"],"picked":"Reaper+1","floor":16.0},{"not_picked":["Sever Soul+1","Burning Pact"],"picked":"Hemokinesis+1","floor":18.0},{"not_picked":["Carnage+1","Shrug It Off"],"picked":"Clothesline+1","floor":20.0},{"not_picked":["Anger+1","Pommel Strike+1","Iron Wave+1"],"picked":"SKIP","floor":21.0},{"not_picked":["Dual Wield+1","Iron Wave+1"],"picked":"Ghostly Armor","floor":22.0},{"not_picked":["Flex","Wild Strike+1","Fire Breathing"],"picked":"SKIP","floor":24.0},{"not_picked":["Flex+1","Shrug It Off"],"picked":"Pommel Strike+1","floor":28.0},{"not_picked":["Barricade","Impervious"],"picked":"Immolate+1","floor":33.0},{"not_picked":["Intimidate+1"],"picked":"SKIP","floor":35.0},{"not_picked":["Armaments+1"],"picked":"SKIP","floor":37.0},{"not_picked":["Brutality"],"picked":"SKIP","floor":40.0},{"not_picked":["Sever Soul+1"],"picked":"SKIP","floor":42.0},{"not_picked":["Sentinel+1"],"picked":"SKIP","floor":44.0},{"not_picked":["Warcry"],"picked":"SKIP","floor":45.0},{"not_picked":[],"picked":"Body Slam+1","floor":46.0},{"not_picked":["True Grit"],"picked":"SKIP","floor":47.0},{"not_picked":["Shrug It Off"],"picked":"SKIP","floor":48.0},{"not_picked":["Wild Strike+1"],"picked":"SKIP","floor":54}],"player_experience":580710,"relics_obtained":[{"floor":6.0,"key":"Molten Egg 2"},{"floor":10.0,"key":"Dodecahedron"},{"floor":26.0,"key":"Gremlin Horn"},{"floor":38.0,"key":"PreservedInsect"},{"floor":40.0,"key":"Dream Catcher"},{"floor":43.0,"key":"StoneCalendar"},{"floor":44.0,"key":"Oddly Smooth Stone"},{"floor":54,"key":"Potion Belt"}],"event_choices":[{"damage_healed":0.0,"max_hp_gain":0.0,"max_hp_loss":0.0,"gold_gain":0.0,"event_name":"Golden Idol","player_choice":"Take Damage","floor":2.0,"gold_loss":0.0,"damage_taken":20.0,"relics_obtained":["Golden Idol"]},{"damage_healed":0.0,"max_hp_gain":0.0,"max_hp_loss":0.0,"gold_gain":0.0,"event_name":"Liars Game","player_choice":"Ignored","floor":11.0,"gold_loss":0.0,"damage_taken":0.0},{"cards_removed":["Strike_R"],"damage_healed":0.0,"max_hp_gain":0.0,"max_hp_loss":0.0,"gold_gain":0.0,"event_name":"Golden Wing","player_choice":"Card Removal","floor":13.0,"gold_loss":0.0,"damage_taken":7.0},{"damage_healed":0.0,"max_hp_gain":0.0,"max_hp_loss":0.0,"gold_gain":0.0,"event_name":"Match and Keep!","player_choice":"2 cards matched","floor":19.0,"gold_loss":0.0,"damage_taken":0.0,"cards_obtained":["Mind Blast","Bash"]},{"damage_healed":0.0,"max_hp_gain":0.0,"max_hp_loss":0.0,"gold_gain":0.0,"event_name":"The Mausoleum","player_choice":"Opened","floor":30.0,"gold_loss":0.0,"damage_taken":0.0,"relics_obtained":["Bag of Marbles"],"cards_obtained":["Writhe"]},{"damage_healed":0.0,"max_hp_gain":0.0,"max_hp_loss":0.0,"gold_gain":0.0,"event_name":"Tomb of Lord Red Mask","player_choice":"Paid","floor":36.0,"gold_loss":206.0,"damage_taken":0.0,"relics_obtained":["Red Mask"]},{"damage_healed":0.0,"max_hp_gain":0.0,"max_hp_loss":0.0,"gold_gain":0.0,"event_name":"Upgrade Shrine","player_choice":"Upgraded","floor":39.0,"gold_loss":0.0,"damage_taken":0.0,"cards_upgraded":["Defend_R"]}],"is_beta":false,"boss_relics":[{"not_picked":["Runic Cube","Eternal Feather"],"picked":"Cursed Key"},{"not_picked":["Sozu","Snecko Eye"],"picked":"Busted Crown"}],"items_purged_floors":[3,27,31],"is_endless":false,"potions_floor_spawned":[4,10,14,20,24,28,33,42,44,45,47],"killed_by":"The Heart","ascension_level":0}