{"gold_per_floor":[109,172,192,202,216,244,244,269,351,362,362,362,391,466,466,542,542,561,961,961,972,1000,1000,1015,1028,1028,1041,1052,0,0,15,15,92,92,106,86,98,108,108,108,108],"floor_reached":41,"playtime":2210,"items_purged":[],"score":930,"play_id":"d59e01d8-a4fb-4475-b134-d74f913b8c7d","local_time":"20190317234732","is_ascension_mode":true,"campfire_choices":[{"data":"Perfected Strike","floor":7,"key":"SMITH"},{"data":"Bash","floor":11,"key":"SMITH"},{"data":"Perfected Strike","floor":15,"key":"SMITH"},{"floor":23,"key":"REST"},{"data":"Demon Form","floor":30,"key":"SMITH"},{"data":"Metallicize","floor":32,"key":"SMITH"},{"floor":40,"key":"REST"}],"neow_cost":"PERCENT_DAMAGE","seed_source_timestamp":78305269517689,"circlet_count":0,"master_deck":["AscendersBane","Strike_R","Strike_R","Strike_R","Strike_R","Strike_R","Defend_R","Defend_R","Defend_R","Defend_R","Bash+1","Wild Strike+1","Perfected Strike+1","Twin Strike","Iron Wave","Metallicize+1","Rampage","Ghostly Armor+1","Perfected Strike+1","Demon Form+1","Clothesline+1","Pommel Strike","Battle Trance+1","Disarm+1","Apotheosis+1","Bandage Up+1","Perfected Strike","Shrug It Off+1","Limit Break+1","Madness+1","Madness+1"],"relics":["Burning Blood","Du-Vu Doll","Pocketwatch","Toxic Egg 2","Centennial Puzzle","Velvet Choker","Old Coin","Mummified Hand","Nilry\u0027s Codex","Red Mask","Gremlin Horn","Singing Bowl","Lantern","MealTicket","White Beast Statue"],"potions_floor_usage":[6,13,16,22,25,28,33,38,41],"damage_taken":[{"damage":14,"enemies":"Jaw Worm","floor":1,"turns":4},{"damage":4,"enemies":"Small Slimes","floor":3,"turns":4},{"damage":0,"enemies":"Cultist","floor":4,"turns":2},{"damage":7,"enemies":"2 Fungi Beasts","floor":5,"turns":3},{"damage":3,"enemies":"Gremlin Nob","floor":6,"turns":3},{"damage":19,"enemies":"3 Sentries","floor":8,"turns":6},{"damage":13,"enemies":"Lots of Slimes","floor":10,"turns":4},{"damage":0,"enemies":"Gremlin Nob","floor":13,"turns":3},{"damage":8,"enemies":"The Guardian","floor":16,"turns":7},{"damage":0,"enemies":"Spheric Guardian","floor":18,"turns":2},{"damage":16,"enemies":"Colosseum Slavers","floor":19,"turns":4},{"damage":20,"enemies":"Colosseum Nobs","floor":19,"turns":5},{"damage":15,"enemies":"2 Thieves","floor":21,"turns":3},{"damage":20,"enemies":"Masked Bandits","floor":22,"turns":4},{"damage":11,"enemies":"Centurion and Healer","floor":24,"turns":4},{"damage":3,"enemies":"Sentry and Sphere","floor":25,"turns":4},{"damage":0,"enemies":"Snecko","floor":27,"turns":2},{"damage":14,"enemies":"Cultist and Chosen","floor":28,"turns":5},{"damage":0,"enemies":"Snake Plant","floor":31,"turns":4},{"damage":6,"enemies":"Champ","floor":33,"turns":8},{"damage":0,"enemies":"3 Shapes","floor":35,"turns":4},{"damage":0,"enemies":"Orb Walker","floor":37,"turns":2},{"damage":40,"enemies":"Transient","floor":38,"turns":6},{"damage":102,"enemies":"Giant Head","floor":41,"turns":7}],"seed_played":"6276118317392431536","potions_obtained":[{"floor":1,"key":"Weak Potion"},{"floor":5,"key":"PowerPotion"},{"floor":10,"key":"Poison Potion"},{"floor":19,"key":"Poison Potion"},{"floor":24,"key":"EssenceOfSteel"},{"floor":25,"key":"FearPotion"},{"floor":27,"key":"BloodPotion"},{"floor":33,"key":"Regen Potion"},{"floor":35,"key":"SmokeBomb"},{"floor":36,"key":"FearPotion"},{"floor":37,"key":"EntropicBrew"},{"floor":38,"key":"Energy Potion"}],"is_trial":false,"path_per_floor":["M","?","M","M","M","E","R","E","T","M","R","?","E","?","R","B",null,"M","?","?","M","?","R","M","M","T","M","M","$","R","M","R","B",null,"M","?","M","M","?","R","E"],"character_chosen":"IRONCLAD","items_purchased":["Singing Bowl","Apotheosis+1","Bandage Up+1","Lantern","MealTicket","Perfected Strike","Shrug It Off+1"],"campfire_rested":2,"item_purchase_floors":[29,29,29,29,29,29,29],"current_hp_per_floor":[56,56,58,64,63,66,66,53,53,46,46,46,52,41,41,39,77,83,59,38,29,15,41,36,39,39,45,45,45,45,59,59,65,85,93,93,95,63,46,75,0],"gold":108,"neow_bonus":"TWENTY_PERCENT_HP_BONUS","is_prod":false,"is_daily":false,"chose_seed":false,"campfire_upgraded":5,"win_rate":0,"timestamp":1552880852,"path_taken":["M","?","M","M","M","E","R","E","T","M","R","?","E","?","R","BOSS","M","?","?","M","?","R","M","M","T","M","?","?","R","M","R","BOSS","M","?","?","M","?","R","E"],"build_version":"2019-01-23","purchased_purges":0,"victory":false,"max_hp_per_floor":[89,89,89,89,89,89,89,89,89,89,89,89,89,89,89,89,89,89,89,89,89,89,89,89,89,89,89,89,89,89,91,91,91,91,93,93,95,97,97,97,97],"card_choices":[{"not_picked":["Sever Soul","Metallicize"],"picked":"Wild Strike","floor":1},{"not_picked":["Bloodletting","Cleave"],"picked":"Perfected Strike","floor":3},{"not_picked":["Entrench","Armaments"],"picked":"Twin Strike","floor":4},{"not_picked":["Armaments","Flex"],"picked":"Iron Wave","floor":5},{"not_picked":["Bloodletting","Barricade"],"picked":"Metallicize","floor":6},{"not_picked":["Second Wind","Warcry"],"picked":"Rampage","floor":8},{"not_picked":["Sword Boomerang","Iron Wave"],"picked":"Ghostly Armor+1","floor":10},{"not_picked":["Headbutt","Bludgeon"],"picked":"Perfected Strike","floor":13},{"not_picked":["Brutality","Fiend Fire"],"picked":"Demon Form","floor":16},{"not_picked":["Clash","Seeing Red+1","Thunderclap"],"picked":"SKIP","floor":18},{"not_picked":["Warcry+1","Rage+1"],"picked":"Clothesline+1","floor":21},{"not_picked":["Twin Strike","Sword Boomerang"],"picked":"Pommel Strike","floor":22},{"not_picked":["Clothesline","Juggernaut"],"picked":"Battle Trance+1","floor":24},{"not_picked":["Thunderclap+1","Clothesline"],"picked":"Disarm+1","floor":25},{"not_picked":["Ghostly Armor+1","Sentinel+1","Clothesline"],"picked":"SKIP","floor":27},{"not_picked":["Blood for Blood","Dropkick","Cleave"],"picked":"SKIP","floor":28},{"not_picked":["Infernal Blade+1","Sword Boomerang","Iron Wave+1"],"picked":"Singing Bowl","floor":31},{"not_picked":["Demon Form","Double Tap+1"],"picked":"Limit Break+1","floor":33},{"not_picked":["Bloodletting+1","Rage+1","Clash"],"picked":"Singing Bowl","floor":35},{"not_picked":["Armaments+1","Havoc+1","Wild Strike"],"picked":"Singing Bowl","floor":37},{"not_picked":["Anger","Battle Trance+1","Headbutt"],"picked":"Singing Bowl","floor":38}],"player_experience":1192868,"relics_obtained":[{"floor":6,"key":"Du-Vu Doll"},{"floor":8,"key":"Pocketwatch"},{"floor":9,"key":"Toxic Egg 2"},{"floor":13,"key":"Centennial Puzzle"},{"floor":19,"key":"Old Coin"},{"floor":19,"key":"Mummified Hand"},{"floor":20,"key":"Nilry\u0027s Codex"},{"floor":22,"key":"Red Mask"},{"floor":26,"key":"Gremlin Horn"}],"event_choices":[{"damage_healed":0,"gold_gain":63,"player_choice":"Gained Gold","damage_taken":0,"max_hp_gain":0,"max_hp_loss":0,"event_name":"Golden Wing","floor":2,"gold_loss":0},{"damage_healed":0,"gold_gain":0,"player_choice":"Grow","damage_taken":0,"max_hp_gain":0,"max_hp_loss":0,"event_name":"Living Wall","floor":12,"gold_loss":0,"cards_upgraded":["Wild Strike"]},{"damage_healed":0,"gold_gain":75,"player_choice":"Gather Gold","damage_taken":11,"max_hp_gain":0,"max_hp_loss":0,"event_name":"World of Goop","floor":14,"gold_loss":0},{"damage_healed":0,"gold_gain":0,"player_choice":"Fight","damage_taken":0,"max_hp_gain":0,"max_hp_loss":0,"event_name":"Colosseum","floor":19,"gold_loss":0},{"damage_healed":0,"gold_gain":0,"player_choice":"Fought Nobs","damage_taken":0,"max_hp_gain":0,"max_hp_loss":0,"event_name":"Colosseum","floor":19,"gold_loss":0},{"damage_healed":0,"gold_gain":0,"player_choice":"Obtained Book","damage_taken":21,"max_hp_gain":0,"max_hp_loss":0,"event_name":"Cursed Tome","floor":20,"gold_loss":0},{"damage_healed":0,"gold_gain":0,"player_choice":"Fought Bandits","damage_taken":0,"max_hp_gain":0,"max_hp_loss":0,"event_name":"Masked Bandits","floor":22,"gold_loss":0},{"damage_healed":0,"gold_gain":0,"player_choice":"Bought 1 Potion","damage_taken":0,"max_hp_gain":0,"max_hp_loss":0,"event_name":"The Woman in Blue","floor":36,"gold_loss":0},{"damage_healed":0,"gold_gain":0,"player_choice":"Embrace Madness","damage_taken":17,"max_hp_gain":0,"max_hp_loss":0,"event_name":"Winding Halls","floor":39,"gold_loss":0,"cards_obtained":["Madness","Madness"]}],"is_beta":false,"boss_relics":[{"not_picked":["Runic Dome","Black Star"],"picked":"Velvet Choker"},{"not_picked":["Empty Cage","Pandora\u0027s Box"],"picked":"White Beast Statue"}],"items_purged_floors":[],"is_endless":false,"potions_floor_spawned":[1,5,10,19,24,25,27,33,35,37,38],"killed_by":"Giant Head","ascension_level":20}