{"gold_per_floor":[116,131,131,75,86,86,121,138,161,172,172,206,206,232,232,309,309,322,338,338,357,357],"floor_reached":22,"playtime":860,"items_purged":[],"score":392,"play_id":"01de3fa7-9fd5-4ec8-8018-89a547229fb6","local_time":"20190504105154","is_ascension_mode":true,"campfire_choices":[{"data":"Perfected Strike","floor":6,"key":"SMITH"},{"data":"Inflame","floor":11,"key":"SMITH"},{"data":"Uppercut","floor":15,"key":"SMITH"}],"neow_cost":"NONE","seed_source_timestamp":1010886900806376,"circlet_count":0,"master_deck":["AscendersBane","Strike_R+1","Strike_R+1","Strike_R+1","Strike_R+1","Defend_R+1","Defend_R+1","Defend_R+1","Defend_R+1","Bash","True Grit","Pommel Strike","Perfected Strike+1","Uppercut+1","Fiend Fire","Inflame+1","Clothesline","Pummel","Barricade","Cleave"],"relics":["Burning Blood","Oddly Smooth Stone","Blood Vial","Lantern","Pen Nib","Mark of Pain"],"potions_floor_usage":[2,7,7,21],"damage_taken":[{"damage":2,"enemies":"2 Louse","floor":1,"turns":5},{"damage":6,"enemies":"Cultist","floor":2,"turns":4},{"damage":2,"enemies":"Jaw Worm","floor":5,"turns":4},{"damage":32,"enemies":"Gremlin Nob","floor":7,"turns":4},{"damage":3,"enemies":"Blue Slaver","floor":8,"turns":3},{"damage":0,"enemies":"Exordium Wildlife","floor":10,"turns":4},{"damage":20,"enemies":"Lagavulin","floor":12,"turns":6},{"damage":47,"enemies":"Slime Boss","floor":16,"turns":9},{"damage":29,"enemies":"2 Thieves","floor":18,"turns":4},{"damage":22,"enemies":"Spheric Guardian","floor":19,"turns":4},{"damage":30,"enemies":"Snake Plant","floor":21,"turns":2},{"damage":9,"enemies":"Cultist and Chosen","floor":22,"turns":3}],"seed_played":"-798125921995325311","potions_obtained":[{"floor":0,"key":"GamblersBrew"},{"floor":0,"key":"Swift Potion"},{"floor":2,"key":"SkillPotion"},{"floor":18,"key":"LiquidBronze"}],"is_trial":false,"path_per_floor":["M","M","?","$","M","R","E","M","T","M","R","E","?","T","R","B",null,"M","M","?","M","M"],"character_chosen":"IRONCLAD","items_purchased":["Perfected Strike"],"campfire_rested":0,"item_purchase_floors":[4],"current_hp_per_floor":[72,72,72,72,75,75,49,52,52,60,60,48,53,53,53,14,64,43,29,29,7,0],"gold":357,"neow_bonus":"THREE_SMALL_POTIONS","is_prod":false,"is_daily":false,"chose_seed":false,"campfire_upgraded":3,"win_rate":0,"timestamp":1556981514,"path_taken":["M","M","?","?","M","R","E","M","T","?","R","E","?","?","R","BOSS","M","M","?","M","M"],"build_version":"2019-01-23","purchased_purges":0,"victory":false,"max_hp_per_floor":[75,75,75,75,75,75,75,75,75,75,75,75,80,80,80,80,80,80,80,80,80,80],"card_choices":[{"not_picked":["Flex","Entrench"],"picked":"True Grit","floor":1},{"not_picked":["Dropkick","Twin Strike"],"picked":"Pommel Strike","floor":2},{"not_picked":["Dual Wield","Fire Breathing"],"picked":"Uppercut","floor":5},{"not_picked":["Blood for Blood","Power Through"],"picked":"Fiend Fire","floor":7},{"not_picked":["Clash","Second Wind"],"picked":"Inflame","floor":8},{"not_picked":["Metallicize","Thunderclap"],"picked":"Clothesline","floor":10},{"not_picked":["Iron Wave","Headbutt"],"picked":"Pummel","floor":12},{"not_picked":["Double Tap","Berserk"],"picked":"Barricade","floor":16},{"not_picked":["Sword Boomerang","Body Slam","Iron Wave"],"picked":"SKIP","floor":18},{"not_picked":["Power Through","Seeing Red+1","Hemokinesis"],"picked":"SKIP","floor":19},{"not_picked":["Cleave","Armaments","Body Slam"],"picked":"SKIP","floor":21},{"not_picked":["Armaments","Body Slam"],"picked":"Cleave","floor":21}],"player_experience":2337835,"relics_obtained":[{"floor":7,"key":"Oddly Smooth Stone"},{"floor":9,"key":"Blood Vial"},{"floor":12,"key":"Lantern"},{"floor":14,"key":"Pen Nib"}],"event_choices":[{"cards_removed":["Strike_R"],"damage_healed":0,"gold_gain":0,"player_choice":"Offered Basic","damage_taken":0,"max_hp_gain":0,"max_hp_loss":0,"event_name":"Bonfire Elementals","floor":3,"gold_loss":0},{"damage_healed":0,"gold_gain":0,"player_choice":"Donut","damage_taken":0,"max_hp_gain":5,"max_hp_loss":0,"event_name":"Big Fish","floor":13,"gold_loss":0},{"damage_healed":0,"gold_gain":0,"player_choice":"Simplicity","damage_taken":0,"max_hp_gain":0,"max_hp_loss":0,"event_name":"Back to Basics","floor":20,"gold_loss":0,"cards_upgraded":["Strike_R","Strike_R","Strike_R","Strike_R","Defend_R","Defend_R","Defend_R","Defend_R"]}],"is_beta":false,"boss_relics":[{"not_picked":["Tiny House","Fusion Hammer"],"picked":"Mark of Pain"}],"items_purged_floors":[],"is_endless":false,"potions_floor_spawned":[1,2,18],"killed_by":"Cultist and Chosen","ascension_level":20}