{"gold_per_floor":[19,19,35,53,68,112,112,112,135,135,135,135,174,10,10,133,133,156,68,68,68,89,89,107,107,107,36,36,52,75,99,99,218,218,233,7,132,132,153,153,41,66,66,66,104,104,4,28,28,28,28,28,28,72,72],"floor_reached":55,"playtime":1558,"items_purged":["Strike_R","Strike_R"],"score":758,"play_id":"cde923ba-5cf2-43fd-b9d6-4c5ad2a8dc38","local_time":"20181210013130","is_ascension_mode":false,"campfire_choices":[{"data":"Bash","floor":8.0,"key":"SMITH"},{"floor":10.0,"key":"RECALL"},{"data":"Pommel Strike","floor":12.0,"key":"SMITH"},{"data":"Apotheosis","floor":15.0,"key":"SMITH"},{"data":"Limit Break","floor":23,"key":"SMITH"},{"data":"True Grit","floor":25,"key":"SMITH"},{"data":"Evolve","floor":28,"key":"SMITH"},{"floor":32,"key":"REST"},{"data":"Demon Form","floor":40,"key":"SMITH"},{"data":"Metallicize","floor":44,"key":"SMITH"},{"floor":46,"key":"REST"},{"floor":49,"key":"REST"},{"data":"Flex","floor":52,"key":"SMITH"}],"neow_cost":"NO_GOLD","seed_source_timestamp":138566195304859,"circlet_count":0,"master_deck":["Strike_R","Strike_R","Defend_R","Defend_R","Defend_R","Defend_R","Bash+1","Pommel Strike","Cleave","Pommel Strike+1","Anger","Evolve+1","Apotheosis+1","Limit Break+1","Heavy Blade","Flex+1","Whirlwind","True Grit+1","Warcry+1","Shrug It Off","Clothesline","Sword Boomerang+1","Reaper","Armaments+1","Demon Form+1","Clothesline","Sword Boomerang+1","Metallicize+1","Ghostly Armor","Flame Barrier","Iron Wave+1"],"special_seed":0,"relics":["Burning Blood","Golden Idol","Oddly Smooth Stone","Bronze Scales","Mercury Hourglass","Omamori","Velvet Choker","Bird Faced Urn","Black Star","Orichalcum","WingedGreaves","Ornamental Fan","Darkstone Periapt","Pear","Blood Vial"],"potions_floor_usage":[33,33,33,42,50,50],"damage_taken":[{"damage":6.0,"enemies":"Cultist","floor":1.0,"turns":3.0},{"damage":1.0,"enemies":"Jaw Worm","floor":3.0,"turns":3.0},{"damage":6.0,"enemies":"2 Louse","floor":4.0,"turns":2.0},{"damage":23.0,"enemies":"Exordium Wildlife","floor":5.0,"turns":5.0},{"damage":14.0,"enemies":"Gremlin Nob","floor":6.0,"turns":3.0},{"damage":36.0,"enemies":"3 Sentries","floor":13.0,"turns":5.0},{"damage":0.0,"enemies":"Slime Boss","floor":16.0,"turns":3.0},{"damage":0.0,"enemies":"Spheric Guardian","floor":18.0,"turns":3.0},{"damage":13,"enemies":"Shell Parasite","floor":22,"turns":3},{"damage":3,"enemies":"Snecko","floor":24,"turns":4},{"damage":32,"enemies":"Snake Plant","floor":29,"turns":3},{"damage":20,"enemies":"Centurion and Healer","floor":30,"turns":4},{"damage":24,"enemies":"Shelled Parasite and Fungi","floor":31,"turns":4},{"damage":56,"enemies":"Automaton","floor":33,"turns":12},{"damage":35,"enemies":"3 Darklings","floor":35,"turns":4},{"damage":24,"enemies":"Mind Bloom Boss Battle","floor":37,"turns":5},{"damage":2,"enemies":"3 Shapes","floor":39,"turns":2},{"damage":32,"enemies":"Sphere and 2 Shapes","floor":42,"turns":6},{"damage":59,"enemies":"Nemesis","floor":45,"turns":13},{"damage":28,"enemies":"Transient","floor":48,"turns":5},{"damage":46,"enemies":"Time Eater","floor":50,"turns":13},{"damage":92,"enemies":"Shield and Spear","floor":54,"turns":7},{"damage":38,"enemies":"The Heart","floor":55,"turns":2}],"seed_played":"1671631067173165962","potions_obtained":[{"floor":5.0,"key":"Block Potion"},{"floor":6.0,"key":"SteroidPotion"},{"floor":13.0,"key":"Fire Potion"},{"floor":24,"key":"Dexterity Potion"},{"floor":30,"key":"Dexterity Potion"},{"floor":35,"key":"Explosive Potion"},{"floor":37,"key":"Energy Potion"},{"floor":42,"key":"Energy Potion"},{"floor":54,"key":"GamblersBrew"}],"is_trial":false,"path_per_floor":["M","?","M","M","M","E","?","R","T","R","T","R","E","$","R","B",null,"M","$","?","?","M","R","M","R","T","$","R","M","M","M","R","B",null,"M","$","?","?","M","R","$","M","T","R","E","R","$","M","R","B",null,"R","$","E","B"],"character_chosen":"IRONCLAD","items_purchased":["Apotheosis","Flex","Whirlwind","Shrug It Off","Clothesline","Orichalcum","Metallicize","Ghostly Armor"],"campfire_rested":3,"item_purchase_floors":[14,19,19,27,27,36,41,41],"current_hp_per_floor":[96,89,89,89,72,64,64,64,64,64,64,64,34,34,34,40,89,89,89,89,89,82,82,85,85,85,85,85,59,45,27,53,8,89,80,80,64,64,68,68,68,60,60,60,13,39,39,19,45,11,89,89,89,17,0],"gold":72,"neow_bonus":"TWENTY_PERCENT_HP_BONUS","is_prod":false,"is_daily":false,"chose_seed":false,"campfire_upgraded":9,"win_rate":0,"timestamp":1544430690,"path_taken":["M","?","M","M","M","E","?","R","T","R","?","R","E","$","R","BOSS","M","$","?","?","M","R","M","R","T","?","R","M","?","M","R","BOSS","M","?","?","?","M","R","$","M","T","R","E","R","$","M","R","BOSS","R","$","E","BOSS"],"build_version":"2018-12-06","purchased_purges":2,"victory":false,"max_hp_per_floor":[96,89,89,89,89,89,89,89,89,89,89,89,89,89,89,89,89,89,89,89,89,89,89,89,89,89,89,89,89,89,89,89,89,89,89,89,89,89,89,89,89,89,89,89,89,89,89,89,89,89,89,89,89,99,99],"card_choices":[{"not_picked":["Body Slam","Flex"],"picked":"Pommel Strike","floor":1.0},{"not_picked":["Thunderclap","Headbutt"],"picked":"Cleave","floor":3.0},{"not_picked":["Sentinel","Anger"],"picked":"Pommel Strike","floor":4.0},{"not_picked":["Sever Soul","Reckless Charge"],"picked":"Anger","floor":5.0},{"not_picked":["Burning Pact","Anger","Fire Breathing"],"picked":"SKIP","floor":6.0},{"not_picked":["Rupture","Flex"],"picked":"Evolve","floor":13.0},{"not_picked":["Exhume","Berserk"],"picked":"Limit Break","floor":16.0},{"not_picked":["Body Slam","Burning Pact"],"picked":"Heavy Blade","floor":18.0},{"not_picked":["Sword Boomerang","Sever Soul"],"picked":"True Grit","floor":22},{"not_picked":["Iron Wave","Hemokinesis"],"picked":"Warcry+1","floor":24},{"not_picked":["Wild Strike","Combust"],"picked":"Sword Boomerang+1","floor":29},{"not_picked":["Havoc+1","Clash+1"],"picked":"Reaper","floor":30},{"not_picked":["Iron Wave","Dropkick"],"picked":"Armaments+1","floor":31},{"not_picked":["Limit Break","Exhume"],"picked":"Demon Form","floor":33},{"not_picked":["Thunderclap+1","Armaments"],"picked":"Clothesline","floor":35},{"not_picked":["Flex","Warcry+1"],"picked":"Sword Boomerang+1","floor":39},{"not_picked":["Warcry+1","Evolve"],"picked":"Flame Barrier","floor":42},{"not_picked":["Clothesline","Thunderclap+1","Bloodletting"],"picked":"SKIP","floor":45},{"not_picked":["Cleave+1","Sword Boomerang"],"picked":"Iron Wave+1","floor":48},{"not_picked":["Offering","Carnage","Havoc"],"picked":"SKIP","floor":54}],"player_experience":986036,"relics_obtained":[{"floor":6.0,"key":"Oddly Smooth Stone"},{"floor":9.0,"key":"Bronze Scales"},{"floor":11.0,"key":"Mercury Hourglass"},{"floor":13.0,"key":"Omamori"},{"floor":26,"key":"Bird Faced Urn"},{"floor":37,"key":"WingedGreaves"},{"floor":45,"key":"Ornamental Fan"},{"floor":45,"key":"Darkstone Periapt"},{"floor":54,"key":"Pear"},{"floor":54,"key":"Blood Vial"}],"event_choices":[{"damage_healed":0.0,"max_hp_gain":0.0,"max_hp_loss":7.0,"gold_gain":0.0,"event_name":"Golden Idol","player_choice":"Lose Max HP","floor":2.0,"gold_loss":0.0,"damage_taken":0.0,"relics_obtained":["Golden Idol"]},{"damage_healed":0.0,"max_hp_gain":0.0,"max_hp_loss":0.0,"gold_gain":0.0,"event_name":"Liars Game","player_choice":"Ignored","floor":7.0,"gold_loss":0.0,"damage_taken":0.0},{"cards_removed":["Strike_R"],"damage_healed":0,"gold_gain":0,"player_choice":"Elegance","damage_taken":0,"max_hp_gain":0,"max_hp_loss":0,"event_name":"Back to Basics","floor":20,"gold_loss":0},{"damage_healed":0,"gold_gain":0,"player_choice":"Ignored","damage_taken":0,"max_hp_gain":0,"max_hp_loss":0,"event_name":"Ghosts","floor":21,"gold_loss":0},{"damage_healed":0,"gold_gain":0,"player_choice":"Fight","damage_taken":0,"max_hp_gain":0,"max_hp_loss":0,"event_name":"MindBloom","floor":37,"gold_loss":0},{"damage_healed":0,"gold_gain":0,"player_choice":"Ignored","damage_taken":0,"max_hp_gain":0,"max_hp_loss":0,"event_name":"Tomb of Lord Red Mask","floor":38,"gold_loss":0}],"is_beta":true,"boss_relics":[{"not_picked":["Busted Crown","Pandora\u0027s Box"],"picked":"Velvet Choker"},{"not_picked":["Black Blood","Philosopher\u0027s Stone"],"picked":"Black Star"}],"items_purged_floors":[36,47],"is_endless":false,"potions_floor_spawned":[5,6,13,24,30,31,35,37,42,54],"killed_by":"The Heart","ascension_level":0}