{"gold_per_floor":[116,132,57,75,85,117,32,59,59,93,93,93,93,65,65,141,141,160,186,202,202,220,220,250,250,298,314,325,325,343,343,343,417,417,434,434,445,445],"floor_reached":38,"playtime":2142,"items_purged":["Strike_B"],"score":928,"play_id":"2f5fcb09-5635-438c-8d6e-a7be028aaea1","local_time":"20190403193800","is_ascension_mode":true,"campfire_choices":[{"data":"Defragment","floor":13,"key":"SMITH"},{"floor":15,"key":"REST"},{"floor":23,"key":"REST"},{"floor":29,"key":"REST"},{"floor":32,"key":"REST"}],"neow_cost":"NONE","seed_source_timestamp":205017541924042,"circlet_count":0,"master_deck":["AscendersBane","Strike_B","Strike_B","Strike_B","Defend_B","Defend_B","Defend_B","Defend_B","Zap+1","Dualcast","Leap","Ball Lightning","Doom and Gloom+1","FTL","Conserve Battery","Defragment+1","Sunder+1","Cold Snap","Ball Lightning","All For One","Storm+1","Reinforced Body","Leap+1","Electrodynamics","Beam Cell+1","Electrodynamics"],"relics":["FrozenCore","NeowsBlessing","Letter Opener","Ornamental Fan","Pocketwatch","WingedGreaves","Sozu","Red Mask","Pen Nib","Nunchaku","Shuriken","DataDisk"],"potions_floor_usage":[6,10,16,19,27],"damage_taken":[{"damage":0,"enemies":"Cultist","floor":1,"turns":1},{"damage":0,"enemies":"2 Louse","floor":2,"turns":1},{"damage":0,"enemies":"Jaw Worm","floor":4,"turns":1},{"damage":3,"enemies":"Looter","floor":5,"turns":3},{"damage":2,"enemies":"Gremlin Nob","floor":6,"turns":3},{"damage":18,"enemies":"3 Sentries","floor":8,"turns":5},{"damage":4,"enemies":"Gremlin Nob","floor":10,"turns":3},{"damage":0,"enemies":"Slime Boss","floor":16,"turns":5},{"damage":7,"enemies":"3 Byrds","floor":18,"turns":3},{"damage":24,"enemies":"Masked Bandits","floor":19,"turns":4},{"damage":0,"enemies":"Spheric Guardian","floor":20,"turns":3},{"damage":11,"enemies":"Snecko","floor":22,"turns":4},{"damage":29,"enemies":"Book of Stabbing","floor":24,"turns":4},{"damage":5,"enemies":"Shelled Parasite and Fungi","floor":27,"turns":3},{"damage":0,"enemies":"Cultist and Chosen","floor":28,"turns":4},{"damage":1,"enemies":"Centurion and Healer","floor":30,"turns":4},{"damage":35,"enemies":"Automaton","floor":33,"turns":8},{"damage":4,"enemies":"Orb Walker","floor":35,"turns":4},{"damage":5,"enemies":"3 Darklings","floor":37,"turns":3},{"damage":53,"enemies":"Jaw Worm Horde","floor":38,"turns":2}],"seed_played":"-9020580903108694452","potions_obtained":[{"floor":2,"key":"Energy Potion"},{"floor":6,"key":"PowerPotion"},{"floor":8,"key":"Dexterity Potion"},{"floor":10,"key":"FearPotion"},{"floor":16,"key":"GamblersBrew"}],"is_trial":false,"path_per_floor":["M","M","$","M","M","E","$","E","T","E","?","?","R","$","R","B",null,"M","?","M","?","M","R","E","T","T","M","M","R","M","?","R","B",null,"M","?","M","M"],"character_chosen":"DEFECT","items_purchased":["Defragment","Ball Lightning"],"campfire_rested":4,"item_purchase_floors":[7,14],"current_hp_per_floor":[64,64,64,64,61,59,59,41,41,37,37,16,16,16,37,37,63,56,32,32,32,21,42,13,13,13,8,8,29,28,28,49,14,57,53,53,48,0],"gold":445,"neow_bonus":"THREE_ENEMY_KILL","is_prod":false,"is_daily":false,"chose_seed":false,"campfire_upgraded":1,"win_rate":0,"timestamp":1554334680,"path_taken":["M","?","$","M","?","E","$","E","T","E","?","?","R","?","R","BOSS","M","?","M","?","?","R","E","?","T","M","?","R","M","?","R","BOSS","M","?","M","?"],"build_version":"2019-01-23","purchased_purges":1,"victory":false,"max_hp_per_floor":[71,71,71,71,71,71,71,71,71,71,71,71,71,71,71,71,71,71,71,71,71,71,71,71,71,71,71,71,71,71,71,71,71,71,71,71,71,71],"card_choices":[{"not_picked":["Stack","Hello World"],"picked":"Leap","floor":1},{"not_picked":["Rip and Tear","Chaos"],"picked":"Ball Lightning","floor":2},{"not_picked":["Compile Driver","Steam"],"picked":"Doom and Gloom","floor":4},{"not_picked":["Hello World","Conserve Battery"],"picked":"FTL","floor":5},{"not_picked":["Gash","Turbo"],"picked":"Conserve Battery","floor":6},{"not_picked":["Compile Driver","Ball Lightning"],"picked":"Sunder","floor":8},{"not_picked":["Chill","Blizzard"],"picked":"Cold Snap","floor":10},{"not_picked":["Meteor Strike","Reboot"],"picked":"All For One","floor":16},{"not_picked":["Rip and Tear","Steam","Storm+1"],"picked":"SKIP","floor":18},{"not_picked":["Barrage","Chaos"],"picked":"Storm+1","floor":19},{"not_picked":["Chaos","Stack","Barrage"],"picked":"SKIP","floor":20},{"not_picked":["Beam Cell","Steam","Redo"],"picked":"SKIP","floor":22},{"not_picked":["Scrape+1","Conserve Battery"],"picked":"Reinforced Body","floor":24},{"not_picked":["Compile Driver","Rebound","FTL"],"picked":"SKIP","floor":27},{"not_picked":["Conserve Battery","Gash","Turbo"],"picked":"SKIP","floor":28},{"not_picked":["Ball Lightning","Rip and Tear"],"picked":"Leap+1","floor":30},{"not_picked":["Rainbow","Fission"],"picked":"Electrodynamics","floor":33},{"not_picked":["Cold Snap","Streamline"],"picked":"Beam Cell+1","floor":35},{"not_picked":["Conserve Battery","Undo","Hologram"],"picked":"SKIP","floor":37}],"player_experience":1575412,"relics_obtained":[{"floor":6,"key":"Letter Opener"},{"floor":8,"key":"Ornamental Fan"},{"floor":9,"key":"Pocketwatch"},{"floor":10,"key":"WingedGreaves"},{"floor":19,"key":"Red Mask"},{"floor":21,"key":"Pen Nib"},{"floor":24,"key":"Nunchaku"},{"floor":25,"key":"Shuriken"},{"floor":26,"key":"DataDisk"}],"event_choices":[{"damage_healed":0,"gold_gain":0,"player_choice":"Grow","damage_taken":0,"max_hp_gain":0,"max_hp_loss":0,"event_name":"Living Wall","floor":11,"gold_loss":0,"cards_upgraded":["Zap"]},{"damage_healed":0,"gold_gain":0,"player_choice":"Entered Light","damage_taken":21,"max_hp_gain":0,"max_hp_loss":0,"event_name":"Shining Light","floor":12,"gold_loss":0,"cards_upgraded":["Doom and Gloom","Sunder"]},{"damage_healed":0,"gold_gain":0,"player_choice":"Fought Bandits","damage_taken":0,"max_hp_gain":0,"max_hp_loss":0,"event_name":"Masked Bandits","floor":19,"gold_loss":0},{"damage_healed":0,"gold_gain":0,"player_choice":"Relic","damage_taken":0,"max_hp_gain":0,"max_hp_loss":0,"event_name":"Wheel of Change","floor":21,"gold_loss":0},{"damage_healed":0,"gold_gain":0,"player_choice":"Ignored","damage_taken":0,"max_hp_gain":0,"max_hp_loss":0,"event_name":"The Mausoleum","floor":31,"gold_loss":0},{"damage_healed":0,"gold_gain":0,"player_choice":"1 cards matched","damage_taken":0,"max_hp_gain":0,"max_hp_loss":0,"event_name":"Match and Keep!","floor":36,"gold_loss":0,"cards_obtained":["Electrodynamics"]}],"is_beta":false,"boss_relics":[{"not_picked":["Black Star","Fusion Hammer"],"picked":"Sozu"},{"not_picked":["Busted Crown","Philosopher\u0027s Stone"],"picked":"FrozenCore"}],"items_purged_floors":[3],"is_endless":false,"potions_floor_spawned":[2,6,8,10,16,18,20,24,27,28],"killed_by":"Jaw Worm Horde","ascension_level":20}