{"path_per_floor":["M","?","M","?","M","R","M","M","T","R","M","$","M","M","R","B",null,"M","?","M","?","M","R","$","M","T","R","?","M","?","M","R"],"character_chosen":"IRONCLAD","items_purchased":["Bottled Flame","Lantern"],"gold_per_floor":[366,441,456,456,473,473,483,500,500,500,511,103,122,141,141,243,243,262,177,197,197,213,213,213,232,232,232,232,242,242,253,253,253],"floor_reached":33,"campfire_rested":1,"playtime":1350,"current_hp_per_floor":[72,61,67,67,76,76,78,83,83,83,64,64,61,67,67,47,79,87,87,62,62,57,57,57,33,33,33,33,36,69,29,74,0],"items_purged":[],"gold":253,"score":414,"play_id":"e2de083e-c434-4e8b-89ac-e736995b2de6","local_time":"20180326163455","is_prod":false,"is_daily":false,"is_ascension_mode":true,"campfire_upgraded":5,"timestamp":1522096495,"path_taken":["M","?","?","?","M","R","M","M","T","R","M","$","M","M","R","BOSS","M","?","M","?","M","R","?","M","T","R","?","M","?","?","R","BOSS"],"build_version":"2018-03-22v2","purchased_purges":3,"victory":false,"master_deck":["Strike_R+1","Strike_R+1","Strike_R+1","Strike_R+1","Strike_R+1","Defend_R+1","Defend_R+1","Defend_R+1","Defend_R+1","Bash","AscendersBane","Feed","Warcry+1","Clothesline+1","Whirlwind+1","Burning Pact","Flex+1","Flex+1","Thunderclap+1","Bloodletting"],"max_hp_per_floor":[72,72,75,75,78,78,81,84,84,84,87,87,90,90,90,90,90,93,93,93,93,96,96,96,96,96,96,96,99,99,102,102,102],"relics":["Burning Blood","Regal Pillow","Bottled Flame","Lantern","Question Card","Prayer Wheel","Unceasing Top"],"card_choices":[{"not_picked":["Hemokinesis","Warcry"],"picked":"Feed","floor":1},{"not_picked":["Hemokinesis","Entrench"],"picked":"Warcry","floor":3},{"not_picked":["Ghostly Armor","Seeing Red"],"picked":"Clothesline","floor":5},{"not_picked":["Headbutt","Iron Wave"],"picked":"Whirlwind","floor":7},{"not_picked":["Headbutt","Ghostly Armor"],"picked":"Burning Pact","floor":11},{"not_picked":["True Grit","Perfected Strike"],"picked":"Flex","floor":14},{"not_picked":["Cleave","Clothesline","Pummel"],"picked":"Flex","floor":18},{"not_picked":["Spot Weakness","Power Through","Twin Strike"],"picked":"Thunderclap","floor":26},{"not_picked":["Whirlwind","Dropkick","Reckless Charge"],"picked":"Bloodletting","floor":29}],"player_experience":605915,"potions_floor_usage":[3,16,16,16,22,29],"damage_taken":[{"damage":4,"enemies":"Small Slimes","floor":1,"turns":4},{"damage":3,"enemies":"2 Louse","floor":3,"turns":3},{"damage":0,"enemies":"Cultist","floor":5,"turns":2},{"damage":7,"enemies":"2 Fungi Beasts","floor":7,"turns":4},{"damage":4,"enemies":"3 Louse","floor":8,"turns":4},{"damage":28,"enemies":"Gremlin Gang","floor":11,"turns":3},{"damage":12,"enemies":"Blue Slaver","floor":13,"turns":3},{"damage":0,"enemies":"2 Fungi Beasts","floor":14,"turns":1},{"damage":38,"enemies":"Slime Boss","floor":16,"turns":8},{"damage":1,"enemies":"3 Byrds","floor":18,"turns":3},{"damage":31,"enemies":"Spheric Guardian","floor":20,"turns":5},{"damage":14,"enemies":"Chosen and Byrds","floor":22,"turns":5},{"damage":30,"enemies":"Snake Plant","floor":25,"turns":5},{"damage":6,"enemies":"3 Cultists","floor":29,"turns":3},{"damage":49,"enemies":"Centurion and Healer","floor":31,"turns":7},{"damage":76,"enemies":"Champ","floor":33,"turns":12}],"event_choices":[{"event_name":"World of Goop","player_choice":"Gather Gold","floor":2,"damage_taken":0},{"event_name":"Living Wall","player_choice":"Grow","floor":4,"damage_taken":0},{"event_name":"Addict","player_choice":"Obtained Relic","floor":19,"damage_taken":0},{"event_name":"Back to Basics","player_choice":"Simplicity","floor":21,"damage_taken":0},{"event_name":"Cursed Tome","player_choice":"Ignored","floor":28,"damage_taken":0},{"event_name":"The Library","player_choice":"Heal","floor":30,"damage_taken":0}],"boss_relics":[{"not_picked":["Eternal Feather","Runic Pyramid"],"picked":"Question Card"}],"potions_floor_spawned":[1,3,13,14,20,22],"seed_played":"500184394738751201","killed_by":"Champ","ascension_level":12,"is_trial":false}