{"gold_per_floor":[113,63,80,80,80,80,109,109,109,109,123,123,140,167,167,262,262,275,293,144,144,124,159,174,174,200,230,230,256,271,304,304,304],"floor_reached":33,"playtime":1971,"items_purged":[],"score":430,"play_id":"70d5242f-0a5f-4fb2-bcc6-4ddcd5503b6b","local_time":"20190429114508","is_ascension_mode":true,"campfire_choices":[{"data":"Zap","floor":6,"key":"SMITH"},{"data":"Hologram","floor":8,"key":"SMITH"},{"data":"Dualcast","floor":10,"key":"SMITH"},{"data":"Darkness","floor":15,"key":"SMITH"},{"data":"Genetic Algorithm","floor":25,"key":"SMITH"},{"data":"Doom and Gloom","floor":28,"key":"SMITH"},{"data":"Buffer","floor":32,"key":"SMITH"}],"neow_cost":"NONE","seed_source_timestamp":1532380317335975,"circlet_count":0,"master_deck":["Strike_B+1","Strike_B","Defend_B","Defend_B","Defend_B+1","Defend_B","Zap+1","Dualcast+1","Doom and Gloom+1","Hologram+1","Cold Snap","Undo","Electrodynamics","Darkness+1","Genetic Algorithm+1","Core Surge","Turbo+1","Stack+1","Chill","Reprogram+1","Defragment","Coolheaded+1","Buffer+1"],"relics":["Cracked Core","Omamori","Meat on the Bone","Centennial Puzzle","Sozu","PreservedInsect","StoneCalendar","Orichalcum","Regal Pillow","Matryoshka","Boot","Mercury Hourglass"],"potions_floor_usage":[23],"damage_taken":[{"damage":0,"enemies":"Small Slimes","floor":1,"turns":3},{"damage":2,"enemies":"Jaw Worm","floor":3,"turns":3},{"damage":20,"enemies":"3 Sentries","floor":7,"turns":5},{"damage":0,"enemies":"Cultist","floor":11,"turns":2},{"damage":1,"enemies":"Blue Slaver","floor":13,"turns":3},{"damage":5,"enemies":"Lagavulin","floor":14,"turns":6},{"damage":3,"enemies":"The Guardian","floor":16,"turns":8},{"damage":7,"enemies":"Shell Parasite","floor":18,"turns":3},{"damage":1,"enemies":"3 Byrds","floor":19,"turns":3},{"damage":8,"enemies":"Book of Stabbing","floor":23,"turns":5},{"damage":11,"enemies":"Snake Plant","floor":24,"turns":3},{"damage":4,"enemies":"Gremlin Leader","floor":27,"turns":5},{"damage":18,"enemies":"Book of Stabbing","floor":29,"turns":5},{"damage":16,"enemies":"Shelled Parasite and Fungi","floor":30,"turns":6},{"damage":7,"enemies":"Slavers","floor":31,"turns":3},{"damage":45,"enemies":"Champ","floor":33,"turns":10}],"seed_played":"5563147894898128106","potions_obtained":[{"floor":3,"key":"SmokeBomb"},{"floor":13,"key":"Block Potion"}],"is_trial":false,"path_per_floor":["M","?","M","$","?","R","E","R","T","R","M","?","M","E","R","B",null,"M","M","$","?","?","E","M","R","T","E","R","E","M","E","R","B"],"character_chosen":"DEFECT","items_purchased":["PreservedInsect"],"campfire_rested":0,"item_purchase_floors":[20],"current_hp_per_floor":[68,68,66,66,66,66,46,46,46,46,46,31,42,49,49,46,68,61,60,60,60,60,52,41,41,41,49,49,43,39,44,44,0],"gold":304,"neow_bonus":"THREE_CARDS","is_prod":false,"is_daily":false,"chose_seed":false,"campfire_upgraded":7,"win_rate":0,"timestamp":1556534708,"path_taken":["M","?","M","$","?","R","E","R","T","R","?","?","M","E","R","BOSS","M","M","$","?","?","E","M","R","T","E","R","E","M","E","R","BOSS"],"build_version":"2019-01-23","purchased_purges":0,"victory":false,"max_hp_per_floor":[75,75,75,75,75,75,75,75,75,75,75,75,75,75,75,75,75,75,75,75,75,75,75,75,75,75,75,75,75,75,75,75,75],"card_choices":[{"not_picked":["Conserve Battery","Redo"],"picked":"Doom and Gloom","floor":0},{"not_picked":["Turbo","Rebound"],"picked":"Hologram","floor":1},{"not_picked":["Steam","Double Energy"],"picked":"Cold Snap","floor":3},{"not_picked":["Skim","Cold Snap"],"picked":"Undo","floor":7},{"not_picked":["Steam","Beam Cell"],"picked":"Electrodynamics","floor":11},{"not_picked":["Barrage","Stack"],"picked":"Darkness","floor":13},{"not_picked":["Chill","Redo"],"picked":"Genetic Algorithm","floor":14},{"not_picked":["Seek","Biased Cognition"],"picked":"Core Surge","floor":16},{"not_picked":["Hologram","Compile Driver"],"picked":"Turbo+1","floor":18},{"not_picked":["BootSequence","Hello World"],"picked":"Stack+1","floor":19},{"not_picked":["Ball Lightning","Amplify"],"picked":"Chill","floor":23},{"not_picked":["Cold Snap","Rebound"],"picked":"Reprogram+1","floor":24},{"not_picked":["Turbo","Gash+1","Reprogram"],"picked":"SKIP","floor":27},{"not_picked":["Seek","Reinforced Body"],"picked":"Defragment","floor":29},{"not_picked":["Redo","Conserve Battery+1"],"picked":"Coolheaded+1","floor":30},{"not_picked":["Beam Cell","Steam Power+1"],"picked":"Buffer","floor":31}],"player_experience":242237,"relics_obtained":[{"floor":7,"key":"Omamori"},{"floor":9,"key":"Meat on the Bone"},{"floor":14,"key":"Centennial Puzzle"},{"floor":23,"key":"Orichalcum"},{"floor":26,"key":"Regal Pillow"},{"floor":27,"key":"Matryoshka"},{"floor":29,"key":"Boot"},{"floor":31,"key":"Mercury Hourglass"}],"event_choices":[{"cards_removed":["Strike_B"],"damage_healed":0,"gold_gain":0,"player_choice":"Card Removal","damage_taken":0,"max_hp_gain":0,"max_hp_loss":0,"event_name":"The Cleric","floor":2,"gold_loss":50},{"cards_removed":["Strike_B"],"damage_healed":0,"gold_gain":0,"player_choice":"Offered Basic","damage_taken":0,"max_hp_gain":0,"max_hp_loss":0,"event_name":"Bonfire Elementals","floor":5,"gold_loss":0},{"damage_healed":0,"gold_gain":0,"player_choice":"Entered Light","damage_taken":15,"max_hp_gain":0,"max_hp_loss":0,"event_name":"Shining Light","floor":12,"gold_loss":0,"cards_upgraded":["Defend_B","Strike_B"]},{"damage_healed":0,"gold_gain":0,"player_choice":"Opened","damage_taken":0,"relics_obtained":["StoneCalendar"],"max_hp_gain":0,"max_hp_loss":0,"event_name":"The Mausoleum","floor":21,"gold_loss":0,"cards_obtained":["Writhe"]},{"damage_healed":0,"gold_gain":0,"player_choice":"Bought 1 Potion","damage_taken":0,"max_hp_gain":0,"max_hp_loss":0,"event_name":"The Woman in Blue","floor":22,"gold_loss":0}],"is_beta":false,"boss_relics":[{"not_picked":["Ectoplasm","Velvet Choker"],"picked":"Sozu"}],"items_purged_floors":[],"is_endless":false,"potions_floor_spawned":[3,13,18,27,29],"killed_by":"Champ","ascension_level":6}