{"gold_per_floor":[117,134,146,146,163,194,219,231,243,255,279,291,72,86,86,165,165,165,4,4,4,4,4,4,4,4,4,4,4,4,4,4,4],"floor_reached":33,"playtime":1186,"items_purged":["Strike_R"],"score":490,"play_id":"bde917da-a5d1-4f6b-8f7a-4dcdca715d1f","local_time":"20190312015958","is_ascension_mode":true,"campfire_choices":[{"data":"Demon Form","floor":12,"key":"SMITH"},{"data":"Anger","floor":15,"key":"SMITH"},{"floor":23,"key":"REST"},{"floor":32,"key":"REST"}],"neow_cost":"PERCENT_DAMAGE","seed_source_timestamp":744418442020988,"circlet_count":0,"master_deck":["AscendersBane","Strike_R","Defend_R","Defend_R","Defend_R","Defend_R","Bash","Anger+1","Flex","Sword Boomerang","Armaments+1","Demon Form+1","Armaments+1","True Grit","Offering","Whirlwind+1","Twin Strike+1","RitualDagger","Shame","Barricade"],"relics":["Burning Blood","MawBank","Gremlin Horn","DollysMirror","Ectoplasm","Pen Nib","Juzu Bracelet","Ice Cream"],"potions_floor_usage":[6,6,7,16,31],"damage_taken":[{"damage":6,"enemies":"Jaw Worm","floor":1,"turns":7},{"damage":1,"enemies":"Cultist","floor":2,"turns":4},{"damage":9,"enemies":"2 Louse","floor":3,"turns":2},{"damage":0,"enemies":"Large Slime","floor":5,"turns":4},{"damage":40,"enemies":"3 Sentries","floor":6,"turns":9},{"damage":20,"enemies":"Red Slaver","floor":7,"turns":4},{"damage":2,"enemies":"Gremlin Gang","floor":11,"turns":3},{"damage":8,"enemies":"2 Fungi Beasts","floor":14,"turns":4},{"damage":15,"enemies":"Slime Boss","floor":16,"turns":6},{"damage":28,"enemies":"Spheric Guardian","floor":18,"turns":4},{"damage":22,"enemies":"Shell Parasite","floor":21,"turns":5},{"damage":27,"enemies":"Book of Stabbing","floor":27,"turns":3},{"damage":12,"enemies":"Snecko","floor":31,"turns":3},{"damage":43,"enemies":"Collector","floor":33,"turns":3}],"seed_played":"3652928296970220226","potions_obtained":[{"floor":3,"key":"LiquidBronze"},{"floor":5,"key":"Regen Potion"},{"floor":6,"key":"SkillPotion"},{"floor":11,"key":"FearPotion"},{"floor":21,"key":"GamblersBrew"}],"is_trial":false,"path_per_floor":["M","M","M","?","M","E","M","?","T","?","M","R","$","M","R","B",null,"M","$","?","M","$","R","?","?","T","E","?","?","?","M","R","B"],"character_chosen":"IRONCLAD","items_purchased":["DollysMirror","Whirlwind"],"campfire_rested":2,"item_purchase_floors":[13,19],"current_hp_per_floor":[50,55,52,52,58,39,25,25,25,25,29,29,29,27,27,18,61,39,39,39,23,23,45,39,39,39,18,18,18,18,12,34,0],"gold":4,"neow_bonus":"REMOVE_TWO","is_prod":false,"is_daily":false,"chose_seed":false,"campfire_upgraded":2,"win_rate":0,"timestamp":1552370398,"path_taken":["M","M","M","?","M","E","?","?","T","?","M","R","$","?","R","BOSS","M","$","?","?","$","R","?","?","T","E","?","?","?","M","R","BOSS"],"build_version":"2019-01-23","purchased_purges":1,"victory":false,"max_hp_per_floor":[75,75,75,75,75,75,75,75,75,75,75,75,75,75,75,75,75,75,75,75,75,75,75,75,75,75,75,75,75,75,75,75,75],"card_choices":[{"not_picked":["Clothesline","Sever Soul"],"picked":"Anger","floor":1},{"not_picked":["Wild Strike","Burning Pact"],"picked":"Flex","floor":2},{"not_picked":["Shrug It Off","Wild Strike"],"picked":"Sword Boomerang","floor":3},{"not_picked":["Clash","Cleave"],"picked":"Armaments","floor":5},{"not_picked":["True Grit","Rupture"],"picked":"Demon Form","floor":6},{"not_picked":["Body Slam","Thunderclap","Clash"],"picked":"SKIP","floor":7},{"not_picked":["Sever Soul","Armaments","Warcry"],"picked":"SKIP","floor":11},{"not_picked":["Clothesline","Headbutt"],"picked":"True Grit","floor":14},{"not_picked":["Demon Form","Juggernaut"],"picked":"Offering","floor":16},{"not_picked":["True Grit","Uppercut","Body Slam"],"picked":"SKIP","floor":18},{"not_picked":["Pummel","Rupture"],"picked":"Twin Strike+1","floor":21},{"not_picked":["Twin Strike","Dual Wield"],"picked":"Barricade","floor":27},{"not_picked":["Headbutt","Whirlwind","Combust"],"picked":"SKIP","floor":31}],"player_experience":1038228,"relics_obtained":[{"floor":6,"key":"MawBank"},{"floor":9,"key":"Gremlin Horn"},{"floor":26,"key":"Juzu Bracelet"},{"floor":27,"key":"Ice Cream"}],"event_choices":[{"cards_removed":["Strike_R"],"damage_healed":0,"gold_gain":0,"player_choice":"Purged","damage_taken":0,"max_hp_gain":0,"max_hp_loss":0,"event_name":"Purifier","floor":4,"gold_loss":0},{"damage_healed":0,"gold_gain":0,"player_choice":"Ignored","damage_taken":0,"max_hp_gain":0,"max_hp_loss":0,"event_name":"Liars Game","floor":8,"gold_loss":0},{"damage_healed":0,"gold_gain":0,"player_choice":"Upgraded","damage_taken":0,"max_hp_gain":0,"max_hp_loss":0,"event_name":"Upgrade Shrine","floor":10,"gold_loss":0,"cards_upgraded":["Armaments"]},{"damage_healed":0,"gold_gain":0,"player_choice":"Forge","damage_taken":0,"max_hp_gain":0,"max_hp_loss":0,"event_name":"Accursed Blacksmith","floor":20,"gold_loss":0,"cards_upgraded":["Whirlwind"]},{"damage_healed":0,"gold_gain":0,"player_choice":"Joined the Cult","damage_taken":6,"max_hp_gain":0,"max_hp_loss":0,"event_name":"Nest","floor":24,"gold_loss":0,"cards_obtained":["RitualDagger"]},{"damage_healed":0,"gold_gain":0,"player_choice":"Stole Relic","damage_taken":0,"relics_obtained":["Pen Nib"],"max_hp_gain":0,"max_hp_loss":0,"event_name":"Addict","floor":25,"gold_loss":0,"cards_obtained":["Shame"]},{"damage_healed":0,"gold_gain":0,"player_choice":"Ignored","damage_taken":0,"max_hp_gain":0,"max_hp_loss":0,"event_name":"Beggar","floor":28,"gold_loss":0},{"damage_healed":0,"gold_gain":0,"player_choice":"Ignored","damage_taken":0,"max_hp_gain":0,"max_hp_loss":0,"event_name":"N\u0027loth","floor":29,"gold_loss":0},{"damage_healed":0,"gold_gain":0,"player_choice":"Ignored","damage_taken":0,"max_hp_gain":0,"max_hp_loss":0,"event_name":"The Mausoleum","floor":30,"gold_loss":0}],"is_beta":false,"boss_relics":[{"not_picked":["White Beast Statue","Mark of Pain"],"picked":"Ectoplasm"}],"items_purged_floors":[19],"is_endless":false,"potions_floor_spawned":[3,5,6,11,21],"killed_by":"Collector","ascension_level":17}