{"gold_per_floor":[117,131,50,125,143,143,178,194,245,275,275,289,289,289,289,360,360,372,472,387,337,67,67,77,77,104,121,121,121,121,134,134,213,213,224,56,73,83,83,112,124,138,190,218,218,218,246,263,263,263,263,263,8,39,39],"floor_reached":56,"playtime":2163,"items_purged":["Strike_R","Strike_R","Strike_R"],"score":1998,"play_id":"f8e1168f-e65d-4d33-bc52-b36caea6f9d0","local_time":"20190331232605","is_ascension_mode":true,"campfire_choices":[{"data":"Bash","floor":6.0,"key":"SMITH"},{"floor":11.0,"key":"REST"},{"data":"Body Slam","floor":13.0,"key":"SMITH"},{"data":"Juggernaut","floor":15.0,"key":"SMITH"},{"floor":23,"key":"REST"},{"data":"Feel No Pain","floor":28,"key":"SMITH"},{"data":"Juggernaut","floor":30,"key":"SMITH"},{"data":"Clothesline","floor":32,"key":"SMITH"},{"floor":46,"key":"RECALL"},{"data":"Defend_R","floor":49,"key":"SMITH"},{"data":"Defend_R","floor":52,"key":"SMITH"}],"neow_cost":"NONE","seed_source_timestamp":1597792274435281,"circlet_count":0,"master_deck":["AscendersBane","Strike_R+1","Strike_R","Defend_R+1","Defend_R+1","Defend_R+1","Defend_R+1","Bash+1","Clothesline+1","Headbutt+1","Juggernaut+1","Body Slam+1","True Grit+1","Juggernaut+1","True Grit+1","Ghostly Armor+1","Rage+1","Feel No Pain+1","Havoc+1","Armaments+1","Shrug It Off+1","Pommel Strike+1","Corruption+1","Warcry+1","Sentinel+1","Reaper","Shrug It Off+1","PanicButton+1","Intimidate+1","Entrench+1"],"special_seed":0,"relics":["Burning Blood","Blood Vial","Toxic Egg 2","War Paint","Anchor","Sozu","Incense Burner","Self Forming Clay","Matryoshka","PreservedInsect","Orichalcum","Strawberry","Gremlin Horn","Runic Pyramid","Pantograph","Lantern","Whetstone","Bag of Preparation"],"potions_floor_usage":[19],"damage_taken":[{"damage":3.0,"enemies":"2 Louse","floor":1.0,"turns":4.0},{"damage":4.0,"enemies":"Small Slimes","floor":2.0,"turns":3.0},{"damage":1.0,"enemies":"Cultist","floor":5.0,"turns":3.0},{"damage":18.0,"enemies":"Gremlin Nob","floor":7.0,"turns":4.0},{"damage":28.0,"enemies":"Exordium Wildlife","floor":8.0,"turns":6.0},{"damage":35.0,"enemies":"Lagavulin","floor":10.0,"turns":8.0},{"damage":8.0,"enemies":"Looter","floor":12.0,"turns":4.0},{"damage":13.0,"enemies":"The Guardian","floor":16.0,"turns":14.0},{"damage":17.0,"enemies":"2 Thieves","floor":18.0,"turns":5.0},{"damage":20,"enemies":"Colosseum Slavers","floor":19,"turns":5},{"damage":28,"enemies":"Colosseum Nobs","floor":19,"turns":7},{"damage":10,"enemies":"Spheric Guardian","floor":24,"turns":4},{"damage":0,"enemies":"Chosen and Byrds","floor":27,"turns":4},{"damage":6,"enemies":"Centurion and Healer","floor":31,"turns":6},{"damage":11,"enemies":"Collector","floor":33,"turns":7},{"damage":1,"enemies":"3 Shapes","floor":35,"turns":4},{"damage":17,"enemies":"3 Darklings","floor":37,"turns":5},{"damage":15,"enemies":"Writhing Mass","floor":38,"turns":4},{"damage":0,"enemies":"Nemesis","floor":40,"turns":5},{"damage":0,"enemies":"Spire Growth","floor":41,"turns":3},{"damage":1,"enemies":"4 Shapes","floor":42,"turns":5},{"damage":0,"enemies":"Giant Head","floor":44,"turns":6},{"damage":27,"enemies":"Reptomancer","floor":47,"turns":4},{"damage":0,"enemies":"3 Darklings","floor":48,"turns":5},{"damage":39,"enemies":"Awakened One","floor":50,"turns":9},{"damage":18,"enemies":"Shield and Spear","floor":54,"turns":6},{"damage":78,"enemies":"The Heart","floor":55,"turns":10}],"seed_played":"-3202419829190440903","potions_obtained":[{"floor":5.0,"key":"Explosive Potion"},{"floor":7.0,"key":"FearPotion"},{"floor":12.0,"key":"SpeedPotion"}],"is_trial":false,"path_per_floor":["M","M","$","?","M","R","E","M","T","E","R","M","R","?","R","B",null,"M","?","?","?","$","R","M","$","T","M","R","T","R","M","R","B",null,"M","$","M","M","?","E","M","M","T","E","?","R","E","M","R","B",null,"R","$","E","B",null],"character_chosen":"IRONCLAD","items_purchased":["Juggernaut","Rage+1","Feel No Pain","Havoc+1","Corruption","PanicButton+1","Intimidate+1"],"campfire_rested":2,"item_purchase_floors":[3,22,22,22,36,53,53],"current_hp_per_floor":[73,75,75,64,71,71,61,41,41,14,36,36,36,36,36,31,64,55,23,23,23,23,45,43,43,43,51,51,58,58,60,60,57,76,82,82,71,64,64,72,80,82,82,82,82,82,64,82,82,59,76,76,76,69,14],"gold":39,"neow_bonus":"RANDOM_COMMON_RELIC","is_prod":false,"is_daily":false,"chose_seed":false,"campfire_upgraded":8,"win_rate":0,"timestamp":1554089165,"path_taken":["M","M","$","?","M","R","E","M","T","E","R","M","R","?","R","BOSS","M","?","?","?","$","R","M","$","T","?","R","?","R","M","R","BOSS","M","$","M","M","?","E","?","M","T","E","?","R","E","?","R","BOSS","R","$","E","BOSS"],"build_version":"2019-03-15","purchased_purges":3,"victory":true,"max_hp_per_floor":[75,75,75,75,75,75,75,75,75,75,75,75,75,75,75,75,75,75,75,75,75,75,75,75,75,75,75,75,82,82,82,82,82,82,82,82,82,82,82,82,82,82,82,82,82,82,82,82,82,82,82,82,82,82,82],"card_choices":[{"not_picked":["Wild Strike","Combust"],"picked":"Clothesline","floor":1.0},{"not_picked":["Ghostly Armor","Bloodletting"],"picked":"Headbutt","floor":2.0},{"not_picked":["Thunderclap","Heavy Blade","Power Through"],"picked":"SKIP","floor":5.0},{"not_picked":["Cleave","Havoc"],"picked":"Body Slam","floor":7.0},{"not_picked":["Searing Blow","Wild Strike","Body Slam"],"picked":"SKIP","floor":8.0},{"not_picked":["Heavy Blade","Anger","Clothesline"],"picked":"SKIP","floor":10.0},{"not_picked":["Exhume+1","Sword Boomerang"],"picked":"True Grit+1","floor":12.0},{"not_picked":["Bludgeon","Fiend Fire"],"picked":"Juggernaut","floor":16.0},{"not_picked":["Bloodletting+1","Iron Wave"],"picked":"True Grit+1","floor":18.0},{"not_picked":["Iron Wave","Carnage+1"],"picked":"Ghostly Armor+1","floor":19},{"not_picked":["True Grit+1","Warcry+1"],"picked":"Armaments+1","floor":24},{"not_picked":["Armaments+1","Sword Boomerang"],"picked":"Shrug It Off+1","floor":27},{"not_picked":["Twin Strike","Body Slam"],"picked":"Pommel Strike+1","floor":31},{"not_picked":["Heavy Blade","Combust","Clothesline"],"picked":"SKIP","floor":35},{"not_picked":["Heavy Blade","Perfected Strike+1","Flex+1"],"picked":"SKIP","floor":37},{"not_picked":["Evolve","Body Slam","Heavy Blade+1"],"picked":"SKIP","floor":38},{"not_picked":["Wild Strike+1","Limit Break+1","Sword Boomerang"],"picked":"SKIP","floor":40},{"not_picked":["Iron Wave","Twin Strike+1","Warcry+1"],"picked":"SKIP","floor":41},{"not_picked":["Iron Wave","Twin Strike+1"],"picked":"Warcry+1","floor":41},{"not_picked":["Warcry+1","Feel No Pain+1"],"picked":"Sentinel+1","floor":42},{"not_picked":["Anger","Clothesline"],"picked":"Reaper","floor":44},{"not_picked":["Perfected Strike+1","Clash","True Grit+1"],"picked":"SKIP","floor":47},{"not_picked":["Thunderclap","True Grit+1"],"picked":"Shrug It Off+1","floor":48},{"not_picked":["True Grit+1","Perfected Strike+1"],"picked":"Entrench+1","floor":54}],"player_experience":2332875,"relics_obtained":[{"floor":7.0,"key":"Toxic Egg 2"},{"floor":9.0,"key":"War Paint"},{"floor":10.0,"key":"Anchor"},{"floor":19,"key":"Incense Burner"},{"floor":19,"key":"Self Forming Clay"},{"floor":26,"key":"PreservedInsect"},{"floor":26,"key":"Orichalcum"},{"floor":29,"key":"Strawberry"},{"floor":29,"key":"Gremlin Horn"},{"floor":40,"key":"Pantograph"},{"floor":44,"key":"Lantern"},{"floor":47,"key":"Whetstone"},{"floor":54,"key":"Bag of Preparation"}],"event_choices":[{"damage_healed":0.0,"max_hp_gain":0.0,"max_hp_loss":0.0,"gold_gain":75.0,"event_name":"World of Goop","player_choice":"Gather Gold","floor":4.0,"gold_loss":0.0,"damage_taken":11.0},{"damage_healed":0.0,"max_hp_gain":0.0,"max_hp_loss":0.0,"gold_gain":0.0,"event_name":"Shining Light","player_choice":"Ignored","floor":14.0,"gold_loss":0.0,"damage_taken":0.0},{"damage_healed":0,"gold_gain":0,"player_choice":"Fight","damage_taken":0,"max_hp_gain":0,"max_hp_loss":0,"event_name":"Colosseum","floor":19,"gold_loss":0},{"damage_healed":0,"gold_gain":0,"player_choice":"Fought Nobs","damage_taken":0,"max_hp_gain":0,"max_hp_loss":0,"event_name":"Colosseum","floor":19,"gold_loss":0},{"damage_healed":0,"gold_gain":0,"player_choice":"Obtained Relic","damage_taken":0,"relics_obtained":["Matryoshka"],"max_hp_gain":0,"max_hp_loss":0,"event_name":"Addict","floor":20,"gold_loss":85},{"damage_healed":0,"gold_gain":0,"player_choice":"Bet on Murderer","damage_taken":0,"max_hp_gain":0,"max_hp_loss":0,"event_name":"The Joust","floor":21,"gold_loss":50},{"damage_healed":0,"gold_gain":0,"player_choice":"Upgraded","damage_taken":0,"max_hp_gain":0,"max_hp_loss":0,"event_name":"Upgrade Shrine","floor":39,"gold_loss":0,"cards_upgraded":["Corruption"]},{"damage_healed":0,"gold_gain":0,"player_choice":"0 cards matched","damage_taken":0,"max_hp_gain":0,"max_hp_loss":0,"event_name":"Match and Keep!","floor":45,"gold_loss":0,"cards_obtained":[]}],"is_beta":true,"boss_relics":[{"not_picked":["Runic Cube","Black Star"],"picked":"Sozu"},{"not_picked":["Black Blood","Mark of Pain"],"picked":"Runic Pyramid"}],"items_purged_floors":[22,36,53],"is_endless":false,"potions_floor_spawned":[5,7,12,18,19,31,35,38,41,42],"ascension_level":15}