{"gold_per_floor":[116,116,127,277,78,104,104,65,112,143,162,191,205,205,205,279,279,289,289,289,301,315,343,343,374,374,401,421,128,139,139,139,213,213,227,227,33,78,92,92,124,141,141,141,157,167,167,167,167,167,167,167,17,44,44],"floor_reached":56,"playtime":2643,"items_purged":["Doubt","Strike_B","Decay","Dualcast"],"score":2099,"play_id":"3e1a4750-0f85-4b44-bfef-7a0de1feafa1","local_time":"20190325201138","is_ascension_mode":true,"campfire_choices":[{"data":"Zap","floor":7,"key":"SMITH"},{"data":"Defragment","floor":15,"key":"SMITH"},{"floor":24,"key":"REST"},{"floor":32,"key":"REST"},{"floor":40,"key":"REST"},{"data":"Buffer","floor":44,"key":"SMITH"},{"floor":47,"key":"RECALL"},{"data":"Defragment","floor":49,"key":"SMITH"},{"data":"Seek","floor":52,"key":"SMITH"}],"neow_cost":"NONE","seed_source_timestamp":1067213516127132,"circlet_count":0,"master_deck":["AscendersBane","Strike_B+1","Strike_B","Defend_B","Defend_B+1","Defend_B","Defend_B+1","Zap+1","Rip and Tear","FTL","All For One+1","Steam","Glacier","Defragment+1","Biased Cognition+1","Coolheaded+1","Coolheaded","Conserve Battery","Echo Form","Hologram","BootSequence","Buffer+1","Hologram+1","Steam+1","Seek+1","Beam Cell","Flash of Steel","Dark Shackles","Defragment+1","FTL"],"relics":["Cracked Core","NeowsBlessing","Oddly Smooth Stone","Whetstone","Mango","Dream Catcher","Sozu","Kunai","Art of War","War Paint","OrangePellets","Inserter","Torii","Omamori","Bottled Tornado","Happy Flower"],"potions_floor_usage":[27,55],"damage_taken":[{"damage":0,"enemies":"2 Louse","floor":1,"turns":1},{"damage":0,"enemies":"Jaw Worm","floor":3,"turns":1},{"damage":0,"enemies":"3 Sentries","floor":6,"turns":1},{"damage":16,"enemies":"Lagavulin","floor":10,"turns":6},{"damage":0,"enemies":"Small Slimes","floor":11,"turns":2},{"damage":0,"enemies":"3 Sentries","floor":12,"turns":5},{"damage":0,"enemies":"Looter","floor":13,"turns":3},{"damage":0,"enemies":"The Guardian","floor":16,"turns":8},{"damage":0,"enemies":"Spheric Guardian","floor":18,"turns":4},{"damage":3,"enemies":"2 Thieves","floor":21,"turns":5},{"damage":12,"enemies":"Cultist and Chosen","floor":22,"turns":6},{"damage":15,"enemies":"Slavers","floor":23,"turns":8},{"damage":19,"enemies":"Book of Stabbing","floor":25,"turns":6},{"damage":20,"enemies":"Gremlin Leader","floor":27,"turns":11},{"damage":0,"enemies":"Sentry and Sphere","floor":28,"turns":6},{"damage":9,"enemies":"Centurion and Healer","floor":30,"turns":8},{"damage":13,"enemies":"Automaton","floor":33,"turns":15},{"damage":10,"enemies":"3 Darklings","floor":35,"turns":9},{"damage":21,"enemies":"2 Orb Walkers","floor":38,"turns":7},{"damage":0,"enemies":"Orb Walker","floor":39,"turns":5},{"damage":1,"enemies":"Reptomancer","floor":41,"turns":7},{"damage":2,"enemies":"Jaw Worm Horde","floor":42,"turns":6},{"damage":0,"enemies":"Maw","floor":45,"turns":7},{"damage":0,"enemies":"Writhing Mass","floor":46,"turns":7},{"damage":7,"enemies":"Donu and Deca","floor":50,"turns":11},{"damage":20,"enemies":"Shield and Spear","floor":54,"turns":11},{"damage":18,"enemies":"The Heart","floor":55,"turns":13}],"seed_played":"3832715178225664878","potions_obtained":[{"floor":3,"key":"FearPotion"},{"floor":11,"key":"SteroidPotion"}],"is_trial":false,"path_per_floor":["M","?","M","?","$","E","R","$","T","E","M","E","M","?","R","B",null,"M","?","?","M","M","E","R","E","T","E","M","$","M","?","R","B",null,"M","?","$","?","M","R","E","M","T","R","M","M","R","?","R","B",null,"R","$","E","B",null],"character_chosen":"DEFECT","items_purchased":["All For One","Steam","Defragment","OrangePellets","Defragment"],"campfire_rested":3,"item_purchase_floors":[5,5,8,29,37],"current_hp_per_floor":[64,57,57,57,57,57,57,57,57,55,55,55,55,29,29,29,71,71,71,71,68,56,41,66,47,47,27,27,27,18,18,43,30,71,61,51,51,30,30,55,54,52,52,52,52,52,52,69,69,62,79,79,79,59,41],"gold":44,"neow_bonus":"THREE_ENEMY_KILL","is_prod":false,"is_daily":false,"chose_seed":false,"campfire_upgraded":5,"win_rate":0,"timestamp":1553559098,"path_taken":["M","?","M","?","$","E","R","$","T","E","M","E","M","?","R","BOSS","M","?","?","?","?","E","R","E","T","E","M","$","M","?","R","BOSS","M","?","$","?","M","R","E","M","T","R","?","?","R","?","R","BOSS","R","$","E","BOSS"],"build_version":"2019-03-15","purchased_purges":4,"victory":true,"max_hp_per_floor":[71,71,71,71,71,71,71,71,71,85,85,85,85,85,85,85,85,85,85,85,85,85,85,85,85,85,85,85,85,85,85,85,85,85,85,85,85,85,85,85,85,85,85,85,85,85,85,85,85,85,85,85,85,85,85],"card_choices":[{"not_picked":["Stack","Storm"],"picked":"Rip and Tear","floor":1},{"not_picked":["Leap","Doom and Gloom"],"picked":"FTL","floor":3},{"not_picked":["Compile Driver","Redo"],"picked":"Glacier","floor":6},{"not_picked":["Barrage","FTL"],"picked":"Biased Cognition","floor":10},{"not_picked":["Hologram","Go for the Eyes"],"picked":"Coolheaded","floor":11},{"not_picked":["Compile Driver","Cold Snap"],"picked":"Coolheaded","floor":12},{"not_picked":["Steam Power","Aggregate"],"picked":"Conserve Battery","floor":13},{"not_picked":["Meteor Strike","Fission"],"picked":"Echo Form","floor":16},{"not_picked":["Leap","Redo","Ball Lightning"],"picked":"SKIP","floor":18},{"not_picked":["Reinforced Body","Consume","Sweeping Beam"],"picked":"SKIP","floor":21},{"not_picked":["Steam","Stack"],"picked":"Hologram","floor":22},{"not_picked":["Hello World+1","Stack","Steam"],"picked":"SKIP","floor":23},{"not_picked":["Leap+1","Rip and Tear"],"picked":"BootSequence","floor":24},{"not_picked":["Lockon+1","Conserve Battery+1"],"picked":"Buffer","floor":25},{"not_picked":["Leap","Compile Driver"],"picked":"Hologram","floor":27},{"not_picked":["Sweeping Beam","Streamline"],"picked":"Steam+1","floor":28},{"not_picked":["Coolheaded","Reprogram","Consume"],"picked":"SKIP","floor":30},{"not_picked":["Rainbow","Electrodynamics"],"picked":"Seek","floor":33},{"not_picked":["Skim","Defragment"],"picked":"Beam Cell","floor":35},{"not_picked":["Chrysalis","The Bomb"],"picked":"Flash of Steel","floor":36},{"not_picked":["The Bomb","Impatience"],"picked":"Dark Shackles","floor":36},{"not_picked":["Sweeping Beam","Fusion+1","White Noise"],"picked":"SKIP","floor":39},{"not_picked":["Barrage","Sweeping Beam"],"picked":"FTL","floor":40},{"not_picked":["Lockon","Steam","Fusion"],"picked":"SKIP","floor":41},{"not_picked":["Chaos","Conserve Battery","Stack"],"picked":"SKIP","floor":42},{"not_picked":["Beam Cell","Go for the Eyes","Sweeping Beam+1"],"picked":"SKIP","floor":45},{"not_picked":["Turbo","Rebound+1","Steam"],"picked":"SKIP","floor":46},{"not_picked":["Steam","Sweeping Beam","Turbo"],"picked":"SKIP","floor":54}],"player_experience":2289281,"relics_obtained":[{"floor":6,"key":"Oddly Smooth Stone"},{"floor":9,"key":"Whetstone"},{"floor":10,"key":"Mango"},{"floor":12,"key":"Dream Catcher"},{"floor":23,"key":"Kunai"},{"floor":25,"key":"Art of War"},{"floor":27,"key":"War Paint"},{"floor":38,"key":"Torii"},{"floor":41,"key":"Omamori"},{"floor":43,"key":"Bottled Tornado"},{"floor":54,"key":"Happy Flower"}],"event_choices":[{"cards_removed":["Strike_B"],"damage_healed":0,"gold_gain":0,"player_choice":"Card Removal","damage_taken":7,"max_hp_gain":0,"max_hp_loss":0,"event_name":"Golden Wing","floor":2,"gold_loss":0},{"damage_healed":0,"gold_gain":150,"player_choice":"AGREE","damage_taken":0,"max_hp_gain":0,"max_hp_loss":0,"event_name":"Liars Game","floor":4,"gold_loss":0,"cards_obtained":["Doubt"]},{"damage_healed":0,"gold_gain":0,"player_choice":"Entered Light","damage_taken":26,"max_hp_gain":0,"max_hp_loss":0,"event_name":"Shining Light","floor":14,"gold_loss":0,"cards_upgraded":["Defend_B","Coolheaded"]},{"damage_healed":0,"gold_gain":0,"player_choice":"Ignored","damage_taken":0,"max_hp_gain":0,"max_hp_loss":0,"event_name":"The Mausoleum","floor":19,"gold_loss":0},{"damage_healed":0,"gold_gain":0,"player_choice":"Upgraded","damage_taken":0,"max_hp_gain":0,"max_hp_loss":0,"event_name":"Upgrade Shrine","floor":20,"gold_loss":0,"cards_upgraded":["Biased Cognition"]},{"damage_healed":0,"gold_gain":0,"player_choice":"Smashed Altar","damage_taken":0,"max_hp_gain":0,"max_hp_loss":0,"event_name":"Forgotten Altar","floor":31,"gold_loss":0,"cards_obtained":["Decay"]},{"damage_healed":0,"gold_gain":0,"player_choice":"Memory 3","damage_taken":10,"max_hp_gain":0,"max_hp_loss":0,"event_name":"SensoryStone","floor":36,"gold_loss":0},{"damage_healed":0,"gold_gain":0,"player_choice":"Fight","damage_taken":0,"max_hp_gain":0,"max_hp_loss":0,"event_name":"Mysterious Sphere","floor":38,"gold_loss":0},{"damage_healed":17,"gold_gain":0,"player_choice":"Writhe","damage_taken":0,"max_hp_gain":0,"max_hp_loss":0,"event_name":"Winding Halls","floor":48,"gold_loss":0,"cards_obtained":["Writhe"]}],"is_beta":true,"boss_relics":[{"not_picked":["Philosopher\u0027s Stone","Lizard Tail"],"picked":"Sozu"},{"not_picked":["White Beast Statue","Busted Crown"],"picked":"Inserter"}],"items_purged_floors":[5,29,37,53],"is_endless":false,"potions_floor_spawned":[3,11,12,16,21,23,27,30,42,45,46,54],"ascension_level":15}