{"gold_per_floor":[116,132,112,129,139,166,166,198,198,198,224,237,255,285,285,362,362,337,337,337,356,369,369,294,294,366,398,398,398,414,441,441,513,513,531,544,563,100,0,0,0,0,53,53,66,81,101,101],"floor_reached":48,"playtime":2291,"items_purged":[],"score":1084,"play_id":"f39f5643-9b59-42d7-af1c-30c326e7829b","local_time":"20190319012604","is_ascension_mode":true,"campfire_choices":[{"data":"Demon Form","floor":7,"key":"SMITH"},{"data":"Flame Barrier","floor":10,"key":"SMITH"},{"data":"Disarm","floor":15,"key":"SMITH"},{"floor":23,"key":"REST"},{"floor":25,"key":"REST"},{"data":"True Grit","floor":29,"key":"SMITH"},{"data":"Limit Break","floor":32,"key":"SMITH"},{"floor":40,"key":"REST"},{"floor":44,"key":"REST"}],"neow_cost":"CURSE","seed_source_timestamp":170542240103022,"circlet_count":0,"master_deck":["AscendersBane","Strike_R","Strike_R","Strike_R","Strike_R","Defend_R","Defend_R","Defend_R","Defend_R","Bash","Pommel Strike","Flame Barrier+1","Cleave","Demon Form+1","Pommel Strike","Burning Pact","Hemokinesis","Disarm+1","Twin Strike","Limit Break+1","True Grit+1","Necronomicurse","Clothesline+1","Inflame+1","Flame Barrier+1","Perfected Strike+1","Corruption+1","Brutality+1","Heavy Blade+1","Metallicize+1","Metallicize+1","Flame Barrier+1","Metallicize+1"],"relics":["Burning Blood","Incense Burner","Ancient Tea Set","Turnip","The Courier","Frozen Egg 2","Sozu","Necronomicon","Gremlin Horn","Smiling Mask","MutagenicStrength","Paper Frog","Busted Crown","Strange Spoon","Bottled Lightning","Red Mask","Anchor"],"potions_floor_usage":[5,5,8,16,18,21],"damage_taken":[{"damage":1,"enemies":"2 Louse","floor":1,"turns":3},{"damage":2,"enemies":"Cultist","floor":2,"turns":4},{"damage":7,"enemies":"Small Slimes","floor":4,"turns":5},{"damage":9,"enemies":"Exordium Wildlife","floor":5,"turns":5},{"damage":35,"enemies":"3 Sentries","floor":6,"turns":9},{"damage":1,"enemies":"Lagavulin","floor":8,"turns":5},{"damage":32,"enemies":"Gremlin Nob","floor":11,"turns":4},{"damage":6,"enemies":"Lots of Slimes","floor":12,"turns":3},{"damage":7,"enemies":"3 Louse","floor":13,"turns":2},{"damage":17,"enemies":"Hexaghost","floor":16,"turns":9},{"damage":17,"enemies":"2 Thieves","floor":18,"turns":4},{"damage":24,"enemies":"Spheric Guardian","floor":21,"turns":8},{"damage":13,"enemies":"Centurion and Healer","floor":22,"turns":6},{"damage":0,"enemies":"Gremlin Leader","floor":27,"turns":4},{"damage":0,"enemies":"Shelled Parasite and Fungi","floor":30,"turns":2},{"damage":31,"enemies":"Book of Stabbing","floor":31,"turns":4},{"damage":14,"enemies":"Champ","floor":33,"turns":7},{"damage":18,"enemies":"3 Shapes","floor":35,"turns":6},{"damage":29,"enemies":"3 Darklings","floor":36,"turns":4},{"damage":26,"enemies":"Sphere and 2 Shapes","floor":37,"turns":4},{"damage":33,"enemies":"Jaw Worm Horde","floor":45,"turns":3},{"damage":4,"enemies":"4 Shapes","floor":46,"turns":4},{"damage":11,"enemies":"Maw","floor":47,"turns":5},{"damage":31,"enemies":"Spire Growth","floor":48,"turns":3}],"seed_played":"-1200438763530109097","potions_obtained":[{"floor":3,"key":"AttackPotion"},{"floor":4,"key":"Explosive Potion"},{"floor":5,"key":"Poison Potion"},{"floor":11,"key":"FairyPotion"},{"floor":12,"key":"SteroidPotion"},{"floor":13,"key":"SpeedPotion"},{"floor":16,"key":"BloodPotion"}],"is_trial":false,"path_per_floor":["M","M","?","M","M","E","R","E","T","R","E","M","M","?","R","B",null,"M","?","?","M","M","R","?","R","T","E","?","R","M","E","R","B",null,"M","M","M","$","?","R","$","?","T","R","M","M","M","M"],"character_chosen":"IRONCLAD","items_purchased":["Strange Spoon","Bottled Lightning","Metallicize+1","Metallicize+1"],"campfire_rested":4,"item_purchase_floors":[38,38,38,38],"current_hp_per_floor":[73,75,75,74,71,42,42,47,47,47,21,21,20,20,20,9,59,48,27,27,16,9,31,31,53,53,59,59,59,65,40,40,32,64,52,29,9,9,9,31,31,31,31,53,26,28,23,0],"gold":101,"neow_bonus":"ONE_RARE_RELIC","is_prod":false,"is_daily":false,"chose_seed":false,"campfire_upgraded":5,"win_rate":0,"timestamp":1552973164,"path_taken":["M","M","?","M","?","E","R","E","T","R","E","M","M","?","R","BOSS","M","?","?","M","?","R","?","R","T","E","?","R","M","E","R","BOSS","M","M","M","$","?","R","$","?","T","R","M","?","M","M"],"build_version":"2019-01-23","purchased_purges":0,"victory":false,"max_hp_per_floor":[75,75,75,75,75,75,75,75,75,75,75,75,75,75,75,75,75,75,75,75,75,75,75,75,75,75,75,75,75,75,75,75,75,75,75,75,75,75,75,75,75,75,75,75,75,75,75,75],"card_choices":[{"not_picked":["Rampage","Headbutt"],"picked":"Pommel Strike","floor":1},{"not_picked":["Pommel Strike","Thunderclap"],"picked":"Flame Barrier","floor":2},{"not_picked":["Spot Weakness","Clash"],"picked":"Cleave","floor":4},{"not_picked":["Dropkick","Fire Breathing"],"picked":"Demon Form","floor":5},{"not_picked":["Reckless Charge","Body Slam"],"picked":"Pommel Strike","floor":6},{"not_picked":["Anger","Thunderclap"],"picked":"Burning Pact","floor":8},{"not_picked":["Whirlwind","Bloodletting"],"picked":"Hemokinesis","floor":11},{"not_picked":["Entrench","Wild Strike"],"picked":"Disarm","floor":12},{"not_picked":["Pommel Strike","Infernal Blade"],"picked":"Twin Strike","floor":13},{"not_picked":["Bludgeon","Immolate"],"picked":"Limit Break","floor":16},{"not_picked":["Headbutt","Body Slam"],"picked":"True Grit","floor":18},{"not_picked":["Thunderclap","Burning Pact","Warcry"],"picked":"SKIP","floor":21},{"not_picked":["Searing Blow","Twin Strike+1"],"picked":"Inflame+1","floor":22},{"not_picked":["Twin Strike","Hemokinesis"],"picked":"Flame Barrier+1","floor":27},{"not_picked":["Shockwave","Pommel Strike"],"picked":"Perfected Strike+1","floor":30},{"not_picked":["Combust+1","Cleave"],"picked":"Corruption+1","floor":31},{"not_picked":["Feed","Double Tap"],"picked":"Brutality+1","floor":33},{"not_picked":["Cleave"],"picked":"SKIP","floor":35},{"not_picked":["Spot Weakness"],"picked":"SKIP","floor":36},{"not_picked":[],"picked":"Heavy Blade+1","floor":37},{"not_picked":[],"picked":"Flame Barrier+1","floor":45},{"not_picked":[],"picked":"Metallicize+1","floor":46},{"not_picked":["Seeing Red"],"picked":"SKIP","floor":47}],"player_experience":1243840,"relics_obtained":[{"floor":6,"key":"Ancient Tea Set"},{"floor":8,"key":"Turnip"},{"floor":9,"key":"The Courier"},{"floor":11,"key":"Frozen Egg 2"},{"floor":19,"key":"Necronomicon"},{"floor":26,"key":"Gremlin Horn"},{"floor":27,"key":"Smiling Mask"},{"floor":31,"key":"Paper Frog"},{"floor":43,"key":"Anchor"}],"event_choices":[{"damage_healed":0,"gold_gain":0,"player_choice":"Bought 1 Potion","damage_taken":0,"max_hp_gain":0,"max_hp_loss":0,"event_name":"The Woman in Blue","floor":3,"gold_loss":0},{"damage_healed":0,"gold_gain":30,"player_choice":"Searched \u00271\u0027 times","damage_taken":0,"max_hp_gain":0,"max_hp_loss":0,"event_name":"Dead Adventurer","floor":14,"gold_loss":0},{"damage_healed":0,"gold_gain":0,"player_choice":"Obtained Book","damage_taken":21,"max_hp_gain":0,"max_hp_loss":0,"event_name":"Cursed Tome","floor":19,"gold_loss":0},{"damage_healed":0,"gold_gain":0,"cards_transformed":["Strike_R"],"player_choice":"Transformed","damage_taken":0,"max_hp_gain":0,"max_hp_loss":0,"event_name":"Transmorgrifier","floor":20,"gold_loss":0,"cards_obtained":["Clothesline"]},{"cards_removed":["Doubt"],"damage_healed":0,"gold_gain":0,"player_choice":"Gave Gold","damage_taken":0,"max_hp_gain":0,"max_hp_loss":0,"event_name":"Beggar","floor":24,"gold_loss":75},{"damage_healed":0,"gold_gain":0,"player_choice":"Inject Mutagens","damage_taken":0,"relics_obtained":["MutagenicStrength"],"max_hp_gain":0,"max_hp_loss":0,"event_name":"Drug Dealer","floor":28,"gold_loss":0},{"damage_healed":0,"gold_gain":0,"player_choice":"Paid","damage_taken":0,"relics_obtained":["Red Mask"],"max_hp_gain":0,"max_hp_loss":0,"event_name":"Tomb of Lord Red Mask","floor":39,"gold_loss":100},{"damage_healed":0,"gold_gain":0,"player_choice":"Forge","damage_taken":0,"max_hp_gain":0,"max_hp_loss":0,"event_name":"Accursed Blacksmith","floor":42,"gold_loss":0,"cards_upgraded":["Clothesline"]}],"is_beta":false,"boss_relics":[{"not_picked":["Empty Cage","Philosopher\u0027s Stone"],"picked":"Sozu"},{"not_picked":["Fusion Hammer","Mark of Pain"],"picked":"Busted Crown"}],"items_purged_floors":[],"is_endless":false,"potions_floor_spawned":[4,5,11,12,13,16,18,22,31,33,35,37],"killed_by":"Spire Growth","ascension_level":20}