{"gold_per_floor":[112,131,131,151,171,171,201,201,201,19,19,19,45,58,58,58],"floor_reached":16,"playtime":567,"items_purged":["Strike_B"],"score":154,"play_id":"fe885be1-a869-4f1e-a32b-3ff447c5f018","local_time":"20190313203458","is_ascension_mode":true,"campfire_choices":[{"data":"Chaos","floor":6,"key":"SMITH"},{"data":"Defragment","floor":8,"key":"SMITH"},{"data":"Storm","floor":11,"key":"SMITH"},{"floor":15,"key":"REST"}],"neow_cost":"PERCENT_DAMAGE","seed_source_timestamp":33846669503092,"circlet_count":0,"master_deck":["Strike_B","Strike_B","Defend_B","Defend_B","Defend_B","Defend_B","Zap","Dualcast","Static Discharge","Genetic Algorithm","Defragment+1","Chaos+1","Doom and Gloom","Storm+1","FTL","Rebound","Lockon"],"relics":["Cracked Core","Art of War","Bag of Preparation","Cables"],"potions_floor_usage":[7,7],"damage_taken":[{"damage":4,"enemies":"Small Slimes","floor":1,"turns":3},{"damage":0,"enemies":"Cultist","floor":2,"turns":4},{"damage":11,"enemies":"2 Louse","floor":4,"turns":3},{"damage":8,"enemies":"Blue Slaver","floor":5,"turns":4},{"damage":4,"enemies":"Gremlin Nob","floor":7,"turns":3},{"damage":28,"enemies":"3 Sentries","floor":13,"turns":5},{"damage":8,"enemies":"Looter","floor":14,"turns":2},{"damage":29,"enemies":"The Guardian","floor":16,"turns":5}],"seed_played":"-7460205526764558720","potions_obtained":[{"floor":4,"key":"EssenceOfSteel"},{"floor":5,"key":"Swift Potion"},{"floor":14,"key":"FearPotion"}],"is_trial":false,"path_per_floor":["M","M","?","M","M","R","E","R","T","$","R","?","E","M","R","B"],"character_chosen":"DEFECT","items_purchased":["Storm","FTL"],"campfire_rested":1,"item_purchase_floors":[10,10],"current_hp_per_floor":[60,60,60,49,41,41,37,37,37,37,37,37,9,1,27,0],"gold":58,"neow_bonus":"TWENTY_PERCENT_HP_BONUS","is_prod":false,"is_daily":false,"chose_seed":false,"campfire_upgraded":3,"win_rate":0,"timestamp":1552523698,"path_taken":["M","M","?","?","M","R","E","R","T","?","R","?","E","M","R","BOSS"],"build_version":"2019-01-23","purchased_purges":1,"victory":false,"max_hp_per_floor":[89,89,89,89,89,89,89,89,89,89,89,89,89,89,89,89],"card_choices":[{"not_picked":["Steam","Compile Driver"],"picked":"Static Discharge","floor":1},{"not_picked":["Go for the Eyes","Redo"],"picked":"Genetic Algorithm","floor":2},{"not_picked":["Sweeping Beam","Rebound"],"picked":"Defragment","floor":4},{"not_picked":["Cold Snap","Turbo"],"picked":"Chaos","floor":5},{"not_picked":["Sweeping Beam","Scrape"],"picked":"Doom and Gloom","floor":7},{"not_picked":["Cold Snap","Ball Lightning"],"picked":"Rebound","floor":13},{"not_picked":["Beam Cell","Tempest"],"picked":"Lockon","floor":14}],"player_experience":1095962,"relics_obtained":[{"floor":7,"key":"Art of War"},{"floor":9,"key":"Bag of Preparation"},{"floor":13,"key":"Cables"}],"event_choices":[{"cards_removed":["Strike_B"],"damage_healed":0,"gold_gain":0,"player_choice":"Purged","damage_taken":0,"max_hp_gain":0,"max_hp_loss":0,"event_name":"Purifier","floor":3,"gold_loss":0},{"damage_healed":0,"gold_gain":0,"player_choice":"Leave","damage_taken":0,"max_hp_gain":0,"max_hp_loss":0,"event_name":"The Cleric","floor":12,"gold_loss":0}],"is_beta":false,"boss_relics":[],"items_purged_floors":[10],"is_endless":false,"potions_floor_spawned":[4,5,14],"killed_by":"The Guardian","ascension_level":8}