{"gold_per_floor":[213,138,151,5,79,79,109,109,109,109,121,148,148,158,158,158],"floor_reached":16,"playtime":624,"items_purged":[],"score":216,"play_id":"f1133261-b50a-4094-918b-6b160e308952","local_time":"20190330201657","is_ascension_mode":true,"campfire_choices":[{"data":"True Grit","floor":6,"key":"SMITH"},{"data":"Carnage","floor":8,"key":"SMITH"},{"data":"Flame Barrier","floor":15,"key":"SMITH"}],"neow_cost":"NONE","seed_source_timestamp":1190594453256522,"circlet_count":0,"master_deck":["AscendersBane","Strike_R","Strike_R","Strike_R","Strike_R","Defend_R","Defend_R","Defend_R","Defend_R","Bash","Pommel Strike","Flame Barrier+1","Carnage+1","Clothesline","True Grit+1","Spot Weakness","Anger+1","Cleave+1","Bludgeon+1"],"relics":["Burning Blood","Strawberry","Molten Egg 2","Orichalcum","Potion Belt"],"potions_floor_usage":[],"damage_taken":[{"damage":9,"enemies":"Jaw Worm","floor":1,"turns":4},{"damage":1,"enemies":"Small Slimes","floor":3,"turns":4},{"damage":24,"enemies":"Gremlin Nob","floor":7,"turns":4},{"damage":0,"enemies":"Cultist","floor":11,"turns":3},{"damage":28,"enemies":"3 Sentries","floor":12,"turns":8},{"damage":0,"enemies":"3 Louse","floor":14,"turns":2},{"damage":49,"enemies":"Hexaghost","floor":16,"turns":9}],"seed_played":"2436171110562540877","potions_obtained":[{"floor":7,"key":"Swift Potion"},{"floor":12,"key":"Ancient Potion"}],"is_trial":false,"path_per_floor":["M","?","M","$","?","R","E","R","T","?","M","E","?","M","R","B"],"character_chosen":"IRONCLAD","items_purchased":["Carnage","Clothesline","True Grit"],"campfire_rested":0,"item_purchase_floors":[4,4,4],"current_hp_per_floor":[65,65,70,70,70,70,59,59,59,59,65,43,43,49,49,0],"gold":158,"neow_bonus":"HUNDRED_GOLD","is_prod":false,"is_daily":false,"chose_seed":false,"campfire_upgraded":3,"win_rate":0,"timestamp":1553991417,"path_taken":["M","?","M","?","?","R","E","R","T","?","?","E","?","?","R","BOSS"],"build_version":"2019-01-23","purchased_purges":0,"victory":false,"max_hp_per_floor":[75,75,75,75,75,75,82,82,82,82,82,82,82,82,82,82],"card_choices":[{"not_picked":["Thunderclap","Armaments"],"picked":"Pommel Strike","floor":1},{"not_picked":["Evolve","Rampage"],"picked":"Flame Barrier","floor":3},{"not_picked":["Warcry","Second Wind"],"picked":"Spot Weakness","floor":7},{"not_picked":["Clash+1","Clothesline+1"],"picked":"Anger+1","floor":11},{"not_picked":["Shrug It Off","Evolve"],"picked":"Cleave+1","floor":12},{"not_picked":["Fire Breathing","True Grit","Clash+1"],"picked":"SKIP","floor":14}],"player_experience":1502503,"relics_obtained":[{"floor":7,"key":"Strawberry"},{"floor":9,"key":"Molten Egg 2"},{"floor":12,"key":"Potion Belt"}],"event_choices":[{"cards_removed":["Strike_R"],"damage_healed":0,"gold_gain":0,"player_choice":"Card Removal","damage_taken":0,"max_hp_gain":0,"max_hp_loss":0,"event_name":"The Cleric","floor":2,"gold_loss":75},{"damage_healed":0,"gold_gain":74,"player_choice":"Gained Gold","damage_taken":0,"max_hp_gain":0,"max_hp_loss":0,"event_name":"Golden Wing","floor":5,"gold_loss":0},{"damage_healed":0,"gold_gain":0,"player_choice":"Gave Potion","damage_taken":0,"relics_obtained":["Orichalcum"],"max_hp_gain":0,"max_hp_loss":0,"event_name":"WeMeetAgain","floor":10,"gold_loss":0},{"damage_healed":0,"gold_gain":0,"player_choice":"1 cards matched","damage_taken":0,"max_hp_gain":0,"max_hp_loss":0,"event_name":"Match and Keep!","floor":13,"gold_loss":0,"cards_obtained":["Bludgeon"]}],"is_beta":false,"boss_relics":[],"items_purged_floors":[],"is_endless":false,"potions_floor_spawned":[7,12],"killed_by":"Hexaghost","ascension_level":20}