{"gold_per_floor":[147,147,147,167,185,185,214,228,228,247,247,16,32,51,51,130,130,146,161,174,28,42,42,56,56,56,76,76,1,1,1,1,75,75,92,104,104,116,116,116,135,150,150,150,184,194,226,238,238,238],"floor_reached":50,"playtime":2050,"items_purged":["Strike_B"],"score":1120,"play_id":"30fe2632-4629-4838-9d0d-8d88f8558ac5","local_time":"20190511152240","is_ascension_mode":true,"campfire_choices":[{"data":"Zap","floor":6.0,"key":"SMITH"},{"data":"Dualcast","floor":11.0,"key":"SMITH"},{"data":"Turbo","floor":15.0,"key":"SMITH"},{"data":"Chaos","floor":23.0,"key":"SMITH"},{"data":"Defragment","floor":25.0,"key":"SMITH"},{"data":"Turbo","floor":28.0,"key":"SMITH"},{"data":"Heatsinks","floor":32.0,"key":"SMITH"},{"data":"Double Energy","floor":40.0,"key":"SMITH"},{"data":"Capacitor","floor":44.0,"key":"SMITH"},{"floor":49.0,"key":"RECALL"}],"neow_cost":"NONE","seed_source_timestamp":84879952632551,"circlet_count":0,"master_deck":["AscendersBane","Strike_B","Strike_B+1","Strike_B+1","Defend_B","Defend_B","Defend_B","Defend_B","Zap+1","Dualcast+1","Hologram","Undo","Ball Lightning","Turbo+1","Machine Learning","Compile Driver","Thunder Strike","Heatsinks+1","White Noise","Tempest","Echo Form","Glacier","Chaos+1","Double Energy+1","Defragment+1","Turbo+1","Capacitor+1","Hologram","Electrodynamics","Echo Form","Hologram+1","Purity","Coolheaded+1","Creative AI","Loop","Hologram","Heatsinks"],"special_seed":0,"relics":["Cracked Core","Bag of Marbles","Blue Candle","Eternal Feather","Ginger","Mummified Hand","Nloth\u0027s Gift","Runic Pyramid","StoneCalendar","Whetstone"],"potions_floor_usage":[],"damage_taken":[{"damage":7.0,"enemies":"Jaw Worm","floor":1.0,"turns":3.0},{"damage":0.0,"enemies":"Small Slimes","floor":4.0,"turns":2.0},{"damage":1.0,"enemies":"Cultist","floor":5.0,"turns":4.0},{"damage":14.0,"enemies":"Lagavulin","floor":7.0,"turns":7.0},{"damage":11.0,"enemies":"Gremlin Gang","floor":8.0,"turns":4.0},{"damage":15.0,"enemies":"Lots of Slimes","floor":10.0,"turns":3.0},{"damage":8.0,"enemies":"Exordium Thugs","floor":13.0,"turns":4.0},{"damage":8.0,"enemies":"2 Fungi Beasts","floor":14.0,"turns":3.0},{"damage":3.0,"enemies":"Hexaghost","floor":16.0,"turns":8.0},{"damage":10.0,"enemies":"3 Byrds","floor":18.0,"turns":4.0},{"damage":1.0,"enemies":"Spheric Guardian","floor":19.0,"turns":7.0},{"damage":14.0,"enemies":"Snecko","floor":20.0,"turns":6.0},{"damage":17.0,"enemies":"Centurion and Healer","floor":22.0,"turns":5.0},{"damage":12.0,"enemies":"Cultist and Chosen","floor":24.0,"turns":4.0},{"damage":25.0,"enemies":"3 Cultists","floor":27.0,"turns":6.0},{"damage":1.0,"enemies":"Automaton","floor":33.0,"turns":4.0},{"damage":1.0,"enemies":"3 Shapes","floor":35.0,"turns":3.0},{"damage":11.0,"enemies":"Orb Walker","floor":36.0,"turns":2.0},{"damage":33.0,"enemies":"Transient","floor":38.0,"turns":6.0},{"damage":17.0,"enemies":"Sphere and 2 Shapes","floor":41.0,"turns":5.0},{"damage":8.0,"enemies":"Jaw Worm Horde","floor":42.0,"turns":3.0},{"damage":30.0,"enemies":"Nemesis","floor":45.0,"turns":7.0},{"damage":0.0,"enemies":"3 Darklings","floor":46.0,"turns":2.0},{"damage":1.0,"enemies":"Giant Head","floor":47.0,"turns":6.0},{"damage":4.0,"enemies":"Maw","floor":48.0,"turns":6.0},{"damage":11,"enemies":"Donu and Deca","floor":50,"turns":2}],"seed_played":"-7839482066874018850","potions_obtained":[{"floor":3.0,"key":"Fire Potion"},{"floor":3.0,"key":"AttackPotion"},{"floor":18.0,"key":"Energy Potion"},{"floor":27.0,"key":"SteroidPotion"},{"floor":33.0,"key":"Regen Potion"},{"floor":36.0,"key":"Ancient Potion"},{"floor":42.0,"key":"FearPotion"},{"floor":45.0,"key":"PowerPotion"},{"floor":46.0,"key":"Weak Potion"}],"is_trial":false,"path_per_floor":["M","?","?","M","M","R","E","M","T","M","R","$","M","M","R","B",null,"M","M","M","$","M","R","M","R","T","M","R","$","T","?","R","B",null,"M","M","$","M","?","R","M","M","T","R","E","M","E","M","R","B"],"character_chosen":"DEFECT","items_purchased":["Thunder Strike","Heatsinks","White Noise","Defragment","Turbo"],"campfire_rested":0,"item_purchase_floors":[12,12,12,21,21],"current_hp_per_floor":[57,62,62,62,61,61,47,36,36,21,21,21,13,5,5,2,58,48,47,33,33,16,31,19,34,34,9,27,27,27,27,42,41,67,66,55,55,22,12,30,27,19,19,37,7,7,6,2,23,12],"gold":238,"neow_bonus":"RANDOM_COMMON_RELIC","is_prod":false,"is_daily":false,"chose_seed":false,"campfire_upgraded":9,"win_rate":0,"timestamp":1557559360,"path_taken":["M","?","?","M","M","R","E","M","T","?","R","$","?","M","R","BOSS","M","M","M","?","M","R","M","R","T","M","R","$","?","?","R","BOSS","M","M","$","?","?","R","M","M","T","R","E","M","E","M","R","BOSS"],"build_version":"2019-01-23","purchased_purges":1,"victory":false,"max_hp_per_floor":[71,76,76,76,76,76,76,76,76,76,76,76,76,76,76,76,76,76,76,76,76,76,76,76,76,76,76,76,76,76,76,76,76,76,76,76,76,76,76,76,76,76,76,76,76,76,76,76,76,76],"card_choices":[{"not_picked":["FTL","Loop"],"picked":"Hologram","floor":1.0},{"not_picked":["Conserve Battery","Go for the Eyes"],"picked":"Undo","floor":4.0},{"not_picked":["Coolheaded","Compile Driver"],"picked":"Ball Lightning","floor":5.0},{"not_picked":["Tempest","Static Discharge"],"picked":"Turbo","floor":7.0},{"not_picked":["Scrape","Chill"],"picked":"Machine Learning","floor":8.0},{"not_picked":["Steam","Streamline"],"picked":"Compile Driver","floor":10.0},{"not_picked":["Streamline","Lockon","Blizzard"],"picked":"SKIP","floor":13.0},{"not_picked":["Leap","Stack"],"picked":"Tempest","floor":14.0},{"not_picked":["Multi-Cast","Fission"],"picked":"Echo Form","floor":16.0},{"not_picked":["Ball Lightning+1","Sweeping Beam"],"picked":"Glacier","floor":18.0},{"not_picked":["Beam Cell","Ball Lightning"],"picked":"Chaos","floor":19.0},{"not_picked":["FTL","Rip and Tear"],"picked":"Double Energy","floor":20.0},{"not_picked":["Ball Lightning","Conserve Battery"],"picked":"Capacitor","floor":22.0},{"not_picked":["Chill","Gash+1"],"picked":"Hologram","floor":24.0},{"not_picked":["Turbo","Redo"],"picked":"Electrodynamics","floor":27.0},{"not_picked":["Amplify","Buffer"],"picked":"Echo Form","floor":33.0},{"not_picked":["Sweeping Beam","Scrape","Streamline+1"],"picked":"SKIP","floor":35.0},{"not_picked":["Compile Driver","Auto Shields","Sweeping Beam+1"],"picked":"SKIP","floor":36.0},{"not_picked":["Stack+1","Aggregate"],"picked":"Hologram+1","floor":38.0},{"not_picked":["Secret Weapon","Swift Strike"],"picked":"Purity","floor":39.0},{"not_picked":["Steam","FTL+1","Capacitor"],"picked":"SKIP","floor":41.0},{"not_picked":["Barrage","Beam Cell"],"picked":"Coolheaded+1","floor":42.0},{"not_picked":["Glacier","Coolheaded"],"picked":"Creative AI","floor":45.0},{"not_picked":["Steam","Coolheaded"],"picked":"Loop","floor":46.0},{"not_picked":["Coolheaded","Ball Lightning+1"],"picked":"Hologram","floor":47.0},{"not_picked":["Redo","Hologram"],"picked":"Heatsinks","floor":48.0}],"player_experience":1610577,"relics_obtained":[{"floor":7.0,"key":"Bag of Marbles"},{"floor":9.0,"key":"Blue Candle"},{"floor":26.0,"key":"Ginger"},{"floor":30.0,"key":"Mummified Hand"},{"floor":45.0,"key":"StoneCalendar"},{"floor":47.0,"key":"Whetstone"}],"event_choices":[{"damage_healed":0.0,"max_hp_gain":5.0,"max_hp_loss":0.0,"gold_gain":0.0,"event_name":"Big Fish","player_choice":"Donut","floor":2.0,"gold_loss":0.0,"damage_taken":0.0},{"damage_healed":0.0,"max_hp_gain":0.0,"max_hp_loss":0.0,"gold_gain":0.0,"event_name":"Lab","player_choice":"Got Potions","floor":3.0,"gold_loss":0.0,"damage_taken":0.0},{"damage_healed":0.0,"max_hp_gain":0.0,"max_hp_loss":0.0,"gold_gain":0.0,"event_name":"N\u0027loth","player_choice":"Traded Relic","floor":31.0,"relics_lost":["Tiny Chest"],"gold_loss":0.0,"damage_taken":0.0,"relics_obtained":["Nloth\u0027s Gift"]},{"damage_healed":0.0,"max_hp_gain":0.0,"max_hp_loss":0.0,"gold_gain":0.0,"event_name":"SensoryStone","player_choice":"Memory 3","floor":39.0,"gold_loss":0.0,"damage_taken":10.0}],"is_beta":false,"boss_relics":[{"not_picked":["Calling Bell","FrozenCore"],"picked":"Eternal Feather"},{"not_picked":["Tiny House","Velvet Choker"],"picked":"Runic Pyramid"}],"items_purged_floors":[29],"is_endless":false,"potions_floor_spawned":[4,7,8,10,16,18,19,27,33,36,42,45,46],"killed_by":"Donu and Deca","ascension_level":20}