{"gold_per_floor":[17,27,106,123,43,43,68,85,108,108],"floor_reached":10,"playtime":424,"items_purged":[],"score":136,"play_id":"f0e45691-9606-4cb0-a17f-a02fcff80d60","local_time":"20190502093542","is_ascension_mode":true,"campfire_choices":[{"data":"Hemokinesis","floor":6,"key":"SMITH"}],"neow_cost":"NO_GOLD","seed_source_timestamp":833933701087381,"circlet_count":0,"master_deck":["AscendersBane","Strike_R","Strike_R","Strike_R","Strike_R","Strike_R","Defend_R","Defend_R","Defend_R","Defend_R","Bash","Limit Break","Headbutt","Hemokinesis+1","Carnage","Inflame","Heavy Blade"],"relics":["Burning Blood","Tiny Chest","Blue Candle","Centennial Puzzle"],"potions_floor_usage":[2,7],"damage_taken":[{"damage":12,"enemies":"Cultist","floor":1,"turns":4},{"damage":13,"enemies":"Small Slimes","floor":2,"turns":3},{"damage":10,"enemies":"Jaw Worm","floor":4,"turns":3},{"damage":32,"enemies":"3 Sentries","floor":7,"turns":6},{"damage":11,"enemies":"Red Slaver","floor":8,"turns":2},{"damage":32,"enemies":"Lagavulin","floor":10,"turns":5}],"seed_played":"6607221936103830287","potions_obtained":[{"floor":1,"key":"Fire Potion"},{"floor":2,"key":"GamblersBrew"}],"is_trial":false,"path_per_floor":["M","M","T","M","$","R","E","M","T","E"],"character_chosen":"IRONCLAD","items_purchased":["Inflame"],"campfire_rested":0,"item_purchase_floors":[5],"current_hp_per_floor":[62,55,55,51,51,51,25,20,20,0],"gold":108,"neow_bonus":"THREE_RARE_CARDS","is_prod":false,"is_daily":false,"chose_seed":false,"campfire_upgraded":1,"win_rate":0,"timestamp":1556804142,"path_taken":["M","M","?","M","?","R","E","M","T","E"],"build_version":"2019-01-23","purchased_purges":0,"victory":false,"max_hp_per_floor":[75,75,75,75,75,75,75,75,75,75],"card_choices":[{"not_picked":["Brutality","Exhume"],"picked":"Limit Break","floor":0},{"not_picked":["Fire Breathing","Warcry"],"picked":"Headbutt","floor":1},{"not_picked":["Wild Strike","Disarm"],"picked":"Hemokinesis","floor":2},{"not_picked":["Sword Boomerang","Warcry"],"picked":"Carnage","floor":4},{"not_picked":["Cleave","True Grit"],"picked":"Heavy Blade","floor":7},{"not_picked":["Sword Boomerang","Flex","Heavy Blade"],"picked":"SKIP","floor":8}],"player_experience":2244372,"relics_obtained":[{"floor":3,"key":"Tiny Chest"},{"floor":7,"key":"Blue Candle"},{"floor":9,"key":"Centennial Puzzle"}],"event_choices":[],"is_beta":false,"boss_relics":[],"items_purged_floors":[],"is_endless":false,"potions_floor_spawned":[1,2],"killed_by":"Lagavulin","ascension_level":20}