{"gold_per_floor":[214,364,381,381,401,401,401,426,426,426,457,475,485,107,107,185,185,198,210,238,38,57,57,57],"floor_reached":24,"playtime":2121,"items_purged":[],"score":411,"play_id":"c5f33bcb-e00b-4f3b-af25-97eba9968970","local_time":"20190424221515","is_ascension_mode":true,"campfire_choices":[{"data":"Zap","floor":6.0,"key":"SMITH"},{"data":"1","floor":10.0,"key":"LIFT"},{"data":"Go for the Eyes","floor":15,"key":"SMITH"},{"data":"Consume","floor":23,"key":"SMITH"}],"neow_cost":"NONE","seed_source_timestamp":0,"circlet_count":0,"master_deck":["AscendersBane","Strike_B","Strike_B","Strike_B","Strike_B","Defend_B","Defend_B","Defend_B","Defend_B","Zap+1","Dualcast","Chill","BootSequence","Cold Snap","Ball Lightning","Cold Snap","Coolheaded","Go for the Eyes+1","Blizzard","Rainbow","Leap","Hologram","Consume+1"],"special_seed":0,"relics":["Cracked Core","Spirit Poop","Girya","Thread and Needle","Torii","Bronze Scales","Art of War","Philosopher\u0027s Stone","Red Mask","PreservedInsect"],"potions_floor_usage":[16,18,20],"damage_taken":[{"damage":0.0,"enemies":"Cultist","floor":1.0,"turns":3.0},{"damage":14.0,"enemies":"Small Slimes","floor":3.0,"turns":3.0},{"damage":0.0,"enemies":"2 Louse","floor":5.0,"turns":3.0},{"damage":12.0,"enemies":"3 Sentries","floor":8.0,"turns":12.0},{"damage":18.0,"enemies":"Lagavulin","floor":11.0,"turns":7.0},{"damage":0.0,"enemies":"Large Slime","floor":12.0,"turns":5.0},{"damage":0.0,"enemies":"Exordium Wildlife","floor":13.0,"turns":5.0},{"damage":1,"enemies":"The Guardian","floor":16,"turns":11},{"damage":0,"enemies":"3 Byrds","floor":18,"turns":2},{"damage":1,"enemies":"Shell Parasite","floor":19,"turns":4},{"damage":31,"enemies":"Masked Bandits","floor":20,"turns":5},{"damage":1,"enemies":"Centurion and Healer","floor":22,"turns":9},{"damage":39,"enemies":"Cultist and Chosen","floor":24,"turns":5}],"seed_played":"8690718501651370928","potions_obtained":[{"floor":1.0,"key":"SteroidPotion"},{"floor":12.0,"key":"AttackPotion"},{"floor":13.0,"key":"PowerPotion"},{"floor":18,"key":"Block Potion"}],"is_trial":false,"path_per_floor":["M","?","M","?","M","R","?","E","T","R","E","M","M","$","R","B",null,"M","M","?","$","M","R","M"],"character_chosen":"DEFECT","items_purchased":["Bronze Scales","Blizzard","Art of War","PreservedInsect","Consume"],"campfire_rested":0,"item_purchase_floors":[14,14,14,21,21],"current_hp_per_floor":[64,64,50,55,55,55,55,43,43,43,25,25,25,25,25,24,63,63,62,31,31,30,30,0],"gold":57,"neow_bonus":"HUNDRED_GOLD","is_prod":false,"is_daily":false,"chose_seed":false,"campfire_upgraded":3,"win_rate":0,"timestamp":1556158515,"path_taken":["M","?","M","?","M","R","?","E","T","R","E","M","?","$","R","BOSS","M","M","?","$","M","R","M"],"build_version":"2019-01-23","purchased_purges":0,"victory":false,"max_hp_per_floor":[71,71,71,76,76,76,76,76,76,76,76,76,76,76,76,76,76,76,76,76,76,76,76,76],"card_choices":[{"not_picked":["Go for the Eyes","Streamline"],"picked":"Chill","floor":1.0},{"not_picked":["Force Field","Stack"],"picked":"BootSequence","floor":3.0},{"not_picked":["Darkness","Stack"],"picked":"Cold Snap","floor":5.0},{"not_picked":["FTL","Steam"],"picked":"Ball Lightning","floor":8.0},{"not_picked":["Blizzard","Redo"],"picked":"Cold Snap","floor":11.0},{"not_picked":["Go for the Eyes","Storm"],"picked":"Coolheaded","floor":12.0},{"not_picked":["Coolheaded","Tempest"],"picked":"Go for the Eyes","floor":13.0},{"not_picked":["Buffer","Creative AI"],"picked":"Rainbow","floor":16},{"not_picked":["Steam","Double Energy"],"picked":"Leap","floor":18},{"not_picked":["Ball Lightning","Steam+1","Rebound"],"picked":"SKIP","floor":19},{"not_picked":["Conserve Battery","Cold Snap"],"picked":"Hologram","floor":20},{"not_picked":["Sunder","Auto Shields","Rebound"],"picked":"SKIP","floor":22}],"player_experience":1919213,"relics_obtained":[{"floor":8.0,"key":"Girya"},{"floor":9.0,"key":"Thread and Needle"},{"floor":11.0,"key":"Torii"},{"floor":20,"key":"Red Mask"}],"event_choices":[{"damage_healed":0.0,"max_hp_gain":0.0,"max_hp_loss":0.0,"gold_gain":150.0,"event_name":"Liars Game","player_choice":"AGREE","floor":2.0,"gold_loss":0.0,"damage_taken":0.0,"cards_obtained":["Doubt"]},{"damage_healed":0.0,"max_hp_gain":5.0,"max_hp_loss":0.0,"gold_gain":0.0,"event_name":"Big Fish","player_choice":"Donut","floor":4.0,"gold_loss":0.0,"damage_taken":0.0},{"cards_removed":["Doubt"],"damage_healed":0.0,"max_hp_gain":0.0,"max_hp_loss":0.0,"gold_gain":0.0,"event_name":"Bonfire Elementals","player_choice":"Offered Curse","floor":7.0,"gold_loss":0.0,"damage_taken":0.0,"relics_obtained":["Spirit Poop"]},{"damage_healed":0,"gold_gain":0,"player_choice":"Fought Bandits","damage_taken":0,"max_hp_gain":0,"max_hp_loss":0,"event_name":"Masked Bandits","floor":20,"gold_loss":0}],"is_beta":false,"boss_relics":[{"not_picked":["Fusion Hammer","Tiny House"],"picked":"Philosopher\u0027s Stone"}],"items_purged_floors":[],"is_endless":false,"potions_floor_spawned":[1,12,13,18],"killed_by":"Cultist and Chosen","ascension_level":20}