{"path_per_floor":["M","M","?","?","M","R","?","M","T","M","M","$","M","M","R"],"character_chosen":"THE_SILENT","items_purchased":["Anchor","Noxious Fumes"],"gold_per_floor":[112,129,304,304,328,328,328,347,347,366,380,88,102,125,125,125],"floor_reached":16,"campfire_rested":0,"playtime":762,"current_hp_per_floor":[29,25,25,25,25,25,18,17,17,9,9,9,6,6,6,0],"items_purged":["Strike_G"],"gold":125,"score":163,"play_id":"7e31faf1-e4c9-42ac-9df3-790d8ebb7c6f","local_time":"20180406211631","is_prod":false,"is_daily":false,"is_ascension_mode":true,"campfire_upgraded":2,"timestamp":1523063791,"path_taken":["M","M","?","?","M","R","?","M","T","M","M","$","?","M","R","BOSS"],"build_version":"2018-04-05v2","purchased_purges":1,"victory":false,"master_deck":["Defend_G","Defend_G","Defend_G","Defend_G","Strike_G","Strike_G","Strike_G","Survivor","Neutralize","AscendersBane","Malaise+1","Dash+1","Skewer","Grand Finale","Dash","Skewer","Noxious Fumes"],"max_hp_per_floor":[66,66,66,61,61,61,61,61,61,61,61,61,61,61,61,61],"relics":["Ring of the Snake","Golden Idol","Dead Branch","Anchor"],"card_choices":[{"not_picked":["Cloak And Dagger","Slice"],"picked":"Malaise","floor":1},{"not_picked":["Riddle With Holes","Dagger Spray"],"picked":"Dash","floor":2},{"not_picked":["Calculated Gamble","Flying Knee"],"picked":"Skewer","floor":5},{"not_picked":["Slice","Backflip"],"picked":"Grand Finale","floor":8},{"not_picked":["Flying Knee","Expertise"],"picked":"Dash","floor":10},{"not_picked":["Distraction","Leg Sweep"],"picked":"Skewer","floor":11}],"player_experience":704193,"potions_floor_usage":[8,11,13],"damage_taken":[{"damage":1,"enemies":"Small Slimes","floor":1,"turns":4},{"damage":4,"enemies":"Jaw Worm","floor":2,"turns":10},{"damage":0,"enemies":"2 Louse","floor":5,"turns":3},{"damage":1,"enemies":"Large Slime","floor":8,"turns":6},{"damage":8,"enemies":"Red Slaver","floor":10,"turns":5},{"damage":0,"enemies":"Gremlin Gang","floor":11,"turns":5},{"damage":3,"enemies":"Large Slime","floor":13,"turns":5},{"damage":0,"enemies":"3 Louse","floor":14,"turns":4},{"damage":7,"enemies":"Hexaghost","floor":16,"turns":10}],"event_choices":[{"event_name":"Liars Game","player_choice":"agreed","floor":3,"damage_taken":0},{"event_name":"Golden Idol","player_choice":"Lose Max HP","floor":4,"damage_taken":0},{"event_name":"Golden Wing","player_choice":"Card Removal","floor":7,"damage_taken":0}],"boss_relics":[],"potions_floor_spawned":[1,5,10],"seed_played":"-1217817778979947340","killed_by":"Hexaghost","ascension_level":14,"is_trial":false}