{"path_per_floor":["M","?","?","M","?","R","M","R","T","M","M","?","M","$","R"],"character_chosen":"THE_SILENT","items_purchased":["Footwork","Swift Potion"],"gold_per_floor":[109,34,34,46,46,46,58,58,58,77,89,89,102,15,15,15],"floor_reached":16,"campfire_rested":0,"playtime":539,"current_hp_per_floor":[47,47,21,20,20,20,20,20,20,13,4,4,4,4,4,0],"items_purged":[],"gold":15,"score":161,"play_id":"0703f093-bb1e-4b55-a7d0-62e2e2dc5f29","local_time":"20180412012915","is_prod":false,"is_daily":false,"is_ascension_mode":true,"campfire_upgraded":3,"timestamp":1523510955,"path_taken":["M","?","?","M","?","R","M","R","T","?","M","?","M","$","R","BOSS"],"build_version":"2018-04-05v2","purchased_purges":0,"victory":false,"master_deck":["Defend_G","Defend_G","Defend_G","Defend_G","Defend_G","Strike_G","Strike_G","Strike_G","Survivor","Neutralize+1","AscendersBane","Sucker Punch+1","Cloak And Dagger","Die Die Die+1","Backflip","Sucker Punch+1","Heel Hook","Footwork"],"max_hp_per_floor":[66,66,66,66,66,66,66,66,66,66,66,66,66,66,66,66],"relics":["Black Star","Dead Branch","The Specimen"],"card_choices":[{"not_picked":["Flying Knee","Acrobatics"],"picked":"Sucker Punch","floor":1},{"not_picked":["Bane","Caltrops"],"picked":"Cloak And Dagger","floor":4},{"not_picked":["Prepared","Sucker Punch"],"picked":"Die Die Die","floor":7},{"not_picked":["Blade Dance","Underhanded Strike"],"picked":"Backflip","floor":10},{"not_picked":["Underhanded Strike","Deflect"],"picked":"Sucker Punch","floor":11},{"not_picked":["Cloak And Dagger","Endless Agony"],"picked":"Heel Hook","floor":13}],"player_experience":830704,"potions_floor_usage":[11,16],"damage_taken":[{"damage":12,"enemies":"Small Slimes","floor":1,"turns":4},{"damage":1,"enemies":"2 Louse","floor":4,"turns":4},{"damage":0,"enemies":"Jaw Worm","floor":7,"turns":5},{"damage":7,"enemies":"Large Slime","floor":10,"turns":7},{"damage":9,"enemies":"Exordium Thugs","floor":11,"turns":5},{"damage":0,"enemies":"3 Louse","floor":13,"turns":2},{"damage":4,"enemies":"Hexaghost","floor":16,"turns":3}],"event_choices":[{"event_name":"The Cleric","player_choice":"Card Removal","floor":2,"damage_taken":0},{"event_name":"Scrap Ooze","player_choice":"success","floor":3,"damage_taken":26},{"event_name":"Upgrade Shrine","player_choice":"Upgraded","floor":5,"damage_taken":0},{"event_name":"Wheel of Change","player_choice":"Card Removal","floor":12,"damage_taken":0}],"boss_relics":[],"potions_floor_spawned":[10],"seed_played":"3060174199496400415","killed_by":"Hexaghost","ascension_level":15,"is_trial":false}