{"gold_per_floor":[117,136,154,168,185,219,219,239,239,239,270,270,343,354,354,425,425,437,487,499,499,499,499,528,541,596,596,630,630,630,9,9,86,86,97,97,97,116,127,158,158,158,238,253,263,102,117,17,17,17,17],"floor_reached":51,"playtime":2309,"items_purged":["Parasite","Wild Strike"],"score":1354,"play_id":"8a44efd0-caa9-4d01-87f5-3a82111291d6","local_time":"20190420025703","is_ascension_mode":true,"campfire_choices":[{"data":"Perfected Strike","floor":7,"key":"SMITH"},{"data":"Perfected Strike","floor":10,"key":"SMITH"},{"data":"Perfected Strike","floor":12,"key":"SMITH"},{"data":"Bash","floor":15,"key":"SMITH"},{"data":"Uppercut","floor":23,"key":"SMITH"},{"data":"Shockwave","floor":27,"key":"SMITH"},{"data":"Demon Form","floor":30,"key":"SMITH"},{"data":"Metallicize","floor":32,"key":"SMITH"},{"floor":42,"key":"RECALL"},{"data":"Flame Barrier","floor":49,"key":"SMITH"}],"neow_cost":"NONE","seed_source_timestamp":720200582291411,"circlet_count":0,"master_deck":["AscendersBane","Strike_R","Strike_R","Strike_R","Strike_R","Strike_R","Defend_R","Defend_R","Defend_R","Defend_R","Bash+1","Perfected Strike+1","Reaper","Twin Strike","Perfected Strike+1","Ghostly Armor","Perfected Strike+1","Shrug It Off","Shrug It Off","Demon Form+1","Ghostly Armor+1","Uppercut+1","Corruption","Shockwave+1","Metallicize+1","Reaper","Shrug It Off","Double Tap+1","Flame Barrier+1"],"relics":["Burning Blood","Boot","Matryoshka","Vajra","Busted Crown","Centennial Puzzle","Gremlin Horn","Bottled Flame","Bag of Preparation","Bottled Lightning","Charon\u0027s Ashes","Runic Pyramid","Orichalcum","Pantograph"],"potions_floor_usage":[8,16,20,28,33,40,47,50,51],"damage_taken":[{"damage":7,"enemies":"Cultist","floor":1,"turns":4},{"damage":7,"enemies":"Jaw Worm","floor":2,"turns":3},{"damage":3,"enemies":"2 Louse","floor":3,"turns":3},{"damage":19,"enemies":"Gremlin Gang","floor":4,"turns":4},{"damage":21,"enemies":"Exordium Thugs","floor":5,"turns":5},{"damage":30,"enemies":"3 Sentries","floor":6,"turns":7},{"damage":0,"enemies":"Large Slime","floor":8,"turns":2},{"damage":8,"enemies":"Gremlin Nob","floor":11,"turns":3},{"damage":0,"enemies":"Exordium Wildlife","floor":14,"turns":2},{"damage":35,"enemies":"Hexaghost","floor":16,"turns":7},{"damage":0,"enemies":"Chosen","floor":18,"turns":2},{"damage":7,"enemies":"Spheric Guardian","floor":20,"turns":4},{"damage":17,"enemies":"Book of Stabbing","floor":24,"turns":3},{"damage":8,"enemies":"Snecko","floor":25,"turns":3},{"damage":19,"enemies":"Slavers","floor":28,"turns":4},{"damage":43,"enemies":"Collector","floor":33,"turns":8},{"damage":2,"enemies":"3 Shapes","floor":35,"turns":4},{"damage":0,"enemies":"3 Darklings","floor":38,"turns":5},{"damage":8,"enemies":"Writhing Mass","floor":39,"turns":5},{"damage":14,"enemies":"Nemesis","floor":40,"turns":5},{"damage":0,"enemies":"Sphere and 2 Shapes","floor":44,"turns":5},{"damage":11,"enemies":"4 Shapes","floor":45,"turns":3},{"damage":27,"enemies":"Spire Growth","floor":47,"turns":6},{"damage":95,"enemies":"Time Eater","floor":50,"turns":11},{"damage":69,"enemies":"Donu and Deca","floor":51,"turns":6}],"seed_played":"8992093549120125392","potions_obtained":[{"floor":6,"key":"FearPotion"},{"floor":8,"key":"LiquidBronze"},{"floor":14,"key":"Regen Potion"},{"floor":16,"key":"Swift Potion"},{"floor":28,"key":"Fire Potion"},{"floor":33,"key":"SpeedPotion"},{"floor":40,"key":"Block Potion"},{"floor":45,"key":"LiquidBronze"},{"floor":47,"key":"SteroidPotion"}],"is_trial":false,"path_per_floor":["M","M","M","M","M","E","R","M","T","R","E","R","?","M","R","B",null,"M","?","M","T","?","R","E","M","T","R","E","?","R","$","R","B",null,"M","?","?","M","M","E","?","R","T","M","M","$","M","$","R","B","B"],"character_chosen":"IRONCLAD","items_purchased":["Metallicize","Reaper","Shrug It Off","Charon\u0027s Ashes","Energy Potion","Flame Barrier"],"campfire_rested":0,"item_purchase_floors":[31,31,31,31,31,46],"current_hp_per_floor":[74,73,82,74,63,39,39,45,45,45,43,43,43,49,49,20,67,80,72,71,71,71,71,65,70,70,70,69,45,45,45,45,55,79,83,83,83,87,85,87,87,87,87,87,87,84,75,75,75,9,0],"gold":17,"neow_bonus":"TEN_PERCENT_HP_BONUS","is_prod":false,"is_daily":false,"chose_seed":false,"campfire_upgraded":9,"win_rate":0,"timestamp":1555743423,"path_taken":["M","M","?","M","M","E","R","M","T","R","E","R","?","M","R","BOSS","M","?","?","?","?","R","E","M","T","R","E","?","R","$","R","BOSS","M","?","?","M","?","E","?","R","T","M","?","$","?","?","R","BOSS","BOSS"],"build_version":"2019-01-23","purchased_purges":2,"victory":false,"max_hp_per_floor":[82,82,82,82,82,82,82,82,82,82,82,82,82,82,82,82,82,82,82,82,82,82,82,82,82,82,82,82,87,87,87,87,87,87,87,87,87,87,87,87,87,87,87,87,87,84,84,84,84,84,84],"card_choices":[{"not_picked":["Twin Strike","Heavy Blade"],"picked":"Perfected Strike","floor":1},{"not_picked":["Pommel Strike","Shockwave"],"picked":"Reaper","floor":2},{"not_picked":["Iron Wave","Anger"],"picked":"Wild Strike","floor":3},{"not_picked":["Sever Soul","Warcry"],"picked":"Twin Strike","floor":4},{"not_picked":["Dual Wield","Rupture"],"picked":"Perfected Strike","floor":5},{"not_picked":["Flex","Body Slam"],"picked":"Ghostly Armor","floor":6},{"not_picked":["Warcry","Armaments"],"picked":"Perfected Strike","floor":8},{"not_picked":["Anger","Iron Wave"],"picked":"Shrug It Off","floor":11},{"not_picked":["Armaments","Warcry"],"picked":"Shrug It Off","floor":14},{"not_picked":["Barricade","Double Tap"],"picked":"Demon Form","floor":16},{"not_picked":[],"picked":"Ghostly Armor+1","floor":18},{"not_picked":["Havoc"],"picked":"SKIP","floor":20},{"not_picked":[],"picked":"Corruption","floor":24},{"not_picked":[],"picked":"Shockwave","floor":25},{"not_picked":["Iron Wave"],"picked":"SKIP","floor":28},{"not_picked":[],"picked":"Double Tap","floor":33},{"not_picked":[],"picked":"Body Slam+1","floor":35},{"not_picked":["Iron Wave"],"picked":"SKIP","floor":38},{"not_picked":["Perfected Strike"],"picked":"SKIP","floor":39},{"not_picked":["Searing Blow"],"picked":"SKIP","floor":40},{"not_picked":["Perfected Strike"],"picked":"SKIP","floor":44},{"not_picked":["Clash"],"picked":"SKIP","floor":45},{"not_picked":["Clash"],"picked":"SKIP","floor":45},{"not_picked":["Wild Strike"],"picked":"SKIP","floor":47}],"player_experience":1862131,"relics_obtained":[{"floor":6,"key":"Boot"},{"floor":9,"key":"Matryoshka"},{"floor":11,"key":"Vajra"},{"floor":21,"key":"Centennial Puzzle"},{"floor":21,"key":"Gremlin Horn"},{"floor":24,"key":"Bottled Flame"},{"floor":26,"key":"Bag of Preparation"},{"floor":28,"key":"Bottled Lightning"},{"floor":40,"key":"Orichalcum"},{"floor":43,"key":"Pantograph"}],"event_choices":[{"damage_healed":0,"gold_gain":73,"player_choice":"Gained Gold","damage_taken":0,"max_hp_gain":0,"max_hp_loss":0,"event_name":"Golden Wing","floor":13,"gold_loss":0},{"damage_healed":0,"gold_gain":50,"player_choice":"Touch","damage_taken":8,"max_hp_gain":0,"max_hp_loss":0,"event_name":"FaceTrader","floor":19,"gold_loss":0},{"damage_healed":0,"gold_gain":0,"player_choice":"Read","damage_taken":0,"max_hp_gain":0,"max_hp_loss":0,"event_name":"The Library","floor":22,"gold_loss":0,"cards_obtained":["Uppercut"]},{"damage_healed":0,"gold_gain":0,"player_choice":"Shed Blood","damage_taken":29,"max_hp_gain":5,"max_hp_loss":0,"event_name":"Forgotten Altar","floor":29,"gold_loss":0},{"cards_removed":["Body Slam"],"damage_healed":0,"gold_gain":0,"player_choice":"Removed Attack","damage_taken":0,"max_hp_gain":0,"max_hp_loss":0,"event_name":"Falling","floor":36,"gold_loss":0},{"damage_healed":0,"gold_gain":0,"player_choice":"Forge","damage_taken":0,"max_hp_gain":0,"max_hp_loss":0,"event_name":"Accursed Blacksmith","floor":37,"gold_loss":0,"cards_upgraded":["Double Tap"]},{"damage_healed":0,"gold_gain":0,"player_choice":"Ignored","damage_taken":0,"max_hp_gain":0,"max_hp_loss":0,"event_name":"SecretPortal","floor":41,"gold_loss":0}],"is_beta":false,"boss_relics":[{"not_picked":["Astrolabe","Philosopher\u0027s Stone"],"picked":"Busted Crown"},{"not_picked":["Calling Bell","Runic Cube"],"picked":"Runic Pyramid"}],"items_purged_floors":[46,48],"is_endless":false,"potions_floor_spawned":[6,8,14,16,28,33,38,40,45,47],"killed_by":"Donu and Deca","ascension_level":20}