{"gold_per_floor":[118,135,135,5,19,19,19,49,49,49,84,104,139,39,39,114,114,126,139,63,86,105,105,105,105,105,134,150,185,185,185,185,262,262,279,299,299,399,399,399,424,443,466,492,508,535,535,548,548,548,548,548,548,19,51,51],"floor_reached":57,"playtime":4697,"items_purged":["Strike_G","Strike_G"],"score":3017,"play_id":"01d114a5-62a2-40f3-8835-e712a0dfd18b","local_time":"20190504234313","is_ascension_mode":true,"campfire_choices":[{"data":"Deadly Poison","floor":7,"key":"SMITH"},{"data":"Poisoned Stab","floor":15,"key":"SMITH"},{"data":"Catalyst","floor":23,"key":"SMITH"},{"data":"Poisoned Stab","floor":25,"key":"SMITH"},{"data":"Leg Sweep","floor":32,"key":"SMITH"},{"data":"Malaise","floor":40,"key":"SMITH"},{"data":"Deadly Poison","floor":47,"key":"SMITH"},{"floor":49,"key":"RECALL"},{"data":"Acrobatics","floor":53,"key":"SMITH"}],"neow_cost":"NONE","seed_source_timestamp":392760438321493,"circlet_count":0,"master_deck":["AscendersBane","Defend_G","Defend_G","Defend_G","Defend_G","Defend_G","Survivor","Neutralize+1","Deadly Poison+1","All Out Attack","Cloak And Dagger","After Image","Neutralize","Leg Sweep+1","Poisoned Stab+1","Poisoned Stab+1","PiercingWail","Tools of the Trade+1","Acrobatics+1","PiercingWail","Footwork+1","Catalyst+1","Writhe","Dodge and Roll+1","Backflip","Die Die Die","Decay","Bite","Bite","Bite","Bite","Bite","Malaise+1","Dodge and Roll","Footwork+1","Dodge and Roll","Noxious Fumes+1","Backflip+1","Deadly Poison+1","Noxious Fumes+1","Apotheosis","Noxious Fumes+1","Well Laid Plans+1","Well Laid Plans+1","Footwork+1"],"relics":["Ring of the Snake","Gambling Chip","Dream Catcher","Mango","Frozen Egg 2","Nunchaku","Coffee Dripper","Gremlin Horn","Question Card","Bag of Preparation","Snecko Eye","Calipers","Pen Nib","PreservedInsect","Potion Belt","The Courier","Happy Flower"],"potions_floor_usage":[11,27,28,33,38,44,48,55,56,56,56,56],"damage_taken":[{"damage":0,"enemies":"2 Louse","floor":1,"turns":4},{"damage":0,"enemies":"Small Slimes","floor":2,"turns":4},{"damage":0,"enemies":"Cultist","floor":5,"turns":3},{"damage":19,"enemies":"Lagavulin","floor":8,"turns":8},{"damage":13,"enemies":"Gremlin Nob","floor":11,"turns":4},{"damage":1,"enemies":"Exordium Wildlife","floor":12,"turns":3},{"damage":5,"enemies":"Lagavulin","floor":13,"turns":8},{"damage":3,"enemies":"Hexaghost","floor":16,"turns":9},{"damage":0,"enemies":"Spheric Guardian","floor":18,"turns":5},{"damage":12,"enemies":"2 Thieves","floor":19,"turns":5},{"damage":0,"enemies":"Snake Plant","floor":22,"turns":6},{"damage":0,"enemies":"Gremlin Leader","floor":27,"turns":6},{"damage":21,"enemies":"Cultist and Chosen","floor":28,"turns":9},{"damage":8,"enemies":"Book of Stabbing","floor":29,"turns":5},{"damage":25,"enemies":"Collector","floor":33,"turns":8},{"damage":1,"enemies":"Orb Walker","floor":35,"turns":5},{"damage":0,"enemies":"3 Shapes","floor":36,"turns":9},{"damage":4,"enemies":"Mind Bloom Boss Battle","floor":38,"turns":10},{"damage":6,"enemies":"Nemesis","floor":41,"turns":9},{"damage":0,"enemies":"Spire Growth","floor":42,"turns":9},{"damage":43,"enemies":"Reptomancer","floor":44,"turns":8},{"damage":1,"enemies":"Maw","floor":45,"turns":9},{"damage":0,"enemies":"Giant Head","floor":46,"turns":8},{"damage":19,"enemies":"Transient","floor":48,"turns":6},{"damage":28,"enemies":"Donu and Deca","floor":50,"turns":13},{"damage":0,"enemies":"Time Eater","floor":51,"turns":13},{"damage":58,"enemies":"Shield and Spear","floor":55,"turns":10},{"damage":6,"enemies":"The Heart","floor":56,"turns":10}],"seed_played":"3477217141664392148","potions_obtained":[{"floor":5,"key":"FairyPotion"},{"floor":8,"key":"GamblersBrew"},{"floor":12,"key":"GhostInAJar"},{"floor":18,"key":"PowerPotion"},{"floor":27,"key":"GamblersBrew"},{"floor":33,"key":"Regen Potion"},{"floor":35,"key":"Fruit Juice"},{"floor":38,"key":"AttackPotion"},{"floor":44,"key":"AttackPotion"},{"floor":46,"key":"FearPotion"},{"floor":55,"key":"Regen Potion"}],"is_trial":false,"path_per_floor":["M","M","?","$","M","?","R","E","T","?","E","M","E","$","R","B",null,"M","M","$","T","M","R","?","R","T","E","M","E","?","?","R","B",null,"M","M","?","?","?","R","E","M","T","E","M","E","R","M","R","B","B",null,"R","$","E","B",null],"character_chosen":"THE_SILENT","items_purchased":["PowerPotion","Footwork+1","PowerPotion","Swift Potion","GhostInAJar","Apotheosis","Noxious Fumes+1","Well Laid Plans+1","Well Laid Plans+1","Footwork+1"],"campfire_rested":0,"item_purchase_floors":[4,20,54,54,54,54,54,54,54,54],"current_hp_per_floor":[59,59,54,54,54,54,54,35,49,49,36,35,30,30,30,27,67,67,55,55,55,57,57,57,57,57,59,40,34,34,34,34,25,66,79,80,70,85,85,85,85,85,85,50,61,65,65,50,50,52,64,80,80,80,40,85],"gold":51,"neow_bonus":"UPGRADE_CARD","is_prod":false,"is_daily":false,"chose_seed":false,"campfire_upgraded":8,"win_rate":0,"timestamp":1557038593,"path_taken":["M","M","?","$","M","?","R","E","T","?","E","M","E","$","R","BOSS","M","M","$","?","M","R","?","R","T","E","M","E","?","?","R","BOSS","M","M","?","?","?","R","E","?","T","E","M","E","R","M","R","BOSS","BOSS","R","$","E","BOSS"],"build_version":"2019-04-23","purchased_purges":2,"victory":true,"max_hp_per_floor":[66,66,66,66,66,66,66,66,80,80,80,80,80,80,80,80,80,80,80,80,80,80,80,80,80,80,80,80,80,80,80,80,80,80,80,80,80,85,85,85,85,85,85,85,85,85,85,85,85,85,85,85,85,85,85,85],"card_choices":[{"not_picked":["Cloak And Dagger","Dodge and Roll"],"picked":"Deadly Poison","floor":1},{"not_picked":["Cloak And Dagger","Reflex"],"picked":"All Out Attack","floor":2},{"not_picked":["Slice","Outmaneuver"],"picked":"Cloak And Dagger","floor":5},{"not_picked":["Concentrate","Accuracy"],"picked":"After Image","floor":8},{"not_picked":["Deflect","Escape Plan"],"picked":"Poisoned Stab","floor":11},{"not_picked":["Concentrate","Quick Slash"],"picked":"Poisoned Stab","floor":12},{"not_picked":["Poisoned Stab","Bane"],"picked":"PiercingWail","floor":13},{"not_picked":["Grand Finale","Bullet Time"],"picked":"Tools of the Trade+1","floor":16},{"not_picked":["Slice","Bane"],"picked":"Acrobatics","floor":18},{"not_picked":["Heel Hook","Deflect+1"],"picked":"PiercingWail","floor":19},{"not_picked":["Flying Knee","Escape Plan"],"picked":"Catalyst","floor":22},{"not_picked":["Skewer","Slice+1"],"picked":"Dodge and Roll+1","floor":27},{"not_picked":["Concentrate","Slice","Tactician"],"picked":"Backflip","floor":28},{"not_picked":["Distraction","Caltrops+1","Leg Sweep"],"picked":"Die Die Die","floor":29},{"not_picked":["Envenom+1","Storm of Steel","Night Terror"],"picked":"Malaise","floor":33},{"not_picked":["Quick Slash","Slice","Escape Plan"],"picked":"Dodge and Roll","floor":35},{"not_picked":["Dagger Throw","Dodge and Roll","Deflect"],"picked":"Footwork+1","floor":36},{"not_picked":["Finisher","Bane+1","Skewer"],"picked":"Dodge and Roll","floor":41},{"not_picked":["Choke+1","Sucker Punch+1","Dodge and Roll"],"picked":"Noxious Fumes+1","floor":42},{"not_picked":["Accuracy+1","Bane","Terror","Poisoned Stab"],"picked":"SKIP","floor":44},{"not_picked":["Distraction","Quick Slash+1","Venomology"],"picked":"Backflip+1","floor":45},{"not_picked":["Flechettes","Outmaneuver","Prepared+1"],"picked":"Deadly Poison","floor":46},{"not_picked":["Cloak And Dagger","Quick Slash","Flechettes"],"picked":"Noxious Fumes+1","floor":48},{"not_picked":["Bane","Masterful Stab+1","Underhanded Strike","Accuracy+1"],"picked":"SKIP","floor":55}],"player_experience":6158169,"relics_obtained":[{"floor":8,"key":"Dream Catcher"},{"floor":9,"key":"Mango"},{"floor":11,"key":"Frozen Egg 2"},{"floor":13,"key":"Nunchaku"},{"floor":21,"key":"Blood Vial"},{"floor":27,"key":"Question Card"},{"floor":29,"key":"Bag of Preparation"},{"floor":38,"key":"Calipers"},{"floor":41,"key":"Pen Nib"},{"floor":43,"key":"PreservedInsect"},{"floor":44,"key":"Potion Belt"},{"floor":46,"key":"The Courier"},{"floor":55,"key":"Happy Flower"}],"event_choices":[{"damage_healed":0,"gold_gain":0,"player_choice":"Success","damage_taken":5,"relics_obtained":["Gambling Chip"],"max_hp_gain":0,"max_hp_loss":0,"event_name":"Scrap Ooze","floor":3,"gold_loss":0},{"damage_healed":0,"gold_gain":0,"player_choice":"Leave","damage_taken":0,"max_hp_gain":0,"max_hp_loss":0,"event_name":"The Cleric","floor":6,"gold_loss":0},{"damage_healed":0,"gold_gain":0,"player_choice":"2 cards matched","damage_taken":0,"max_hp_gain":0,"max_hp_loss":0,"event_name":"Match and Keep!","floor":10,"gold_loss":0,"cards_obtained":["Neutralize","Leg Sweep"]},{"damage_healed":0,"gold_gain":0,"player_choice":"Opened","damage_taken":0,"relics_obtained":["Gremlin Horn"],"max_hp_gain":0,"max_hp_loss":0,"event_name":"The Mausoleum","floor":24,"gold_loss":0,"cards_obtained":["Writhe"]},{"damage_healed":0,"gold_gain":0,"player_choice":"Smashed Altar","damage_taken":0,"max_hp_gain":0,"max_hp_loss":0,"event_name":"Forgotten Altar","floor":30,"gold_loss":0,"cards_obtained":["Decay"]},{"damage_healed":0,"gold_gain":0,"player_choice":"Became a vampire (Vial)","damage_taken":0,"max_hp_gain":0,"max_hp_loss":0,"event_name":"Vampires","floor":31,"relics_lost":["Blood Vial"],"gold_loss":0,"cards_obtained":["Bite","Bite","Bite","Bite","Bite"]},{"damage_healed":0,"gold_gain":0,"player_choice":"Memory 3","damage_taken":10,"max_hp_gain":0,"max_hp_loss":0,"event_name":"SensoryStone","floor":37,"gold_loss":0},{"damage_healed":0,"gold_gain":0,"player_choice":"Fight","damage_taken":0,"max_hp_gain":0,"max_hp_loss":0,"event_name":"MindBloom","floor":38,"gold_loss":0},{"damage_healed":0,"gold_gain":0,"player_choice":"Ignored","damage_taken":0,"max_hp_gain":0,"max_hp_loss":0,"event_name":"Tomb of Lord Red Mask","floor":39,"gold_loss":0}],"is_beta":true,"boss_relics":[{"not_picked":["Ring of the Serpent","Busted Crown"],"picked":"Coffee Dripper"},{"not_picked":["Runic Dome","Philosopher\u0027s Stone"],"picked":"Snecko Eye"}],"items_purged_floors":[4,14],"is_endless":false,"potions_floor_spawned":[5,8,12,16,18,22,27,33,35,38,44,46,55],"ascension_level":20}