{"gold_per_floor":[111,57,57,70,145,145,172,172,172,188,220,145,145,170,170,245,245,265,265,278,378,378,408,408,436,436,452,480,480,128,153,153,232,232,243,290,1289,367,384,384,384,384,453,453,453,453,453,480,480,480,480,480,480,23,54,54],"floor_reached":57,"playtime":4299,"items_purged":["Normality","Normality"],"score":3182,"play_id":"5eddf978-18ba-4f91-9f9e-ed068c7ae66e","local_time":"20190427071242","is_ascension_mode":true,"campfire_choices":[{"data":"Noxious Fumes","floor":6.0,"key":"SMITH"},{"data":"Neutralize","floor":8.0,"key":"SMITH"},{"data":"Crippling Poison","floor":13.0,"key":"SMITH"},{"data":"Slice","floor":15.0,"key":"SMITH"},{"data":"Flechettes","floor":24.0,"key":"SMITH"},{"data":"Glass Knife","floor":29.0,"key":"SMITH"},{"data":"Cloak And Dagger","floor":32.0,"key":"SMITH"},{"data":"Burst","floor":40.0,"key":"SMITH"},{"floor":42.0,"key":"RECALL"},{"data":"Acrobatics","floor":45.0,"key":"SMITH"},{"data":"Dodge and Roll","floor":49.0,"key":"SMITH"},{"floor":53.0,"key":"REST"}],"neow_cost":"NONE","seed_source_timestamp":389223657164171,"circlet_count":0,"master_deck":["AscendersBane","Defend_G+1","Defend_G+1","Defend_G+1","Defend_G+1","Defend_G+1","Strike_G+1","Strike_G+1","Strike_G+1","Strike_G+1","Survivor","Neutralize+1","Slice+1","PiercingWail","Noxious Fumes+1","Dodge and Roll","Crippling Poison+1","Riddle With Holes","Glass Knife+1","PiercingWail","Flechettes+1","Dodge and Roll+1","Outmaneuver+1","Blade Dance+1","Cloak And Dagger+1","Tactician+1","Caltrops+1","Leg Sweep+1","Burst+1","Backflip","Caltrops+1","Acrobatics+1","Riddle With Holes+1","Madness","Madness","Good Instincts","PiercingWail+1","Footwork+1","Panache+1","Dash+1"],"special_seed":0,"relics":["Ring of the Snake","NeowsBlessing","Kunai","Ice Cream","Shuriken","Meat on the Bone","FossilizedHelix","Runic Pyramid","Thread and Needle","Frozen Egg 2","PreservedInsect","Mercury Hourglass","Pear","Ninja Scroll","Centennial Puzzle","OrangePellets","Dream Catcher","HoveringKite","Calipers","Molten Egg 2","Ornamental Fan","Strawberry","Anchor","Bottled Lightning"],"potions_floor_usage":[],"damage_taken":[{"damage":0.0,"enemies":"Cultist","floor":1.0,"turns":1.0},{"damage":0.0,"enemies":"Jaw Worm","floor":4.0,"turns":1.0},{"damage":0.0,"enemies":"3 Sentries","floor":7.0,"turns":1.0},{"damage":3.0,"enemies":"2 Louse","floor":10.0,"turns":4.0},{"damage":17.0,"enemies":"Lagavulin","floor":11.0,"turns":8.0},{"damage":7.0,"enemies":"3 Sentries","floor":14.0,"turns":9.0},{"damage":23.0,"enemies":"Slime Boss","floor":16.0,"turns":9.0},{"damage":0.0,"enemies":"Spheric Guardian","floor":18.0,"turns":4.0},{"damage":0.0,"enemies":"3 Byrds","floor":20.0,"turns":5.0},{"damage":17.0,"enemies":"Colosseum Slavers","floor":21.0,"turns":6.0},{"damage":0.0,"enemies":"Colosseum Nobs","floor":21.0,"turns":6.0},{"damage":0.0,"enemies":"Book of Stabbing","floor":23.0,"turns":7.0},{"damage":0.0,"enemies":"Gremlin Leader","floor":25.0,"turns":4.0},{"damage":0.0,"enemies":"Snecko","floor":27.0,"turns":5.0},{"damage":0.0,"enemies":"Slavers","floor":28.0,"turns":3.0},{"damage":0.0,"enemies":"Gremlin Leader","floor":31.0,"turns":3.0},{"damage":0.0,"enemies":"Collector","floor":33.0,"turns":9.0},{"damage":0.0,"enemies":"Orb Walker","floor":35.0,"turns":5.0},{"damage":0.0,"enemies":"2 Orb Walkers","floor":36.0,"turns":4.0},{"damage":0.0,"enemies":"3 Darklings","floor":39.0,"turns":3.0},{"damage":0.0,"enemies":"Giant Head","floor":48.0,"turns":7.0},{"damage":10.0,"enemies":"Time Eater","floor":50.0,"turns":13.0},{"damage":0.0,"enemies":"Awakened One","floor":51.0,"turns":17.0},{"damage":23,"enemies":"Shield and Spear","floor":55,"turns":7},{"damage":46,"enemies":"The Heart","floor":56,"turns":11}],"seed_played":"6496528414558270758","potions_obtained":[{"floor":4.0,"key":"Dexterity Potion"},{"floor":7.0,"key":"Ancient Potion"},{"floor":14.0,"key":"SteroidPotion"},{"floor":27.0,"key":"Strength Potion"}],"is_trial":false,"path_per_floor":["M","$","T","M","?","R","E","R","T","M","E","?","R","E","R","B",null,"M","?","M","?","T","E","R","E","T","M","E","R","$","E","R","B",null,"M","?","?","$","M","R","?","R","T","?","R","?","?","E","R","B","B",null,"R","$","E","B",null],"character_chosen":"THE_SILENT","items_purchased":["PiercingWail","Caltrops+1","OrangePellets","AttackPotion","Caltrops+1","Molten Egg 2","Dagger Spray+1","Ornamental Fan","Acrobatics","Explosive Potion","SkillPotion","Anchor","Panache+1"],"campfire_rested":1,"item_purchase_floors":[2,30,30,30,38,38,38,38,38,38,38,54,54],"current_hp_per_floor":[59,59,59,59,48,48,48,48,48,45,28,28,28,33,33,22,55,55,55,55,38,38,38,38,48,48,48,48,48,48,48,48,48,69,69,69,69,69,69,69,55,55,55,55,55,55,55,62,62,52,52,75,83,83,60,26],"gold":54,"neow_bonus":"THREE_ENEMY_KILL","is_prod":false,"is_daily":false,"chose_seed":false,"campfire_upgraded":10,"win_rate":0,"timestamp":1556363562,"path_taken":["M","$","?","?","?","R","E","R","T","M","E","?","R","E","R","BOSS","M","?","M","?","?","E","R","E","T","M","E","R","?","E","R","BOSS","M","?","?","$","M","R","?","R","T","?","R","?","?","E","R","BOSS","BOSS","R","$","E","BOSS"],"build_version":"2019-01-23","purchased_purges":2,"victory":true,"max_hp_per_floor":[66,66,66,66,66,66,66,66,66,66,66,66,66,66,66,66,66,66,66,66,66,66,66,66,76,76,76,76,76,76,76,76,76,76,76,76,76,76,76,76,76,76,76,76,76,76,76,83,83,83,83,83,83,83,83,83],"card_choices":[{"not_picked":["Flying Knee","Accuracy"],"picked":"Slice","floor":1.0},{"not_picked":["Underhanded Strike","Blade Dance"],"picked":"Noxious Fumes","floor":4.0},{"not_picked":["Deflect","Flying Knee"],"picked":"Dodge and Roll","floor":7.0},{"not_picked":["Poisoned Stab","Sucker Punch","Eviscerate"],"picked":"SKIP","floor":10.0},{"not_picked":["Dash","Blur"],"picked":"Crippling Poison","floor":11.0},{"not_picked":["Tactician","Flying Knee"],"picked":"Riddle With Holes","floor":14.0},{"not_picked":["Envenom","Night Terror"],"picked":"Glass Knife","floor":16.0},{"not_picked":["Flying Knee","Masterful Stab"],"picked":"PiercingWail","floor":18.0},{"not_picked":["Acrobatics","Leg Sweep"],"picked":"Flechettes","floor":20.0},{"not_picked":["Eviscerate","Blade Dance"],"picked":"Dodge and Roll","floor":21.0},{"not_picked":["Endless Agony","Terror"],"picked":"Outmaneuver+1","floor":23.0},{"not_picked":["Poisoned Stab","A Thousand Cuts+1"],"picked":"Blade Dance+1","floor":25.0},{"not_picked":["Blade Dance","Bane"],"picked":"Cloak And Dagger","floor":27.0},{"not_picked":["Tools of the Trade+1","Underhanded Strike+1"],"picked":"Tactician+1","floor":28.0},{"not_picked":["Flying Knee","Backflip"],"picked":"Leg Sweep+1","floor":31.0},{"not_picked":["Wraith Form v2+1","Phantasmal Killer"],"picked":"Burst","floor":33.0},{"not_picked":["Setup","Bane+1","Blade Dance"],"picked":"SKIP","floor":35.0},{"not_picked":["Outmaneuver","Blade Dance"],"picked":"Backflip","floor":36.0},{"not_picked":["Blade Dance","Flechettes+1"],"picked":"Riddle With Holes+1","floor":39.0},{"not_picked":["Jack Of All Trades","Deep Breath"],"picked":"Good Instincts","floor":47.0},{"not_picked":["Setup","Flechettes+1"],"picked":"PiercingWail+1","floor":48.0},{"not_picked":["Flying Knee+1","Cloak And Dagger+1"],"picked":"Footwork+1","floor":53.0},{"not_picked":["Deadly Poison","Flying Knee+1"],"picked":"Dash+1","floor":55}],"player_experience":1993581,"relics_obtained":[{"floor":3.0,"key":"Kunai"},{"floor":7.0,"key":"Ice Cream"},{"floor":9.0,"key":"Shuriken"},{"floor":11.0,"key":"Meat on the Bone"},{"floor":14.0,"key":"FossilizedHelix"},{"floor":21.0,"key":"Thread and Needle"},{"floor":21.0,"key":"Frozen Egg 2"},{"floor":22.0,"key":"PreservedInsect"},{"floor":23.0,"key":"Mercury Hourglass"},{"floor":25.0,"key":"Pear"},{"floor":26.0,"key":"Ninja Scroll"},{"floor":28.0,"key":"Centennial Puzzle"},{"floor":31.0,"key":"Dream Catcher"},{"floor":36.0,"key":"Calipers"},{"floor":48.0,"key":"Strawberry"},{"floor":55,"key":"Bottled Lightning"}],"event_choices":[{"damage_healed":0.0,"max_hp_gain":0.0,"max_hp_loss":0.0,"gold_gain":75.0,"event_name":"World of Goop","player_choice":"Gather Gold","floor":5.0,"gold_loss":0.0,"damage_taken":11.0},{"cards_removed":["Strike_G"],"damage_healed":0.0,"max_hp_gain":0.0,"max_hp_loss":0.0,"gold_gain":0.0,"event_name":"The Cleric","player_choice":"Card Removal","floor":12.0,"gold_loss":75.0,"damage_taken":0.0},{"damage_healed":0.0,"max_hp_gain":0.0,"max_hp_loss":0.0,"gold_gain":0.0,"event_name":"Back to Basics","player_choice":"Simplicity","floor":19.0,"gold_loss":0.0,"damage_taken":0.0,"cards_upgraded":["Defend_G","Defend_G","Defend_G","Defend_G","Defend_G","Strike_G","Strike_G","Strike_G","Strike_G"]},{"damage_healed":0.0,"max_hp_gain":0.0,"max_hp_loss":0.0,"gold_gain":0.0,"event_name":"Colosseum","player_choice":"Fight","floor":21.0,"gold_loss":0.0,"damage_taken":0.0},{"damage_healed":0.0,"max_hp_gain":0.0,"max_hp_loss":0.0,"gold_gain":0.0,"event_name":"Colosseum","player_choice":"Fought Nobs","floor":21.0,"gold_loss":0.0,"damage_taken":0.0},{"damage_healed":0.0,"max_hp_gain":0.0,"max_hp_loss":0.0,"gold_gain":0.0,"event_name":"Mysterious Sphere","player_choice":"Fight","floor":36.0,"gold_loss":0.0,"damage_taken":0.0},{"damage_healed":0.0,"max_hp_gain":0.0,"max_hp_loss":0.0,"gold_gain":999.0,"event_name":"MindBloom","player_choice":"Gold","floor":37.0,"gold_loss":0.0,"damage_taken":0.0,"cards_obtained":["Normality","Normality"]},{"damage_healed":0.0,"max_hp_gain":0.0,"max_hp_loss":0.0,"gold_gain":0.0,"event_name":"Winding Halls","player_choice":"Embrace Madness","floor":41.0,"gold_loss":0.0,"damage_taken":14.0,"cards_obtained":["Madness","Madness"]},{"damage_healed":0.0,"max_hp_gain":0.0,"max_hp_loss":0.0,"gold_gain":0.0,"event_name":"Tomb of Lord Red Mask","player_choice":"Ignored","floor":44.0,"gold_loss":0.0,"damage_taken":0.0},{"cards_removed":["Dagger Spray"],"damage_healed":0.0,"max_hp_gain":0.0,"max_hp_loss":0.0,"gold_gain":0.0,"event_name":"Falling","player_choice":"Removed Attack","floor":46.0,"gold_loss":0.0,"damage_taken":0.0},{"damage_healed":0.0,"max_hp_gain":0.0,"max_hp_loss":0.0,"gold_gain":0.0,"event_name":"SensoryStone","player_choice":"Memory 1","floor":47.0,"gold_loss":0.0,"damage_taken":0.0}],"is_beta":false,"boss_relics":[{"not_picked":["Empty Cage","Runic Dome"],"picked":"Runic Pyramid"},{"not_picked":["Coffee Dripper","Snecko Eye"],"picked":"HoveringKite"}],"items_purged_floors":[38,54],"is_endless":false,"potions_floor_spawned":[4,7,11,14,20,21,27,31,33,35],"ascension_level":20}