{"gold_per_floor":[112,37,187,187,13,13,45,45,72,85,85,116,116,130,130,130],"floor_reached":16,"playtime":400,"items_purged":["Strike_G","Doubt"],"score":255,"play_id":"5d014308-4a8e-4ba6-bfb6-cf6354391c77","local_time":"20190323115031","is_ascension_mode":true,"campfire_choices":[{"data":"Noxious Fumes","floor":6,"key":"SMITH"},{"data":"Die Die Die","floor":11,"key":"SMITH"},{"floor":13,"key":"DIG"},{"floor":15,"key":"DIG"}],"neow_cost":"NONE","seed_source_timestamp":555543653820487,"circlet_count":0,"master_deck":["AscendersBane","Defend_G","Defend_G","Defend_G","Defend_G","Defend_G","Strike_G","Strike_G","Strike_G","Strike_G","Survivor","Neutralize+1","Noxious Fumes+1","Predator","Die Die Die+1"],"relics":["Ring of the Snake","NeowsBlessing","Sundial","Boot","PreservedInsect","Shovel","Toxic Egg 2","Frozen Egg 2"],"potions_floor_usage":[12,16],"damage_taken":[{"damage":0,"enemies":"2 Louse","floor":1,"turns":1},{"damage":0,"enemies":"Gremlin Nob","floor":7,"turns":1},{"damage":0,"enemies":"Jaw Worm","floor":10,"turns":1},{"damage":5,"enemies":"3 Sentries","floor":12,"turns":3},{"damage":1,"enemies":"Small Slimes","floor":14,"turns":3},{"damage":43,"enemies":"Slime Boss","floor":16,"turns":9}],"seed_played":"1629455011638061884","potions_obtained":[{"floor":1,"key":"GamblersBrew"},{"floor":10,"key":"FearPotion"},{"floor":12,"key":"Energy Potion"}],"is_trial":false,"path_per_floor":["M","$","?","?","$","R","E","?","T","M","R","E","R","M","R","B"],"character_chosen":"THE_SILENT","items_purchased":["Predator"],"campfire_rested":0,"item_purchase_floors":[5],"current_hp_per_floor":[59,59,59,41,41,41,41,41,41,41,41,36,36,35,35,0],"gold":130,"neow_bonus":"THREE_ENEMY_KILL","is_prod":false,"is_daily":false,"chose_seed":false,"campfire_upgraded":2,"win_rate":0,"timestamp":1553356231,"path_taken":["M","$","?","?","$","R","E","?","T","?","R","E","R","M","R","BOSS"],"build_version":"2019-01-23","purchased_purges":2,"victory":false,"max_hp_per_floor":[66,66,66,66,66,66,66,66,66,66,66,66,66,66,66,66],"card_choices":[{"not_picked":["Infinite Blades","Concentrate"],"picked":"Noxious Fumes","floor":1},{"not_picked":["Deflect","Backflip"],"picked":"Die Die Die","floor":7},{"not_picked":["Quick Slash","Slice","Flying Knee"],"picked":"SKIP","floor":10},{"not_picked":["Accuracy","Deflect","Distraction"],"picked":"SKIP","floor":12},{"not_picked":["Predator","Dagger Throw","Bane"],"picked":"SKIP","floor":14}],"player_experience":1368815,"relics_obtained":[{"floor":7,"key":"Boot"},{"floor":9,"key":"PreservedInsect"},{"floor":12,"key":"Shovel"},{"floor":13,"key":"Toxic Egg 2"},{"floor":15,"key":"Frozen Egg 2"}],"event_choices":[{"damage_healed":0,"gold_gain":150,"player_choice":"AGREE","damage_taken":0,"max_hp_gain":0,"max_hp_loss":0,"event_name":"Liars Game","floor":3,"gold_loss":0,"cards_obtained":["Doubt"]},{"damage_healed":0,"gold_gain":0,"player_choice":"Success","damage_taken":18,"relics_obtained":["Sundial"],"max_hp_gain":0,"max_hp_loss":0,"event_name":"Scrap Ooze","floor":4,"gold_loss":0},{"damage_healed":0,"gold_gain":0,"player_choice":"Grow","damage_taken":0,"max_hp_gain":0,"max_hp_loss":0,"event_name":"Living Wall","floor":8,"gold_loss":0,"cards_upgraded":["Neutralize"]}],"is_beta":false,"boss_relics":[],"items_purged_floors":[2,5],"is_endless":false,"potions_floor_spawned":[1,10,12],"killed_by":"Slime Boss","ascension_level":19}