{"gold_per_floor":[367,84,84,119,155,155,233,293,293,293,362,362,396,133,133,133],"floor_reached":16,"playtime":861,"items_purged":[],"score":200,"play_id":"086d73cf-b774-4e7d-b763-e02578767997","local_time":"20190405135606","is_ascension_mode":true,"campfire_choices":[{"data":"Disarm","floor":6,"key":"SMITH"},{"data":"Feel No Pain","floor":10,"key":"SMITH"},{"floor":15,"key":"REST"}],"neow_cost":"PERCENT_DAMAGE","seed_source_timestamp":358606845254868,"circlet_count":0,"master_deck":["AscendersBane","Strike_R","Strike_R","Strike_R","Strike_R","Strike_R","Defend_R","Defend_R","Defend_R","Defend_R","Bash","Pommel Strike","Feel No Pain+1","HandOfGreed+1","Shrug It Off","Disarm+1","Clothesline","Double Tap","True Grit","Burning Pact","Feel No Pain"],"relics":["Burning Blood","Darkstone Periapt","Mercury Hourglass","Boot"],"potions_floor_usage":[11,13,13,16,16],"damage_taken":[{"damage":2,"enemies":"Cultist","floor":1,"turns":4},{"damage":1,"enemies":"Small Slimes","floor":4,"turns":5},{"damage":5,"enemies":"Jaw Worm","floor":5,"turns":5},{"damage":11,"enemies":"Large Slime","floor":8,"turns":8},{"damage":13,"enemies":"Exordium Wildlife","floor":11,"turns":4},{"damage":19,"enemies":"Lagavulin","floor":13,"turns":6},{"damage":39,"enemies":"Slime Boss","floor":16,"turns":11}],"seed_played":"-6312777057491846936","potions_obtained":[{"floor":4,"key":"GamblersBrew"},{"floor":8,"key":"Weak Potion"},{"floor":11,"key":"AttackPotion"},{"floor":13,"key":"SkillPotion"}],"is_trial":false,"path_per_floor":["M","$","?","M","M","R","?","M","T","R","M","?","E","$","R","B"],"character_chosen":"IRONCLAD","items_purchased":["Feel No Pain","HandOfGreed","Shrug It Off","True Grit","Burning Pact","Feel No Pain","Dexterity Potion"],"campfire_rested":1,"item_purchase_floors":[2,2,2,14,14,14,14],"current_hp_per_floor":[54,54,54,59,60,60,60,55,55,55,48,30,17,17,39,0],"gold":133,"neow_bonus":"TWO_FIFTY_GOLD","is_prod":false,"is_daily":false,"chose_seed":false,"campfire_upgraded":2,"win_rate":0,"timestamp":1554486966,"path_taken":["M","?","?","M","?","R","?","M","T","R","M","?","E","?","R","BOSS"],"build_version":"2019-01-23","purchased_purges":0,"victory":false,"max_hp_per_floor":[75,75,75,75,75,75,75,75,75,75,75,75,75,75,75,75],"card_choices":[{"not_picked":["Twin Strike","Infernal Blade"],"picked":"Pommel Strike","floor":1},{"not_picked":["Evolve","Fire Breathing"],"picked":"Disarm","floor":4},{"not_picked":["Armaments","Cleave","Warcry"],"picked":"SKIP","floor":5},{"not_picked":["Perfected Strike","Shockwave"],"picked":"Clothesline","floor":8},{"not_picked":["Sever Soul","Twin Strike","Blood for Blood"],"picked":"SKIP","floor":11},{"not_picked":["Pommel Strike","Flex"],"picked":"Double Tap","floor":13}],"player_experience":1617850,"relics_obtained":[{"floor":9,"key":"Darkstone Periapt"},{"floor":13,"key":"Boot"}],"event_choices":[{"damage_healed":0,"gold_gain":0,"player_choice":"Upgraded","damage_taken":0,"max_hp_gain":0,"max_hp_loss":0,"event_name":"Upgrade Shrine","floor":3,"gold_loss":0,"cards_upgraded":["HandOfGreed"]},{"damage_healed":0,"gold_gain":78,"player_choice":"Gained Gold","damage_taken":0,"max_hp_gain":0,"max_hp_loss":0,"event_name":"Golden Wing","floor":7,"gold_loss":0},{"damage_healed":0,"gold_gain":0,"player_choice":"Success","damage_taken":18,"relics_obtained":["Mercury Hourglass"],"max_hp_gain":0,"max_hp_loss":0,"event_name":"Scrap Ooze","floor":12,"gold_loss":0}],"is_beta":false,"boss_relics":[],"items_purged_floors":[],"is_endless":false,"potions_floor_spawned":[4,8,11,13],"killed_by":"Slime Boss","ascension_level":20}