{"path_per_floor":["M","M","M","?","M","R","E","$","T","?","M","R","M","M","R","B",null,"M","?","?","M","M","R","M","E","T","R","?","R","M","$","R","B",null,"M","$","?","M","M","R","E","R","T","R","?","M","M","?","R","B"],"character_chosen":"IRONCLAD","items_purchased":["Oddly Smooth Stone","Lantern","Charon\u0027s Ashes","Bag of Marbles","Flex"],"gold_per_floor":[362,374,388,388,400,400,430,202,248,248,265,265,283,303,303,399,429,445,445,445,462,479,479,499,527,551,551,551,551,566,134,134,229,229,241,42,42,55,65,65,90,90,169,169,169,180,191,191,191,191],"floor_reached":51,"campfire_rested":1,"playtime":2707,"current_hp_per_floor":[72,69,67,67,70,70,54,54,54,42,42,42,42,45,45,54,77,77,77,61,52,48,48,51,20,20,20,20,58,46,46,46,71,77,81,81,81,76,81,81,57,57,57,57,77,73,59,59,59,39],"items_purged":["Strike_R"],"gold":191,"score":549,"play_id":"d42864b1-0e04-40ec-ac0e-8a550147bf35","local_time":"20180306110926","is_prod":false,"is_daily":false,"is_ascension_mode":false,"campfire_upgraded":10,"timestamp":1520352566,"path_taken":["M","?","M","?","M","R","E","?","T","?","M","R","?","M","R","BOSS","M","?","?","?","M","R","M","E","T","R","?","R","M","?","R","BOSS","M","$","?","?","M","R","E","R","T","R","?","M","M","?","R","BOSS"],"build_version":"2018-03-01-PROD1","purchased_purges":2,"victory":true,"master_deck":["Strike_R+1","Strike_R+1","Strike_R+1","Defend_R+1","Defend_R+1","Defend_R+1","Defend_R+1","Bash+1","Hemokinesis+1","Inflame+1","Reckless Charge+1","Heavy Blade+1","Seeing Red+1","Limit Break+1","Dual Wield+1","Sword Boomerang+1","True Grit+1","Disarm+1","Feed+1","Limit Break+1","Regret","Ghostly Armor+1","Flex+1","Thunderclap+1","Demon Form+1","Writhe","Disarm+1"],"max_hp_per_floor":[72,72,72,72,72,72,72,72,72,72,72,72,72,72,72,72,77,77,77,77,77,77,77,77,77,77,77,77,77,77,77,77,77,77,81,81,81,81,81,81,81,81,81,81,81,81,85,85,85,85],"relics":["Burning Blood","Bag of Preparation","Oddly Smooth Stone","Pen Nib","Pantograph","Tiny House","Enchiridion","Omamori","Regal Pillow","Lantern","Charon\u0027s Ashes","Calling Bell","Mercury Hourglass","Bird Faced Urn","Meat on the Bone","Bag of Marbles","Orichalcum","Blue Candle"],"card_choices":[{"not_picked":["Flex","Armaments"],"picked":"Hemokinesis"},{"not_picked":["Warcry","Sword Boomerang"],"picked":"Inflame"},{"not_picked":["Twin Strike","Warcry"],"picked":"Reckless Charge"},{"not_picked":["Havoc","Wild Strike"],"picked":"Heavy Blade"},{"not_picked":["Rage","Sword Boomerang"],"picked":"Seeing Red"},{"not_picked":["Shrug It Off","Ghostly Armor"],"picked":"Limit Break"},{"not_picked":["Shrug It Off","Warcry"],"picked":"Dual Wield"},{"not_picked":["Twin Strike","Havoc"],"picked":"Sword Boomerang"},{"not_picked":["Warcry","Evolve"],"picked":"True Grit"},{"not_picked":["Warcry","Corruption"],"picked":"Disarm"},{"not_picked":["Perfected Strike","Twin Strike"],"picked":"Feed"},{"not_picked":["Dropkick","Second Wind"],"picked":"Ghostly Armor"},{"not_picked":["True Grit","Iron Wave"],"picked":"Thunderclap"},{"not_picked":["Twin Strike","Infernal Blade"],"picked":"Demon Form"},{"not_picked":["Reckless Charge","Wild Strike"],"picked":"Disarm"}],"player_experience":417356,"potions_floor_usage":[5,5,13,21,22,24,33,39,50],"damage_taken":[{"damage":6,"enemies":"Cultist","floor":1,"turns":4},{"damage":9,"enemies":"Jaw Worm","floor":2,"turns":2},{"damage":8,"enemies":"Small Slimes","floor":3,"turns":3},{"damage":3,"enemies":"2 Fungi Beasts","floor":5,"turns":2},{"damage":22,"enemies":"Lagavulin","floor":7,"turns":7},{"damage":6,"enemies":"Blue Slaver","floor":11,"turns":3},{"damage":6,"enemies":"Looter","floor":13,"turns":2},{"damage":3,"enemies":"Large Slime","floor":14,"turns":3},{"damage":22,"enemies":"The Guardian","floor":16,"turns":6},{"damage":6,"enemies":"Chosen","floor":18,"turns":3},{"damage":18,"enemies":"2 Thieves","floor":21,"turns":2},{"damage":10,"enemies":"Sentry and Sphere","floor":22,"turns":5},{"damage":3,"enemies":"Snecko","floor":24,"turns":2},{"damage":37,"enemies":"Gremlin Leader","floor":25,"turns":5},{"damage":18,"enemies":"Snake Plant","floor":30,"turns":4},{"damage":6,"enemies":"Champ","floor":33,"turns":6},{"damage":2,"enemies":"Orb Walker","floor":35,"turns":3},{"damage":13,"enemies":"3 Shapes","floor":38,"turns":3},{"damage":3,"enemies":"3 Darklings","floor":39,"turns":4},{"damage":32,"enemies":"Nemesis","floor":41,"turns":5},{"damage":18,"enemies":"Maw","floor":46,"turns":4},{"damage":28,"enemies":"4 Shapes","floor":47,"turns":4},{"damage":68,"enemies":"Awakened One","floor":50,"turns":7}],"event_choices":[{"event_name":"The Lab","player_choice":"Got Potions","floor":4,"damage_taken":0},{"event_name":"Scrap Ooze","player_choice":"success","floor":10,"damage_taken":12},{"event_name":"Back to Basics","player_choice":"Simplicity","floor":19,"damage_taken":0},{"event_name":"Cursed Tome","player_choice":"Obtained Book","floor":20,"damage_taken":0},{"event_name":"Duplicator","player_choice":"One dupe","floor":28,"damage_taken":0},{"event_name":"Winding Halls","player_choice":"Writhe","floor":45,"damage_taken":0},{"event_name":"Accursed Blacksmith","player_choice":"Forge","floor":48,"damage_taken":0}],"boss_relics":[{"not_picked":["Runic Pyramid","White Beast Statue"],"picked":"Tiny House"},{"not_picked":["Black Star","Runic Cube"],"picked":"Calling Bell"}],"potions_floor_spawned":[2,3,14,16,18,25,30,38],"seed_played":"2912132301043866024","ascension_level":0,"is_trial":false}