{"gold_per_floor":[113,113,124,124,147,147,183,183,234,253,42,86,105,119,119,209,209,229,229,30,47,78,78,78,103,171,200,200,200,228,178,178,178],"floor_reached":33,"playtime":1560,"items_purged":["Defend_R"],"score":733,"play_id":"81a5b3e5-2e75-43a5-bb37-cefabddf758d","local_time":"20190313191748","is_ascension_mode":true,"campfire_choices":[{"data":"Perfected Strike","floor":6,"key":"SMITH"},{"data":"Perfected Strike","floor":15,"key":"SMITH"},{"data":"Thinking Ahead","floor":23,"key":"SMITH"},{"data":"Perfected Strike","floor":32,"key":"SMITH"}],"neow_cost":"NONE","seed_source_timestamp":28220122726486,"circlet_count":0,"master_deck":["AscendersBane","Strike_R","Strike_R","Strike_R+1","Strike_R","Strike_R","Defend_R","Defend_R+1","Bash","Pommel Strike","Perfected Strike+1","Intimidate","Whirlwind+1","Perfected Strike+1","Headbutt","Reaper","Immolate","Dual Wield","Thinking Ahead+1","Uppercut+1","Perfected Strike+1","Heavy Blade+1"],"relics":["Burning Blood","Bloody Idol","Boot","Bag of Preparation","Vajra","Lantern","Runic Dome","Red Mask","MutagenicStrength","Juzu Bracelet","Singing Bowl","Unceasing Top","Smiling Mask"],"potions_floor_usage":[16,18,25,27,33],"damage_taken":[{"damage":2,"enemies":"Cultist","floor":1,"turns":4},{"damage":4,"enemies":"Jaw Worm","floor":3,"turns":3},{"damage":1,"enemies":"2 Louse","floor":5,"turns":3},{"damage":8,"enemies":"Gremlin Nob","floor":7,"turns":3},{"damage":4,"enemies":"Blue Slaver","floor":10,"turns":3},{"damage":32,"enemies":"Lagavulin","floor":12,"turns":4},{"damage":0,"enemies":"3 Louse","floor":13,"turns":1},{"damage":0,"enemies":"Looter","floor":14,"turns":2},{"damage":0,"enemies":"Slime Boss","floor":16,"turns":4},{"damage":16,"enemies":"Shell Parasite","floor":18,"turns":2},{"damage":0,"enemies":"Chosen","floor":21,"turns":3},{"damage":0,"enemies":"Masked Bandits","floor":22,"turns":1},{"damage":30,"enemies":"Gremlin Leader","floor":25,"turns":5},{"damage":17,"enemies":"Book of Stabbing","floor":27,"turns":3},{"damage":0,"enemies":"Gremlin Leader","floor":30,"turns":3},{"damage":95,"enemies":"Automaton","floor":33,"turns":6}],"seed_played":"4500172016408863802","potions_obtained":[{"floor":7,"key":"SteroidPotion"},{"floor":10,"key":"Weak Potion"},{"floor":14,"key":"AttackPotion"},{"floor":16,"key":"Dexterity Potion"},{"floor":21,"key":"LiquidBronze"},{"floor":25,"key":"Poison Potion"}],"is_trial":false,"path_per_floor":["M","?","M","?","M","R","E","?","T","M","$","E","M","M","R","B",null,"M","?","$","M","?","R","?","E","T","E","?","$","E","$","R","B"],"character_chosen":"IRONCLAD","items_purchased":["Perfected Strike","Vajra","Thinking Ahead"],"campfire_rested":0,"item_purchase_floors":[11,11,20],"current_hp_per_floor":[79,54,56,56,61,61,59,59,59,61,61,35,41,47,47,63,71,61,61,61,74,74,74,74,70,74,70,70,70,76,76,76,0],"gold":178,"neow_bonus":"TEN_PERCENT_HP_BONUS","is_prod":false,"is_daily":false,"chose_seed":false,"campfire_upgraded":4,"win_rate":0,"timestamp":1552519068,"path_taken":["M","?","M","?","M","R","E","?","T","M","?","E","?","M","R","BOSS","M","?","$","M","?","R","?","E","T","E","?","?","E","$","R","BOSS"],"build_version":"2019-01-23","purchased_purges":1,"victory":false,"max_hp_per_floor":[82,82,82,74,74,74,74,74,74,74,74,74,74,74,74,74,74,74,74,74,74,74,74,74,74,74,76,76,76,76,76,76,76],"card_choices":[{"not_picked":["Headbutt","Warcry"],"picked":"Pommel Strike","floor":1},{"not_picked":["Rupture","True Grit"],"picked":"Perfected Strike","floor":3},{"not_picked":["Clash","Uppercut"],"picked":"Intimidate","floor":5},{"not_picked":["Intimidate","Cleave"],"picked":"Whirlwind","floor":7},{"not_picked":["Warcry","Thunderclap","Anger"],"picked":"SKIP","floor":10},{"not_picked":["Sword Boomerang","Iron Wave"],"picked":"Headbutt","floor":12},{"not_picked":["Headbutt","Iron Wave","Shrug It Off"],"picked":"SKIP","floor":13},{"not_picked":["Pommel Strike","True Grit"],"picked":"Reaper","floor":14},{"not_picked":["Double Tap","Impervious"],"picked":"Immolate","floor":16},{"not_picked":["Clothesline","Armaments"],"picked":"Dual Wield","floor":18},{"not_picked":["Warcry","Sword Boomerang","Entrench"],"picked":"SKIP","floor":21},{"not_picked":["Pummel","Evolve+1"],"picked":"Uppercut+1","floor":22},{"not_picked":["Pummel","True Grit"],"picked":"Perfected Strike","floor":25},{"not_picked":["Shrug It Off","Flame Barrier","Headbutt"],"picked":"Singing Bowl","floor":27},{"not_picked":["Bloodletting","Armaments"],"picked":"Heavy Blade+1","floor":30}],"player_experience":1090614,"relics_obtained":[{"floor":7,"key":"Boot"},{"floor":9,"key":"Bag of Preparation"},{"floor":12,"key":"Lantern"},{"floor":22,"key":"Red Mask"},{"floor":25,"key":"Juzu Bracelet"},{"floor":26,"key":"Singing Bowl"},{"floor":27,"key":"Unceasing Top"},{"floor":30,"key":"Smiling Mask"}],"event_choices":[{"damage_healed":0,"gold_gain":0,"player_choice":"Entered Light","damage_taken":25,"max_hp_gain":0,"max_hp_loss":0,"event_name":"Shining Light","floor":2,"gold_loss":0,"cards_upgraded":["Strike_R","Defend_R"]},{"damage_healed":0,"gold_gain":0,"player_choice":"Lose Max HP","damage_taken":0,"relics_obtained":["Golden Idol"],"max_hp_gain":0,"max_hp_loss":8,"event_name":"Golden Idol","floor":4,"gold_loss":0},{"damage_healed":0,"gold_gain":0,"player_choice":"Grow","damage_taken":0,"max_hp_gain":0,"max_hp_loss":0,"event_name":"Living Wall","floor":8,"gold_loss":0,"cards_upgraded":["Whirlwind"]},{"damage_healed":0,"gold_gain":0,"player_choice":"Gave Idol","damage_taken":0,"relics_obtained":["Bloody Idol"],"max_hp_gain":0,"max_hp_loss":0,"event_name":"Forgotten Altar","floor":19,"relics_lost":["Golden Idol"],"gold_loss":0},{"damage_healed":0,"gold_gain":0,"player_choice":"Fought Bandits","damage_taken":0,"max_hp_gain":0,"max_hp_loss":0,"event_name":"Masked Bandits","floor":22,"gold_loss":0},{"damage_healed":0,"gold_gain":0,"player_choice":"Inject Mutagens","damage_taken":0,"relics_obtained":["MutagenicStrength"],"max_hp_gain":0,"max_hp_loss":0,"event_name":"Drug Dealer","floor":24,"gold_loss":0},{"cards_removed":["Defend_R"],"damage_healed":0,"gold_gain":0,"player_choice":"Purged","damage_taken":0,"max_hp_gain":0,"max_hp_loss":0,"event_name":"Purifier","floor":28,"gold_loss":0}],"is_beta":false,"boss_relics":[{"not_picked":["Calling Bell","Fusion Hammer"],"picked":"Runic Dome"}],"items_purged_floors":[31],"is_endless":false,"potions_floor_spawned":[7,10,12,14,16,21,25],"killed_by":"Automaton","ascension_level":18}