{"gold_per_floor":[363,380,455,475,101,101,101,101,124,159,159,179,2,14,14,88,88,108,121,121,121,140,174,174,206,229,229,245,255,267,282,282,356,356,366,366,366,35,35],"floor_reached":39,"playtime":2024,"items_purged":["Strike_G","Strike_G"],"score":842,"play_id":"0888ecd6-1aa7-4f96-8f5a-de656f69a7e8","local_time":"20190427055726","is_ascension_mode":true,"campfire_choices":[{"data":"Noxious Fumes","floor":6,"key":"SMITH"},{"data":"Bouncing Flask","floor":8,"key":"SMITH"},{"data":"Catalyst","floor":11,"key":"SMITH"},{"data":"Glass Knife","floor":15,"key":"SMITH"},{"floor":24,"key":"REST"},{"floor":27,"key":"REST"},{"floor":32,"key":"REST"}],"neow_cost":"TEN_PERCENT_HP_LOSS","seed_source_timestamp":387181574818167,"circlet_count":0,"master_deck":["AscendersBane","Defend_G","Defend_G","Defend_G","Defend_G","Defend_G","Survivor","Neutralize+1","Bouncing Flask+1","PiercingWail","Catalyst+1","Noxious Fumes+1","Dodge and Roll","Glass Knife+1","Well Laid Plans","Predator","Grand Finale+1","Glass Knife+1","Glass Knife+1","Deflect","Noxious Fumes","Decay","PiercingWail","Footwork+1","Dagger Spray+1","Crippling Poison+1","Burst","Bouncing Flask+1","Night Terror"],"relics":["Ring of the Snake","Membership Card","Strawberry","Blood Vial","Astrolabe","Nilry\u0027s Codex","Snake Skull","Regal Pillow","Boot","Busted Crown","Bronze Scales","Medical Kit","Mercury Hourglass"],"potions_floor_usage":[16,19,28,30,33,39],"damage_taken":[{"damage":1,"enemies":"Small Slimes","floor":1,"turns":4},{"damage":0,"enemies":"Cultist","floor":2,"turns":3},{"damage":5,"enemies":"2 Louse","floor":4,"turns":6},{"damage":6,"enemies":"Lagavulin","floor":10,"turns":6},{"damage":1,"enemies":"Blue Slaver","floor":12,"turns":4},{"damage":0,"enemies":"Lots of Slimes","floor":14,"turns":5},{"damage":8,"enemies":"The Guardian","floor":16,"turns":7},{"damage":0,"enemies":"3 Byrds","floor":18,"turns":4},{"damage":0,"enemies":"Spheric Guardian","floor":19,"turns":1},{"damage":17,"enemies":"3 Cultists","floor":22,"turns":4},{"damage":21,"enemies":"Book of Stabbing","floor":23,"turns":6},{"damage":10,"enemies":"Gremlin Leader","floor":25,"turns":6},{"damage":7,"enemies":"Centurion and Healer","floor":28,"turns":5},{"damage":13,"enemies":"Snake Plant","floor":29,"turns":6},{"damage":9,"enemies":"3 Cultists","floor":30,"turns":4},{"damage":18,"enemies":"Cultist and Chosen","floor":31,"turns":5},{"damage":26,"enemies":"Collector","floor":33,"turns":4},{"damage":5,"enemies":"3 Darklings","floor":35,"turns":4},{"damage":56,"enemies":"2 Orb Walkers","floor":39,"turns":3}],"seed_played":"959346119088567660","potions_obtained":[{"floor":2,"key":"AttackPotion"},{"floor":4,"key":"SpeedPotion"},{"floor":14,"key":"Fire Potion"},{"floor":18,"key":"SteroidPotion"},{"floor":25,"key":"Ancient Potion"},{"floor":30,"key":"EssenceOfSteel"},{"floor":33,"key":"EssenceOfSteel"}],"is_trial":false,"path_per_floor":["M","M","?","M","$","R","?","R","T","E","R","M","$","M","R","B",null,"M","M","?","?","M","E","R","E","T","R","M","M","M","M","R","B",null,"M","?","?","$","?"],"character_chosen":"THE_SILENT","items_purchased":["Membership Card","Catalyst","Noxious Fumes","Dodge and Roll","Well Laid Plans","Blood Vial","Bronze Scales","Medical Kit","Mercury Hourglass"],"campfire_rested":3,"item_purchase_floors":[5,5,5,5,13,13,38,38,38],"current_hp_per_floor":[58,58,47,42,42,42,42,42,42,43,43,42,42,44,44,38,60,62,64,43,43,28,9,29,21,21,56,51,40,33,17,52,28,57,54,54,54,54,0],"gold":35,"neow_bonus":"TWO_FIFTY_GOLD","is_prod":false,"is_daily":false,"chose_seed":false,"campfire_upgraded":4,"win_rate":0,"timestamp":1556359046,"path_taken":["M","M","?","M","$","R","?","R","T","E","R","M","$","?","R","BOSS","M","M","?","?","M","E","R","E","T","R","M","?","?","M","R","BOSS","M","?","?","$","?"],"build_version":"2019-01-23","purchased_purges":2,"victory":false,"max_hp_per_floor":[60,60,60,60,60,60,60,60,60,67,67,67,67,67,67,67,67,67,67,67,67,67,67,67,67,67,67,67,67,67,67,67,67,67,67,67,67,67,67],"card_choices":[{"not_picked":["Prepared","Infinite Blades"],"picked":"Bouncing Flask","floor":1},{"not_picked":["Deflect","Prepared"],"picked":"PiercingWail","floor":2},{"not_picked":["Dodge and Roll","Endless Agony"],"picked":"Dash","floor":4},{"not_picked":["All Out Attack","Riddle With Holes"],"picked":"Glass Knife","floor":10},{"not_picked":["Sucker Punch","Terror","Bouncing Flask"],"picked":"SKIP","floor":12},{"not_picked":["Well Laid Plans","Flying Knee","Predator"],"picked":"SKIP","floor":14},{"not_picked":["Well Laid Plans","Flying Knee"],"picked":"Predator","floor":14},{"not_picked":["Outmaneuver","Poisoned Stab"],"picked":"Deflect","floor":18},{"not_picked":["Choke","Underhanded Strike"],"picked":"Noxious Fumes","floor":19},{"not_picked":["Outmaneuver","Dagger Throw"],"picked":"PiercingWail","floor":22},{"not_picked":["Quick Slash","Deadly Poison","Setup+1"],"picked":"SKIP","floor":23},{"not_picked":["Dodge and Roll","Backflip+1"],"picked":"Footwork+1","floor":25},{"not_picked":["Quick Slash","Accuracy"],"picked":"Dagger Spray+1","floor":28},{"not_picked":["Infinite Blades+1","Dodge and Roll+1"],"picked":"Crippling Poison+1","floor":29},{"not_picked":["Blade Dance","Quick Slash"],"picked":"Burst","floor":30},{"not_picked":["Deflect","Cloak And Dagger"],"picked":"Bouncing Flask+1","floor":31},{"not_picked":["Storm of Steel","A Thousand Cuts"],"picked":"Night Terror","floor":33},{"not_picked":["Quick Slash+1"],"picked":"SKIP","floor":35}],"player_experience":1991557,"relics_obtained":[{"floor":10,"key":"Strawberry"},{"floor":20,"key":"Nilry\u0027s Codex"},{"floor":23,"key":"Snake Skull"},{"floor":25,"key":"Regal Pillow"},{"floor":26,"key":"Boot"}],"event_choices":[{"damage_healed":0,"gold_gain":75,"player_choice":"Gather Gold","damage_taken":11,"max_hp_gain":0,"max_hp_loss":0,"event_name":"World of Goop","floor":3,"gold_loss":0},{"damage_healed":0,"gold_gain":0,"player_choice":"Upgraded","damage_taken":0,"max_hp_gain":0,"max_hp_loss":0,"event_name":"Upgrade Shrine","floor":7,"gold_loss":0,"cards_upgraded":["Neutralize"]},{"damage_healed":0,"gold_gain":0,"player_choice":"Obtained Book","damage_taken":21,"max_hp_gain":0,"max_hp_loss":0,"event_name":"Cursed Tome","floor":20,"gold_loss":0},{"damage_healed":0,"gold_gain":0,"player_choice":"Cursed","damage_taken":0,"max_hp_gain":0,"max_hp_loss":0,"event_name":"Wheel of Change","floor":21,"gold_loss":0,"cards_obtained":["Decay"]},{"cards_removed":["Dash"],"damage_healed":0,"gold_gain":0,"player_choice":"Removed Attack","damage_taken":0,"max_hp_gain":0,"max_hp_loss":0,"event_name":"Falling","floor":36,"gold_loss":0},{"damage_healed":0,"gold_gain":0,"player_choice":"Memory 1","damage_taken":0,"max_hp_gain":0,"max_hp_loss":0,"event_name":"SensoryStone","floor":37,"gold_loss":0},{"damage_healed":0,"gold_gain":0,"player_choice":"Fight","damage_taken":0,"max_hp_gain":0,"max_hp_loss":0,"event_name":"Mysterious Sphere","floor":39,"gold_loss":0}],"is_beta":false,"boss_relics":[{"not_picked":["Ectoplasm","Snecko Eye"],"picked":"Astrolabe"},{"not_picked":["Empty Cage","Fusion Hammer"],"picked":"Busted Crown"}],"items_purged_floors":[5,13],"is_endless":false,"potions_floor_spawned":[2,4,10,14,18,25,30,33],"killed_by":"2 Orb Walkers","ascension_level":20}