{"gold_per_floor":[109,109,184,203,223,223,223,240,240,258,258,258,274,293,293,293],"floor_reached":16,"playtime":394,"items_purged":[],"score":188,"play_id":"f78b7b80-b189-448e-ba3b-b236579beaef","local_time":"20190304195207","is_ascension_mode":true,"campfire_choices":[{"data":"Undo","floor":6,"key":"SMITH"},{"floor":11,"key":"REST"},{"floor":15,"key":"REST"}],"neow_cost":"NONE","seed_source_timestamp":290090474287132,"circlet_count":0,"master_deck":["AscendersBane","Strike_B","Strike_B","Strike_B","Defend_B","Defend_B","Defend_B","Defend_B","Zap+1","Dualcast","Leap","Undo+1","Cold Snap","Consume","Sunder","Decay","White Noise","FTL"],"relics":["Cracked Core","Question Card"],"potions_floor_usage":[10,16],"damage_taken":[{"damage":9,"enemies":"Jaw Worm","floor":1,"turns":4},{"damage":5,"enemies":"Small Slimes","floor":4,"turns":4},{"damage":0,"enemies":"2 Louse","floor":5,"turns":3},{"damage":9,"enemies":"Large Slime","floor":8,"turns":8},{"damage":22,"enemies":"Gremlin Gang","floor":10,"turns":5},{"damage":0,"enemies":"Exordium Thugs","floor":13,"turns":4},{"damage":7,"enemies":"Exordium Wildlife","floor":14,"turns":7},{"damage":55,"enemies":"The Guardian","floor":16,"turns":8}],"seed_played":"5096167856996086824","potions_obtained":[{"floor":4,"key":"SteroidPotion"},{"floor":8,"key":"Fire Potion"},{"floor":10,"key":"EssenceOfSteel"}],"is_trial":false,"path_per_floor":["M","?","?","M","M","R","?","M","T","M","R","?","M","M","R","B"],"character_chosen":"DEFECT","items_purchased":[],"campfire_rested":2,"item_purchase_floors":[],"current_hp_per_floor":[55,55,44,39,39,39,32,23,23,1,22,22,22,15,36,0],"gold":293,"neow_bonus":"UPGRADE_CARD","is_prod":false,"is_daily":false,"chose_seed":false,"campfire_upgraded":1,"win_rate":0,"timestamp":1551754327,"path_taken":["M","?","?","M","M","R","?","M","T","M","R","?","?","M","R","BOSS"],"build_version":"2019-02-06","purchased_purges":0,"victory":false,"max_hp_per_floor":[71,71,71,71,71,71,71,71,71,71,71,71,71,71,71,71],"card_choices":[{"not_picked":["Stack","Steam"],"picked":"Leap","floor":1},{"not_picked":["Skim","Tempest"],"picked":"Undo","floor":4},{"not_picked":["Barrage","Steam"],"picked":"Cold Snap","floor":5},{"not_picked":["Steam Power","Compile Driver"],"picked":"Consume","floor":8},{"not_picked":["Storm","Cold Snap","Hello World"],"picked":"Sunder","floor":10},{"not_picked":["Melter","Redo","Barrage"],"picked":"White Noise","floor":13},{"not_picked":["Beam Cell","Redo","Compile Driver"],"picked":"FTL","floor":14}],"player_experience":1153288,"relics_obtained":[{"floor":9,"key":"Question Card"}],"event_choices":[{"damage_healed":0,"gold_gain":0,"player_choice":"Ignored","damage_taken":0,"max_hp_gain":0,"max_hp_loss":0,"event_name":"Liars Game","floor":2,"gold_loss":0},{"damage_healed":0,"gold_gain":75,"player_choice":"Gather Gold","damage_taken":11,"max_hp_gain":0,"max_hp_loss":0,"event_name":"World of Goop","floor":3,"gold_loss":0},{"cards_removed":["Strike_B"],"damage_healed":0,"gold_gain":0,"player_choice":"Card Removal","damage_taken":7,"max_hp_gain":0,"max_hp_loss":0,"event_name":"Golden Wing","floor":7,"gold_loss":0},{"damage_healed":0,"gold_gain":0,"player_choice":"Cursed","damage_taken":0,"max_hp_gain":0,"max_hp_loss":0,"event_name":"Wheel of Change","floor":12,"gold_loss":0,"cards_obtained":["Decay"]}],"is_beta":true,"boss_relics":[],"items_purged_floors":[],"is_endless":false,"potions_floor_spawned":[4,8,10],"killed_by":"The Guardian","ascension_level":20}