{"gold_per_floor":[12,24,24,24,40,40,65,65,119,119,137,150,150],"floor_reached":13,"playtime":759,"items_purged":[],"score":170,"play_id":"541745d3-be84-4f1a-a62d-d4470bbbf538","local_time":"20190319034157","is_ascension_mode":true,"campfire_choices":[{"data":"Dark Embrace","floor":6,"key":"SMITH"},{"data":"True Grit","floor":8,"key":"SMITH"},{"data":"Disarm","floor":10,"key":"SMITH"}],"neow_cost":"NO_GOLD","seed_source_timestamp":180229016739637,"circlet_count":0,"master_deck":["AscendersBane","Strike_R","Strike_R","Strike_R","Strike_R","Strike_R","Defend_R","Defend_R","Defend_R","Defend_R","Bash","Heavy Blade","Shockwave","Dark Embrace+1","True Grit+1","Disarm+1","Twin Strike","Barricade"],"relics":["Burning Blood","FossilizedHelix","Potion Belt","Bag of Preparation"],"potions_floor_usage":[12,13,13],"damage_taken":[{"damage":0,"enemies":"Cultist","floor":1,"turns":3},{"damage":0,"enemies":"Small Slimes","floor":2,"turns":4},{"damage":0,"enemies":"Jaw Worm","floor":5,"turns":4},{"damage":42,"enemies":"Gremlin Nob","floor":7,"turns":5},{"damage":24,"enemies":"Exordium Thugs","floor":11,"turns":8},{"damage":0,"enemies":"2 Fungi Beasts","floor":12,"turns":6},{"damage":37,"enemies":"Lagavulin","floor":13,"turns":13}],"seed_played":"7985824359864811966","potions_obtained":[{"floor":5,"key":"SpeedPotion"},{"floor":11,"key":"Regen Potion"},{"floor":12,"key":"Ancient Potion"}],"is_trial":false,"path_per_floor":["M","M","$","?","M","R","E","R","T","R","M","M","E"],"character_chosen":"IRONCLAD","items_purchased":[],"campfire_rested":0,"item_purchase_floors":[],"current_hp_per_floor":[74,75,75,75,75,75,39,39,39,39,21,42,5],"gold":150,"neow_bonus":"ONE_RARE_RELIC","is_prod":false,"is_daily":false,"chose_seed":false,"campfire_upgraded":3,"win_rate":0,"timestamp":1552981317,"path_taken":["M","M","?","?","M","R","E","R","T","R","?","M","E"],"build_version":"2019-01-23","purchased_purges":0,"victory":false,"max_hp_per_floor":[75,75,75,75,75,75,75,75,75,75,75,75,75],"card_choices":[{"not_picked":["Body Slam","Intimidate"],"picked":"Heavy Blade","floor":1},{"not_picked":["Metallicize","Iron Wave"],"picked":"Shockwave","floor":2},{"not_picked":["Anger","Twin Strike"],"picked":"True Grit","floor":5},{"not_picked":["Clash","Shrug It Off"],"picked":"Disarm","floor":7},{"not_picked":["Hemokinesis","Rage"],"picked":"Twin Strike","floor":11},{"not_picked":["Cleave","Clothesline"],"picked":"Barricade","floor":12}],"player_experience":1252055,"relics_obtained":[{"floor":7,"key":"Potion Belt"},{"floor":9,"key":"Bag of Preparation"}],"event_choices":[{"damage_healed":0,"gold_gain":0,"player_choice":"1 cards matched","damage_taken":0,"max_hp_gain":0,"max_hp_loss":0,"event_name":"Match and Keep!","floor":4,"gold_loss":0,"cards_obtained":["Dark Embrace"]}],"is_beta":false,"boss_relics":[],"items_purged_floors":[],"is_endless":false,"potions_floor_spawned":[5,11,12],"killed_by":"Lagavulin","ascension_level":20}