{"gold_per_floor":[116,116,116,116,128,161,161,161,161,194,194,221,64,64,64,135,135,149,149,167,180,195,195,45,76,131,141,141,169,169,169,169,242,242,253,303,320,93,105,105,117,117,141,169,169,186,217,217,217,217,217,217,217,4,4],"floor_reached":55,"playtime":3805,"items_purged":["Strike_B","Strike_B"],"score":2058,"play_id":"a19c687f-41ba-47b4-ba2f-8c6662207647","local_time":"20190508141449","is_ascension_mode":true,"campfire_choices":[{"floor":7,"key":"REST"},{"data":"Ball Lightning","floor":11,"key":"SMITH"},{"floor":15,"key":"REST"},{"data":"Defragment","floor":23,"key":"SMITH"},{"data":"Defragment","floor":28,"key":"SMITH"},{"data":"Ghostly","floor":30,"key":"SMITH"},{"data":"Defragment","floor":32,"key":"SMITH"},{"floor":40,"key":"REST"},{"data":"Coolheaded","floor":42,"key":"SMITH"},{"data":"Capacitor","floor":45,"key":"SMITH"},{"floor":49,"key":"RECALL"},{"floor":53,"key":"REST"}],"neow_cost":"PERCENT_DAMAGE","seed_source_timestamp":102174856531161,"circlet_count":0,"master_deck":["AscendersBane","Strike_B","Strike_B","Defend_B","Defend_B","Defend_B","Zap+1","Dualcast+1","Cold Snap","Rebound","Ball Lightning+1","Cold Snap","Machine Learning","Compile Driver","Ghostly","Ghostly+1","Ghostly+1","Defragment+1","Sweeping Beam+1","Defragment+1","Conserve Battery+1","Coolheaded+1","Static Discharge","Defragment+1","Amplify","Capacitor+1","Skim","Capacitor","Darkness"],"relics":["Cracked Core","Regal Pillow","Pear","Letter Opener","Anchor","Potion Belt","Centennial Puzzle","Velvet Choker","Strawberry","Omamori","War Paint","Cursed Key","Art of War","Vajra","Bronze Scales"],"potions_floor_usage":[12,21,29,33,50,50,50,50],"damage_taken":[{"damage":1,"enemies":"Cultist","floor":1,"turns":3},{"damage":0,"enemies":"2 Louse","floor":5,"turns":3},{"damage":25,"enemies":"3 Sentries","floor":6,"turns":8},{"damage":30,"enemies":"Gremlin Nob","floor":10,"turns":4},{"damage":23,"enemies":"Lagavulin","floor":12,"turns":6},{"damage":38,"enemies":"The Guardian","floor":16,"turns":14},{"damage":5,"enemies":"2 Thieves","floor":18,"turns":4},{"damage":0,"enemies":"Spheric Guardian","floor":20,"turns":4},{"damage":0,"enemies":"Snecko","floor":21,"turns":6},{"damage":17,"enemies":"Snake Plant","floor":22,"turns":4},{"damage":0,"enemies":"Gremlin Leader","floor":25,"turns":7},{"damage":5,"enemies":"Chosen and Byrds","floor":27,"turns":6},{"damage":1,"enemies":"Book of Stabbing","floor":29,"turns":5},{"damage":6,"enemies":"Automaton","floor":33,"turns":10},{"damage":4,"enemies":"3 Shapes","floor":35,"turns":5},{"damage":18,"enemies":"3 Darklings","floor":37,"turns":5},{"damage":0,"enemies":"Transient","floor":39,"turns":6},{"damage":3,"enemies":"Writhing Mass","floor":41,"turns":8},{"damage":14,"enemies":"Nemesis","floor":44,"turns":9},{"damage":15,"enemies":"Spire Growth","floor":46,"turns":4},{"damage":0,"enemies":"Giant Head","floor":47,"turns":11},{"damage":6,"enemies":"Awakened One","floor":50,"turns":15},{"damage":0,"enemies":"Donu and Deca","floor":51,"turns":13},{"damage":58,"enemies":"Shield and Spear","floor":55,"turns":5}],"seed_played":"3506285313623486730","potions_obtained":[{"floor":10,"key":"Explosive Potion"},{"floor":16,"key":"Energy Potion"},{"floor":22,"key":"PowerPotion"},{"floor":27,"key":"FocusPotion"},{"floor":33,"key":"Ancient Potion"},{"floor":37,"key":"FocusPotion"},{"floor":41,"key":"Weak Potion"},{"floor":47,"key":"Dexterity Potion"}],"is_trial":false,"path_per_floor":["M","T","?","?","M","E","R","?","T","E","R","E","$","?","R","B",null,"M","?","M","M","M","R","$","E","T","M","R","E","R","?","R","B",null,"M","?","M","$","M","R","M","R","T","E","R","M","E","?","R","B","B",null,"R","$","E"],"character_chosen":"DEFECT","items_purchased":["Centennial Puzzle","Defragment","Skim","SpeedPotion","Capacitor","Ancient Potion","Darkness"],"campfire_rested":4,"item_purchase_floors":[13,24,38,38,54,54,54],"current_hp_per_floor":[59,59,64,64,64,39,81,73,73,43,43,20,20,20,65,27,82,77,50,50,50,33,33,33,40,40,35,35,34,34,34,34,28,50,46,41,23,23,23,55,52,52,52,38,38,23,23,23,23,17,17,47,57,57,0],"gold":4,"neow_bonus":"TWENTY_PERCENT_HP_BONUS","is_prod":false,"is_daily":false,"chose_seed":false,"campfire_upgraded":7,"win_rate":0,"timestamp":1557350089,"path_taken":["M","?","?","?","?","E","R","?","T","E","R","E","?","?","R","BOSS","M","?","M","M","M","R","$","E","T","M","R","E","R","?","R","BOSS","M","?","?","$","M","R","M","R","T","E","R","M","E","?","R","BOSS","BOSS","R","$","E"],"build_version":"2019-05-07","purchased_purges":2,"victory":false,"max_hp_per_floor":[85,85,90,90,90,90,90,100,100,100,100,100,100,100,100,100,100,100,50,50,50,50,50,50,57,57,57,57,57,57,57,57,57,57,57,57,57,57,57,57,57,57,57,57,57,57,57,57,57,57,57,57,57,57,57],"card_choices":[{"not_picked":["Go for the Eyes","Aggregate"],"picked":"Cold Snap","floor":1},{"not_picked":["Blizzard","Scrape"],"picked":"Rebound","floor":5},{"not_picked":["White Noise","Self Repair"],"picked":"Ball Lightning","floor":6},{"not_picked":["Streamline","Steam","Fusion"],"picked":"SKIP","floor":10},{"not_picked":["Turbo","Barrage"],"picked":"Cold Snap","floor":12},{"not_picked":["Multi-Cast","Hyperbeam"],"picked":"Machine Learning","floor":16},{"not_picked":["Cold Snap","Storm"],"picked":"Compile Driver","floor":18},{"not_picked":["Gash","Hologram+1"],"picked":"Defragment","floor":20},{"not_picked":["Fusion+1","Barrage"],"picked":"Sweeping Beam+1","floor":21},{"not_picked":["Rebound","Redo","Beam Cell"],"picked":"SKIP","floor":22},{"not_picked":["Gash+1","Buffer"],"picked":"Conserve Battery+1","floor":25},{"not_picked":["Rebound","Beam Cell"],"picked":"Coolheaded","floor":27},{"not_picked":["FTL","Blizzard"],"picked":"Static Discharge","floor":29},{"not_picked":["Reboot","Fission"],"picked":"Amplify","floor":33},{"not_picked":["Steam","Leap","Consume"],"picked":"SKIP","floor":35},{"not_picked":["Streamline","Turbo+1"],"picked":"Capacitor","floor":37},{"not_picked":["Leap","Hologram","Streamline+1"],"picked":"SKIP","floor":39},{"not_picked":["Barrage","Force Field","Cold Snap"],"picked":"SKIP","floor":41},{"not_picked":["Chaos","Turbo","Storm+1"],"picked":"SKIP","floor":44},{"not_picked":["Redo","Turbo","Gash+1"],"picked":"SKIP","floor":46},{"not_picked":["Storm","Rebound+1","Scrape"],"picked":"SKIP","floor":47},{"not_picked":["Storm","Rebound+1","Scrape"],"picked":"SKIP","floor":47}],"player_experience":6266428,"relics_obtained":[{"floor":6,"key":"Regal Pillow"},{"floor":9,"key":"Letter Opener"},{"floor":10,"key":"Anchor"},{"floor":12,"key":"Potion Belt"},{"floor":25,"key":"Strawberry"},{"floor":26,"key":"Omamori"},{"floor":29,"key":"War Paint"},{"floor":43,"key":"Art of War"},{"floor":44,"key":"Vajra"},{"floor":47,"key":"Bronze Scales"}],"event_choices":[{"damage_healed":0,"gold_gain":0,"player_choice":"Donut","damage_taken":0,"max_hp_gain":5,"max_hp_loss":0,"event_name":"Big Fish","floor":3,"gold_loss":0},{"damage_healed":0,"gold_gain":0,"player_choice":"Upgraded","damage_taken":0,"max_hp_gain":0,"max_hp_loss":0,"event_name":"Upgrade Shrine","floor":4,"gold_loss":0,"cards_upgraded":["Zap"]},{"damage_healed":0,"gold_gain":0,"player_choice":"Success","damage_taken":18,"relics_obtained":["Pear"],"max_hp_gain":0,"max_hp_loss":0,"event_name":"Scrap Ooze","floor":8,"gold_loss":0},{"damage_healed":0,"gold_gain":0,"player_choice":"Ignored","damage_taken":0,"max_hp_gain":0,"max_hp_loss":0,"event_name":"Liars Game","floor":14,"gold_loss":0},{"damage_healed":0,"gold_gain":0,"player_choice":"Became a Ghost","damage_taken":0,"max_hp_gain":0,"max_hp_loss":50,"event_name":"Ghosts","floor":19,"gold_loss":0,"cards_obtained":["Ghostly","Ghostly","Ghostly"]},{"damage_healed":0,"gold_gain":0,"player_choice":"Read","damage_taken":0,"max_hp_gain":0,"max_hp_loss":0,"event_name":"The Library","floor":31,"gold_loss":0,"cards_obtained":["Defragment"]},{"damage_healed":0,"gold_gain":50,"player_choice":"Touch","damage_taken":5,"max_hp_gain":0,"max_hp_loss":0,"event_name":"FaceTrader","floor":36,"gold_loss":0},{"cards_removed":["Defend_B"],"damage_healed":0,"gold_gain":0,"player_choice":"Removed Skill","damage_taken":0,"max_hp_gain":0,"max_hp_loss":0,"event_name":"Falling","floor":48,"gold_loss":0}],"is_beta":true,"boss_relics":[{"not_picked":["FrozenCore","Ectoplasm"],"picked":"Velvet Choker"},{"not_picked":["White Beast Statue","Runic Dome"],"picked":"Cursed Key"}],"items_purged_floors":[24,38],"is_endless":false,"potions_floor_spawned":[10,16,22,27,33,37,41,44,47],"killed_by":"Shield and Spear","ascension_level":20}