{"gold_per_floor":[115,32,32,43,57,57,84,84,84,94,19,37,37,98,98,169,169,183,183,183,203,218,218,218],"floor_reached":24,"playtime":1015,"items_purged":["Strike_B"],"score":462,"play_id":"ade6d494-31ab-4eff-836b-62abb27e537a","local_time":"20190508091915","is_ascension_mode":true,"campfire_choices":[{"data":"Sunder","floor":6.0,"key":"SMITH"},{"data":"Go for the Eyes","floor":8.0,"key":"SMITH"},{"data":"Hologram","floor":13.0,"key":"SMITH"},{"data":"Coolheaded","floor":15.0,"key":"SMITH"},{"floor":23,"key":"REST"}],"neow_cost":"NONE","seed_source_timestamp":1350748004464233,"circlet_count":0,"master_deck":["AscendersBane","Strike_B","Strike_B","Strike_B","Defend_B","Defend_B","Defend_B","Defend_B","Zap+1","Dualcast","Sunder+1","Ball Lightning","Hologram+1","Creative AI","Go for the Eyes+1","Sweeping Beam","Steam","Coolheaded+1","Amplify","Static Discharge","Ghostly","Ghostly","Ghostly","Heatsinks","Undo","Compile Driver+1"],"special_seed":0,"relics":["Cracked Core","Mango","Ice Cream","Tiny Chest","Sozu"],"potions_floor_usage":[22],"damage_taken":[{"damage":11.0,"enemies":"Small Slimes","floor":1.0,"turns":3.0},{"damage":0.0,"enemies":"2 Louse","floor":4.0,"turns":1.0},{"damage":1.0,"enemies":"Cultist","floor":5.0,"turns":3.0},{"damage":27.0,"enemies":"Lagavulin","floor":7.0,"turns":6.0},{"damage":9.0,"enemies":"2 Fungi Beasts","floor":10.0,"turns":2.0},{"damage":12.0,"enemies":"Red Slaver","floor":12.0,"turns":5.0},{"damage":0.0,"enemies":"Gremlin Nob","floor":14.0,"turns":2.0},{"damage":14.0,"enemies":"Hexaghost","floor":16.0,"turns":9.0},{"damage":13,"enemies":"3 Byrds","floor":18,"turns":5},{"damage":17,"enemies":"Shell Parasite","floor":21,"turns":7},{"damage":21,"enemies":"Centurion and Healer","floor":22,"turns":9},{"damage":22,"enemies":"Book of Stabbing","floor":24,"turns":5}],"seed_played":"6171400336569949955","potions_obtained":[{"floor":5.0,"key":"SneckoOil"},{"floor":12.0,"key":"PowerPotion"},{"floor":14.0,"key":"Dexterity Potion"},{"floor":16.0,"key":"SpeedPotion"}],"is_trial":false,"path_per_floor":["M","$","?","M","M","R","E","R","T","M","$","M","R","E","R","B",null,"M","?","?","M","M","R","E"],"character_chosen":"DEFECT","items_purchased":["Ball Lightning","Hologram"],"campfire_rested":1,"item_purchase_floors":[2,2],"current_hp_per_floor":[53,53,53,53,52,52,39,39,39,30,30,18,18,18,18,4,65,52,42,42,25,4,16,0],"gold":218,"neow_bonus":"UPGRADE_CARD","is_prod":false,"is_daily":false,"chose_seed":false,"campfire_upgraded":4,"win_rate":0,"timestamp":1557321555,"path_taken":["M","$","?","M","M","R","E","R","T","M","$","M","R","E","R","BOSS","M","?","?","M","?","R","E"],"build_version":"2019-01-23","purchased_purges":1,"victory":false,"max_hp_per_floor":[71,71,71,71,71,71,85,85,85,85,85,85,85,85,85,85,85,85,42,42,42,42,42,42],"card_choices":[{"not_picked":["Compile Driver","Go for the Eyes"],"picked":"Sunder","floor":1.0},{"not_picked":["Sunder","Stack","Recycle"],"picked":"SKIP","floor":4.0},{"not_picked":["Streamline","Hello World"],"picked":"Creative AI","floor":5.0},{"not_picked":["Double Energy","Rebound"],"picked":"Go for the Eyes","floor":7.0},{"not_picked":["Hologram","Beam Cell"],"picked":"Sweeping Beam","floor":10.0},{"not_picked":["Leap","Aggregate"],"picked":"Steam","floor":12.0},{"not_picked":["Chaos","Beam Cell"],"picked":"Coolheaded","floor":14.0},{"not_picked":["Multi-Cast","Fission"],"picked":"Amplify","floor":16.0},{"not_picked":["Hologram","Ball Lightning"],"picked":"Static Discharge","floor":18},{"not_picked":["Gash","Double Energy"],"picked":"Undo","floor":21},{"not_picked":["Stack","Chaos"],"picked":"Compile Driver+1","floor":22}],"player_experience":2464118,"relics_obtained":[{"floor":7.0,"key":"Mango"},{"floor":9.0,"key":"Ice Cream"},{"floor":14.0,"key":"Tiny Chest"}],"event_choices":[{"damage_healed":0.0,"max_hp_gain":0.0,"max_hp_loss":0.0,"gold_gain":0.0,"event_name":"Liars Game","player_choice":"Ignored","floor":3.0,"gold_loss":0.0,"damage_taken":0.0},{"damage_healed":0,"gold_gain":0,"player_choice":"Became a Ghost","damage_taken":0,"max_hp_gain":0,"max_hp_loss":43,"event_name":"Ghosts","floor":19,"gold_loss":0,"cards_obtained":["Ghostly","Ghostly","Ghostly"]},{"damage_healed":0,"gold_gain":0,"player_choice":"1 cards matched","damage_taken":0,"max_hp_gain":0,"max_hp_loss":0,"event_name":"Match and Keep!","floor":20,"gold_loss":0,"cards_obtained":["Heatsinks"]}],"is_beta":false,"boss_relics":[{"not_picked":["Ectoplasm","Tiny House"],"picked":"Sozu"}],"items_purged_floors":[11],"is_endless":false,"potions_floor_spawned":[5,12,14,16,21],"killed_by":"Book of Stabbing","ascension_level":20}