{"gold_per_floor":[110,126,126,143,155,155,187,203,226,226,13,13,43,118,118,192,192,203,31,31,31],"floor_reached":21,"playtime":791,"items_purged":[],"score":374,"play_id":"8a670970-f1bc-491b-abc4-f65eb66997b0","local_time":"20190319014921","is_ascension_mode":true,"campfire_choices":[{"data":"True Grit","floor":6,"key":"SMITH"},{"data":"Carnage","floor":10,"key":"SMITH"},{"floor":12,"key":"REST"},{"data":"Demon Form","floor":15,"key":"SMITH"}],"neow_cost":"NONE","seed_source_timestamp":173440589181010,"circlet_count":0,"master_deck":["AscendersBane","Strike_R","Strike_R","Strike_R","Strike_R","Strike_R","Defend_R","Defend_R","Defend_R","Defend_R","Bash","Carnage+1","Shrug It Off","True Grit+1","Pommel Strike","Demon Form+1","Ghostly Armor","Demon Form","Feed","Heavy Blade","Decay"],"relics":["Black Blood","Charon\u0027s Ashes","Dream Catcher","ClockworkSouvenir","Regal Pillow","PreservedInsect"],"potions_floor_usage":[7,13,18,21],"damage_taken":[{"damage":10,"enemies":"2 Louse","floor":1,"turns":3},{"damage":5,"enemies":"Small Slimes","floor":2,"turns":3},{"damage":9,"enemies":"Jaw Worm","floor":4,"turns":4},{"damage":10,"enemies":"Exordium Wildlife","floor":5,"turns":6},{"damage":32,"enemies":"Gremlin Nob","floor":7,"turns":4},{"damage":5,"enemies":"Blue Slaver","floor":8,"turns":3},{"damage":1,"enemies":"Lagavulin","floor":13,"turns":7},{"damage":51,"enemies":"Hexaghost","floor":16,"turns":9},{"damage":40,"enemies":"Shell Parasite","floor":18,"turns":7},{"damage":49,"enemies":"3 Byrds","floor":21,"turns":5}],"seed_played":"5883132217878762233","potions_obtained":[{"floor":1,"key":"AttackPotion"},{"floor":8,"key":"EssenceOfSteel"},{"floor":13,"key":"Explosive Potion"},{"floor":16,"key":"Strength Potion"}],"is_trial":false,"path_per_floor":["M","M","?","M","M","R","E","M","T","R","$","R","E","?","R","B",null,"M","$","?","M"],"character_chosen":"IRONCLAD","items_purchased":["ClockworkSouvenir","PreservedInsect"],"campfire_rested":1,"item_purchase_floors":[11,19],"current_hp_per_floor":[71,72,77,74,70,70,44,45,45,45,45,71,76,65,65,20,70,43,43,43,0],"gold":31,"neow_bonus":"TEN_PERCENT_HP_BONUS","is_prod":false,"is_daily":false,"chose_seed":false,"campfire_upgraded":3,"win_rate":0,"timestamp":1552974561,"path_taken":["M","M","?","M","M","R","E","M","T","R","$","R","E","?","R","BOSS","M","$","?","M"],"build_version":"2019-01-23","purchased_purges":0,"victory":false,"max_hp_per_floor":[82,82,87,87,87,87,87,87,87,87,87,87,87,87,87,87,87,90,90,90,90],"card_choices":[{"not_picked":["Sever Soul","Iron Wave"],"picked":"Carnage","floor":1},{"not_picked":["Pommel Strike","Clash"],"picked":"Shrug It Off","floor":2},{"not_picked":["Fire Breathing","Warcry","Searing Blow"],"picked":"SKIP","floor":4},{"not_picked":["Corruption","Body Slam"],"picked":"True Grit","floor":5},{"not_picked":["Headbutt","Seeing Red"],"picked":"Pommel Strike","floor":7},{"not_picked":["Clash","Anger"],"picked":"Demon Form","floor":8},{"not_picked":["Pommel Strike","Searing Blow"],"picked":"Ghostly Armor","floor":12},{"not_picked":["Twin Strike","Thunderclap"],"picked":"Demon Form","floor":13},{"not_picked":["Exhume","Berserk"],"picked":"Feed","floor":16},{"not_picked":["Twin Strike","Iron Wave+1"],"picked":"Heavy Blade","floor":18}],"player_experience":1246705,"relics_obtained":[{"floor":7,"key":"Charon\u0027s Ashes"},{"floor":9,"key":"Dream Catcher"},{"floor":13,"key":"Regal Pillow"}],"event_choices":[{"damage_healed":0,"gold_gain":0,"player_choice":"Donut","damage_taken":0,"max_hp_gain":5,"max_hp_loss":0,"event_name":"Big Fish","floor":3,"gold_loss":0},{"damage_healed":0,"gold_gain":75,"player_choice":"Gather Gold","damage_taken":11,"max_hp_gain":0,"max_hp_loss":0,"event_name":"World of Goop","floor":14,"gold_loss":0},{"damage_healed":0,"gold_gain":0,"player_choice":"Smashed Altar","damage_taken":0,"max_hp_gain":0,"max_hp_loss":0,"event_name":"Forgotten Altar","floor":20,"gold_loss":0,"cards_obtained":["Decay"]}],"is_beta":false,"boss_relics":[{"not_picked":["Calling Bell","Philosopher\u0027s Stone"],"picked":"Black Blood"}],"items_purged_floors":[],"is_endless":false,"potions_floor_spawned":[1,8,13,16],"killed_by":"3 Byrds","ascension_level":20}