{"gold_per_floor":[212,177,49,49,64,99,99,124,206,206,206,225,250,339,339,339],"floor_reached":16,"playtime":541,"items_purged":[],"score":232,"play_id":"43dff0a1-2f9f-4743-aeda-737d1c9cfa54","local_time":"20190407152547","is_ascension_mode":true,"campfire_choices":[{"data":"Immolate","floor":7,"key":"SMITH"},{"data":"Hemokinesis","floor":11,"key":"SMITH"},{"data":"Bash","floor":15,"key":"SMITH"}],"neow_cost":"NONE","seed_source_timestamp":537157282783569,"circlet_count":0,"master_deck":["AscendersBane","Strike_R","Strike_R","Strike_R","Strike_R","Strike_R","Defend_R","Defend_R","Defend_R","Defend_R","Bash+1","Pommel Strike","Feel No Pain","Hemokinesis+1","Immolate+1","True Grit+1","Evolve","Dark Embrace"],"relics":["Burning Blood","Strawberry","Orichalcum","Question Card","Ice Cream","Tiny Chest"],"potions_floor_usage":[6,13,16],"damage_taken":[{"damage":7,"enemies":"Small Slimes","floor":1,"turns":4},{"damage":7,"enemies":"Jaw Worm","floor":5,"turns":2},{"damage":46,"enemies":"Lagavulin","floor":6,"turns":5},{"damage":15,"enemies":"3 Sentries","floor":8,"turns":5},{"damage":2,"enemies":"Cultist","floor":12,"turns":2},{"damage":20,"enemies":"Gremlin Nob","floor":13,"turns":4},{"damage":5,"enemies":"3 Sentries","floor":14,"turns":5},{"damage":23,"enemies":"Hexaghost","floor":16,"turns":8}],"seed_played":"9007482769772092920","potions_obtained":[{"floor":1,"key":"Swift Potion"},{"floor":8,"key":"SpeedPotion"},{"floor":12,"key":"Poison Potion"},{"floor":14,"key":"Weak Potion"}],"is_trial":false,"path_per_floor":["M","?","$","?","M","E","R","E","T","?","R","M","E","?","R","B"],"character_chosen":"IRONCLAD","items_purchased":["Feel No Pain","Hemokinesis"],"campfire_rested":0,"item_purchase_floors":[3,3],"current_hp_per_floor":[67,75,75,75,74,41,41,32,32,32,32,36,22,23,23,0],"gold":339,"neow_bonus":"HUNDRED_GOLD","is_prod":false,"is_daily":false,"chose_seed":false,"campfire_upgraded":3,"win_rate":0,"timestamp":1554665147,"path_taken":["M","?","$","?","?","E","R","E","T","?","R","M","E","?","R","BOSS"],"build_version":"2019-01-23","purchased_purges":0,"victory":false,"max_hp_per_floor":[75,75,75,75,75,82,82,82,82,82,82,82,82,82,82,82],"card_choices":[{"not_picked":["Infernal Blade","Wild Strike"],"picked":"Pommel Strike","floor":1},{"not_picked":["Heavy Blade","Flex","Rampage"],"picked":"SKIP","floor":5},{"not_picked":["Havoc","Wild Strike"],"picked":"True Grit","floor":6},{"not_picked":["Dual Wield","Heavy Blade"],"picked":"Evolve","floor":8},{"not_picked":["Shockwave","Bloodletting","Heavy Blade"],"picked":"Dark Embrace","floor":12},{"not_picked":["Rampage","Twin Strike","Rupture","Perfected Strike"],"picked":"SKIP","floor":13}],"player_experience":1703485,"relics_obtained":[{"floor":6,"key":"Strawberry"},{"floor":8,"key":"Orichalcum"},{"floor":9,"key":"Question Card"},{"floor":13,"key":"Ice Cream"},{"floor":14,"key":"Tiny Chest"}],"event_choices":[{"damage_healed":18,"gold_gain":0,"player_choice":"Healed","damage_taken":0,"max_hp_gain":0,"max_hp_loss":0,"event_name":"The Cleric","floor":2,"gold_loss":35},{"damage_healed":0,"gold_gain":0,"player_choice":"1 cards matched","damage_taken":0,"max_hp_gain":0,"max_hp_loss":0,"event_name":"Match and Keep!","floor":4,"gold_loss":0,"cards_obtained":["Immolate"]},{"damage_healed":0,"gold_gain":0,"player_choice":"Grow","damage_taken":0,"max_hp_gain":0,"max_hp_loss":0,"event_name":"Living Wall","floor":10,"gold_loss":0,"cards_upgraded":["True Grit"]},{"damage_healed":0,"gold_gain":0,"player_choice":"Searched \u00271\u0027 times","damage_taken":0,"max_hp_gain":0,"max_hp_loss":0,"event_name":"Dead Adventurer","floor":14,"gold_loss":0}],"is_beta":false,"boss_relics":[],"items_purged_floors":[],"is_endless":false,"potions_floor_spawned":[1,8,12,14],"killed_by":"Hexaghost","ascension_level":20}