{"gold_per_floor":[109,124,134,144,155,184,184,213,213,19,19,19,19,30,30,105,105,5,5,5,5,5,5,5,5,5,5,5,5,5,5,5,5,5,5,5,5,5,5,5,5,5,5,5,5,5,5,5,5,5,5,5,5,5],"floor_reached":54,"playtime":3900,"items_purged":["Strike_G"],"score":1303,"play_id":"2f6994f1-e038-4aab-ac5c-5877d6c357d2","local_time":"20190322000808","is_ascension_mode":true,"campfire_choices":[{"floor":7,"key":"REST"},{"data":"Adrenaline","floor":11,"key":"SMITH"},{"floor":13,"key":"REST"},{"data":"Noxious Fumes","floor":15,"key":"SMITH"},{"floor":23,"key":"REST"},{"data":"Caltrops","floor":28,"key":"SMITH"},{"data":"A Thousand Cuts","floor":29,"key":"SMITH"},{"data":"Well Laid Plans","floor":30,"key":"SMITH"},{"floor":32,"key":"REST"},{"data":"Apotheosis","floor":40,"key":"SMITH"},{"data":"After Image","floor":42,"key":"SMITH"},{"data":"Bouncing Flask","floor":44,"key":"SMITH"},{"data":"Blur","floor":47,"key":"SMITH"},{"floor":49,"key":"RECALL"},{"floor":52,"key":"REST"}],"neow_cost":"NONE","seed_source_timestamp":423468145307283,"circlet_count":0,"master_deck":["AscendersBane","Defend_G+1","Defend_G+1","Defend_G+1","Defend_G+1","Defend_G+1","Strike_G+1","Strike_G+1","Strike_G+1","Strike_G+1","Survivor+1","Neutralize+1","Backflip+1","Escape Plan+1","PiercingWail+1","Corpse Explosion+1","Dodge and Roll+1","Well Laid Plans+1","Adrenaline+1","Noxious Fumes+1","PiercingWail+1","Neutralize+1","A Thousand Cuts+1","Distraction+1","Doppelganger+1","Backflip+1","Acrobatics+1","Caltrops+1","Decay","After Image+1","Dodge and Roll+1","Apotheosis+1","Writhe","Reflex+1","Bouncing Flask+1","Blur+1","Poisoned Stab+1"],"relics":["Ring of the Snake","Potion Belt","Pear","Du-Vu Doll","Ectoplasm","Nilry\u0027s Codex","Pocketwatch","WingedGreaves","Blue Candle","Vajra","Eternal Feather","Pen Nib","Mark of the Bloom","Shuriken"],"potions_floor_usage":[6,8,25,25,33,39,41,48,50],"damage_taken":[{"damage":12,"enemies":"Cultist","floor":1,"turns":5},{"damage":8,"enemies":"Small Slimes","floor":2,"turns":6},{"damage":19,"enemies":"Jaw Worm","floor":3,"turns":8},{"damage":3,"enemies":"2 Fungi Beasts","floor":4,"turns":5},{"damage":0,"enemies":"3 Louse","floor":5,"turns":3},{"damage":16,"enemies":"3 Sentries","floor":6,"turns":6},{"damage":32,"enemies":"Gremlin Nob","floor":8,"turns":5},{"damage":0,"enemies":"Blue Slaver","floor":14,"turns":4},{"damage":1,"enemies":"Hexaghost","floor":16,"turns":10},{"damage":7,"enemies":"2 Thieves","floor":18,"turns":5},{"damage":9,"enemies":"Spheric Guardian","floor":19,"turns":4},{"damage":5,"enemies":"Centurion and Healer","floor":21,"turns":5},{"damage":27,"enemies":"Book of Stabbing","floor":24,"turns":6},{"damage":15,"enemies":"Colosseum Slavers","floor":25,"turns":5},{"damage":45,"enemies":"Colosseum Nobs","floor":25,"turns":4},{"damage":3,"enemies":"Snecko","floor":27,"turns":6},{"damage":20,"enemies":"Automaton","floor":33,"turns":10},{"damage":0,"enemies":"3 Shapes","floor":35,"turns":5},{"damage":19,"enemies":"3 Darklings","floor":39,"turns":4},{"damage":1,"enemies":"4 Shapes","floor":41,"turns":6},{"damage":2,"enemies":"Sphere and 2 Shapes","floor":46,"turns":5},{"damage":3,"enemies":"Nemesis","floor":48,"turns":9},{"damage":32,"enemies":"Donu and Deca","floor":50,"turns":8},{"damage":46,"enemies":"Shield and Spear","floor":54,"turns":3}],"seed_played":"1418104828726994073","potions_obtained":[{"floor":4,"key":"FairyPotion"},{"floor":5,"key":"Poison Potion"},{"floor":6,"key":"AttackPotion"},{"floor":8,"key":"SteroidPotion"},{"floor":16,"key":"Weak Potion"},{"floor":24,"key":"SpeedPotion"},{"floor":25,"key":"Weak Potion"},{"floor":27,"key":"Swift Potion"},{"floor":39,"key":"Explosive Potion"},{"floor":41,"key":"Block Potion"}],"is_trial":false,"path_per_floor":["M","M","M","M","M","E","R","E","T","$","R","?","R","M","R","B",null,"M","M","?","M","$","R","E","?","T","M","R","R","R","?","R","B",null,"M","?","?","$","M","R","M","R","T","R","?","M","R","E","R","B",null,"R","$","E"],"character_chosen":"THE_SILENT","items_purchased":["Noxious Fumes","PiercingWail"],"campfire_rested":5,"item_purchase_floors":[10,10],"current_hp_per_floor":[47,39,20,17,17,11,33,1,1,1,1,1,23,23,23,22,63,56,47,26,21,21,43,16,7,7,4,4,4,4,4,26,6,59,59,59,74,74,55,73,72,76,76,76,76,74,74,71,71,39,39,39,39,0],"gold":5,"neow_bonus":"RANDOM_COMMON_RELIC","is_prod":false,"is_daily":false,"chose_seed":false,"campfire_upgraded":9,"win_rate":0,"timestamp":1553227688,"path_taken":["M","M","M","M","M","E","R","E","T","$","R","?","R","M","R","BOSS","M","M","?","M","$","R","E","?","T","?","R","R","R","?","R","BOSS","M","?","?","$","M","R","M","R","T","R","?","M","R","E","R","BOSS","R","$","E"],"build_version":"2019-01-23","purchased_purges":1,"victory":false,"max_hp_per_floor":[66,66,66,66,66,76,76,76,76,76,76,76,76,76,76,76,76,76,76,76,76,76,76,76,76,76,76,76,76,76,76,76,76,76,76,76,76,76,76,76,76,76,76,76,76,76,76,76,76,76,76,76,76,76],"card_choices":[{"not_picked":["Deadly Poison","Flying Knee"],"picked":"Backflip","floor":1},{"not_picked":["Calculated Gamble","Choke"],"picked":"Escape Plan","floor":2},{"not_picked":["Dagger Throw","Escape Plan"],"picked":"PiercingWail","floor":3},{"not_picked":["Underhanded Strike","Terror"],"picked":"Corpse Explosion","floor":4},{"not_picked":["Sucker Punch","Choke"],"picked":"Dodge and Roll","floor":5},{"not_picked":["Riddle With Holes","Tactician"],"picked":"Well Laid Plans","floor":6},{"not_picked":["Underhanded Strike","Outmaneuver"],"picked":"Adrenaline","floor":8},{"not_picked":["Dagger Spray","Flying Knee","Slice"],"picked":"SKIP","floor":14},{"not_picked":["Tools of the Trade","Night Terror"],"picked":"A Thousand Cuts","floor":16},{"not_picked":["Poisoned Stab","Sucker Punch"],"picked":"Distraction+1","floor":18},{"not_picked":["Acrobatics","Outmaneuver"],"picked":"Doppelganger","floor":19},{"not_picked":["Sucker Punch+1","Setup"],"picked":"Backflip","floor":21},{"not_picked":["Endless Agony","Bane"],"picked":"Acrobatics","floor":24},{"not_picked":["Deflect+1","Quick Slash"],"picked":"Caltrops","floor":27},{"not_picked":["Wraith Form v2","Unload"],"picked":"After Image","floor":33},{"not_picked":["Deflect+1","Sucker Punch"],"picked":"Dodge and Roll+1","floor":35},{"not_picked":["Mayhem","PanicButton"],"picked":"Apotheosis","floor":36},{"not_picked":["Outmaneuver","Sucker Punch"],"picked":"Reflex+1","floor":39},{"not_picked":["Backflip","Slice"],"picked":"Bouncing Flask","floor":41},{"not_picked":["Sucker Punch+1","Underhanded Strike+1"],"picked":"Blur","floor":46},{"not_picked":["Storm of Steel","Outmaneuver"],"picked":"Poisoned Stab+1","floor":48}],"player_experience":1320289,"relics_obtained":[{"floor":6,"key":"Pear"},{"floor":8,"key":"Du-Vu Doll"},{"floor":20,"key":"Nilry\u0027s Codex"},{"floor":24,"key":"Pocketwatch"},{"floor":25,"key":"WingedGreaves"},{"floor":25,"key":"Blue Candle"},{"floor":26,"key":"Vajra"},{"floor":43,"key":"Pen Nib"},{"floor":48,"key":"Shuriken"}],"event_choices":[{"damage_healed":0,"gold_gain":0,"player_choice":"1 cards matched","damage_taken":0,"max_hp_gain":0,"max_hp_loss":0,"event_name":"Match and Keep!","floor":12,"gold_loss":0,"cards_obtained":["Neutralize"]},{"damage_healed":0,"gold_gain":0,"player_choice":"Obtained Book","damage_taken":21,"max_hp_gain":0,"max_hp_loss":0,"event_name":"Cursed Tome","floor":20,"gold_loss":0},{"damage_healed":0,"gold_gain":0,"player_choice":"Fight","damage_taken":0,"max_hp_gain":0,"max_hp_loss":0,"event_name":"Colosseum","floor":25,"gold_loss":0},{"damage_healed":0,"gold_gain":0,"player_choice":"Fought Nobs","damage_taken":0,"max_hp_gain":0,"max_hp_loss":0,"event_name":"Colosseum","floor":25,"gold_loss":0},{"damage_healed":0,"gold_gain":0,"player_choice":"Smashed Altar","damage_taken":0,"max_hp_gain":0,"max_hp_loss":0,"event_name":"Forgotten Altar","floor":31,"gold_loss":0,"cards_obtained":["Decay"]},{"damage_healed":0,"gold_gain":0,"player_choice":"Memory 1","damage_taken":0,"max_hp_gain":0,"max_hp_loss":0,"event_name":"SensoryStone","floor":36,"gold_loss":0},{"damage_healed":15,"gold_gain":0,"player_choice":"Writhe","damage_taken":0,"max_hp_gain":0,"max_hp_loss":0,"event_name":"Winding Halls","floor":37,"gold_loss":0,"cards_obtained":["Writhe"]},{"damage_healed":0,"gold_gain":0,"player_choice":"Upgrade","damage_taken":0,"relics_obtained":["Mark of the Bloom"],"max_hp_gain":0,"max_hp_loss":0,"event_name":"MindBloom","floor":45,"gold_loss":0,"cards_upgraded":["Defend_G","Defend_G","Defend_G","Defend_G","Defend_G","Strike_G","Strike_G","Strike_G","Strike_G","Survivor","Neutralize","Backflip","Escape Plan","PiercingWail","Corpse Explosion","Dodge and Roll","PiercingWail","Neutralize","Doppelganger","Backflip","Acrobatics"]}],"is_beta":false,"boss_relics":[{"not_picked":["Velvet Choker","Busted Crown"],"picked":"Ectoplasm"},{"not_picked":["Snecko Eye","Sozu"],"picked":"Eternal Feather"}],"items_purged_floors":[10],"is_endless":false,"potions_floor_spawned":[4,5,6,8,16,24,25,25,27,39,41],"killed_by":"Shield and Spear","ascension_level":17}