{"gold_per_floor":[110,35,35,35,35,65,65,65,65,81,81,124,124,148,148,241,241,259,283,333,352,352],"floor_reached":22,"playtime":1907,"items_purged":[],"score":434,"play_id":"0a11112c-eecd-429b-9a88-f5d2fe1d756a","local_time":"20190503231646","is_ascension_mode":true,"campfire_choices":[{"data":"Poisoned Stab","floor":8.0,"key":"SMITH"},{"data":"Deadly Poison","floor":11.0,"key":"SMITH"},{"data":"Envenom","floor":13.0,"key":"SMITH"},{"data":"Poisoned Stab","floor":15.0,"key":"SMITH"}],"neow_cost":"NONE","seed_source_timestamp":967680196488800,"circlet_count":0,"master_deck":["AscendersBane","Defend_G","Defend_G","Defend_G","Defend_G","Defend_G","Strike_G","Strike_G","Strike_G","Strike_G","Survivor","Neutralize+1","Deadly Poison+1","Poisoned Stab+1","Calculated Gamble","Envenom+1","Poisoned Stab+1","Die Die Die","Dash","Calculated Gamble+1","Caltrops+1"],"special_seed":0,"relics":["Ring of the Serpent","NeowsBlessing","Happy Flower","Golden Idol","Paper Crane","Bird Faced Urn"],"potions_floor_usage":[],"damage_taken":[{"damage":0.0,"enemies":"Small Slimes","floor":1.0,"turns":1.0},{"damage":0.0,"enemies":"Gremlin Nob","floor":6.0,"turns":1.0},{"damage":0.0,"enemies":"Cultist","floor":10.0,"turns":1.0},{"damage":42.0,"enemies":"3 Sentries","floor":12.0,"turns":8.0},{"damage":0.0,"enemies":"2 Louse","floor":14.0,"turns":2.0},{"damage":19.0,"enemies":"Slime Boss","floor":16.0,"turns":11.0},{"damage":9.0,"enemies":"Shell Parasite","floor":18.0,"turns":5.0},{"damage":24,"enemies":"Spheric Guardian","floor":19,"turns":5},{"damage":5,"enemies":"Centurion and Healer","floor":21,"turns":6},{"damage":22,"enemies":"Snecko","floor":22,"turns":4}],"seed_played":"-8671518890959387682","potions_obtained":[{"floor":6.0,"key":"FairyPotion"},{"floor":10.0,"key":"Dexterity Potion"},{"floor":14.0,"key":"GhostInAJar"}],"is_trial":false,"path_per_floor":["M","?","$","?","$","E","?","R","T","M","R","E","R","M","R","B",null,"M","M","?","M","M"],"character_chosen":"THE_SILENT","items_purchased":[],"campfire_rested":0,"item_purchase_floors":[],"current_hp_per_floor":[59,59,59,59,59,59,59,59,59,59,59,17,17,19,19,2,46,39,15,15,12,0],"gold":352,"neow_bonus":"THREE_ENEMY_KILL","is_prod":false,"is_daily":false,"chose_seed":false,"campfire_upgraded":4,"win_rate":0,"timestamp":1556939806,"path_taken":["M","?","$","?","$","E","?","R","T","M","R","E","R","M","R","BOSS","M","M","?","M","?"],"build_version":"2019-01-23","purchased_purges":0,"victory":false,"max_hp_per_floor":[66,66,66,66,66,66,60,60,60,60,60,60,60,60,60,60,60,60,60,60,60,60],"card_choices":[{"not_picked":["Sucker Punch","Caltrops"],"picked":"Deadly Poison","floor":1.0},{"not_picked":["Heel Hook","Riddle With Holes"],"picked":"Poisoned Stab","floor":6.0},{"not_picked":["Quick Slash","Outmaneuver"],"picked":"Calculated Gamble","floor":10.0},{"not_picked":["Dagger Throw","Slice"],"picked":"Envenom","floor":12.0},{"not_picked":["Endless Agony","Deflect"],"picked":"Poisoned Stab","floor":14.0},{"not_picked":["Burst","Doppelganger"],"picked":"Die Die Die","floor":16.0},{"not_picked":["Dodge and Roll","Bouncing Flask"],"picked":"Dash","floor":18.0},{"not_picked":["Slice","Predator"],"picked":"Calculated Gamble+1","floor":19},{"not_picked":["Accuracy","Leg Sweep"],"picked":"Caltrops+1","floor":21}],"player_experience":2321436,"relics_obtained":[{"floor":6.0,"key":"Happy Flower"},{"floor":9.0,"key":"Paper Crane"},{"floor":12.0,"key":"Bird Faced Urn"}],"event_choices":[{"cards_removed":["Strike_G"],"damage_healed":0.0,"max_hp_gain":0.0,"max_hp_loss":0.0,"gold_gain":0.0,"event_name":"The Cleric","player_choice":"Card Removal","floor":2.0,"gold_loss":75.0,"damage_taken":0.0},{"damage_healed":0.0,"max_hp_gain":0.0,"max_hp_loss":0.0,"gold_gain":0.0,"event_name":"Living Wall","player_choice":"Grow","floor":4.0,"gold_loss":0.0,"damage_taken":0.0,"cards_upgraded":["Neutralize"]},{"damage_healed":0.0,"max_hp_gain":0.0,"max_hp_loss":6.0,"gold_gain":0.0,"event_name":"Golden Idol","player_choice":"Lose Max HP","floor":7.0,"gold_loss":0.0,"damage_taken":0.0,"relics_obtained":["Golden Idol"]},{"damage_healed":0,"gold_gain":50,"player_choice":"Pray","damage_taken":0,"max_hp_gain":0,"max_hp_loss":0,"event_name":"Golden Shrine","floor":20,"gold_loss":0}],"is_beta":false,"boss_relics":[{"not_picked":["Philosopher\u0027s Stone","Orrery"],"picked":"Ring of the Serpent"}],"items_purged_floors":[],"is_endless":false,"potions_floor_spawned":[6,10,14],"killed_by":"Snecko","ascension_level":20}