{"gold_per_floor":[19,33,47,122,132,132,161,161,161,161,171,171,205,21,21,97,97,111,130,156,156,171,171,196,196,196,111,138,148,182,32,32,103,103,123,46,64,64,75,75,102,102,182,209,223,234,234,246,246,246,246,246,45,75,75],"floor_reached":56,"playtime":2186,"items_purged":[],"score":2175,"play_id":"290c28df-9030-4492-9124-faaca51ed318","local_time":"20190406125702","is_ascension_mode":true,"campfire_choices":[{"data":"Bash","floor":6.0,"key":"SMITH"},{"data":"Twin Strike","floor":10.0,"key":"SMITH"},{"data":"Perfected Strike","floor":12.0,"key":"SMITH"},{"data":"Whirlwind","floor":15.0,"key":"SMITH"},{"data":"Disarm","floor":23.0,"key":"SMITH"},{"floor":25.0,"key":"REST"},{"data":"Armaments","floor":32.0,"key":"SMITH"},{"data":"True Grit","floor":40.0,"key":"SMITH"},{"data":"Corruption","floor":42.0,"key":"SMITH"},{"floor":47.0,"key":"RECALL"},{"data":"Feel No Pain","floor":49.0,"key":"SMITH"},{"data":"Uppercut","floor":52.0,"key":"SMITH"}],"neow_cost":"NO_GOLD","seed_source_timestamp":2078293431407480,"circlet_count":0,"master_deck":["AscendersBane","Strike_R","Strike_R","Strike_R","Strike_R","Defend_R","Defend_R","Defend_R","Defend_R","Bash+1","Reaper","Perfected Strike+1","Twin Strike+1","Flame Barrier","Impervious","Disarm+1","Whirlwind+1","Spot Weakness","Evolve","Shrug It Off","Corruption+1","Feel No Pain+1","Exhume","True Grit+1","Injury","Headbutt","Fiend Fire","Shrug It Off","Uppercut+1","Armaments+1","Reaper","Seeing Red+1","Spot Weakness","Pommel Strike+1","Impervious","Parasite","Writhe","Juggernaut","Parasite","Sword Boomerang+1","Shrug It Off"],"special_seed":0,"relics":["Burning Blood","Sundial","Charon\u0027s Ashes","Turnip","Cursed Key","PreservedInsect","Dream Catcher","Anchor","Bag of Marbles","Blue Candle","Runic Pyramid","Bag of Preparation","Mercury Hourglass","Orichalcum","Centennial Puzzle","Mummified Hand"],"potions_floor_usage":[55],"damage_taken":[{"damage":22.0,"enemies":"Small Slimes","floor":1.0,"turns":6.0},{"damage":5.0,"enemies":"2 Louse","floor":2.0,"turns":4.0},{"damage":6.0,"enemies":"Cultist","floor":3.0,"turns":4.0},{"damage":9.0,"enemies":"Blue Slaver","floor":5.0,"turns":4.0},{"damage":24.0,"enemies":"Gremlin Nob","floor":7.0,"turns":4.0},{"damage":16.0,"enemies":"Exordium Thugs","floor":11.0,"turns":7.0},{"damage":10.0,"enemies":"3 Sentries","floor":13.0,"turns":5.0},{"damage":0.0,"enemies":"Slime Boss","floor":16.0,"turns":8.0},{"damage":12.0,"enemies":"Shell Parasite","floor":18.0,"turns":5.0},{"damage":0.0,"enemies":"Chosen","floor":19.0,"turns":3.0},{"damage":16.0,"enemies":"Centurion and Healer","floor":22.0,"turns":8.0},{"damage":52.0,"enemies":"Gremlin Leader","floor":24.0,"turns":8.0},{"damage":10.0,"enemies":"Book of Stabbing","floor":28.0,"turns":4.0},{"damage":17.0,"enemies":"3 Cultists","floor":29.0,"turns":4.0},{"damage":20.0,"enemies":"Slavers","floor":30.0,"turns":6.0},{"damage":11.0,"enemies":"Champ","floor":33.0,"turns":9.0},{"damage":4.0,"enemies":"3 Shapes","floor":35.0,"turns":5.0},{"damage":12.0,"enemies":"3 Darklings","floor":37.0,"turns":6.0},{"damage":5.0,"enemies":"Writhing Mass","floor":39.0,"turns":8.0},{"damage":33.0,"enemies":"Reptomancer","floor":41.0,"turns":8.0},{"damage":7.0,"enemies":"Giant Head","floor":44.0,"turns":9.0},{"damage":32.0,"enemies":"Spire Growth","floor":45.0,"turns":5.0},{"damage":2.0,"enemies":"4 Shapes","floor":46.0,"turns":4.0},{"damage":21.0,"enemies":"Writhing Mass","floor":48.0,"turns":10.0},{"damage":69.0,"enemies":"Donu and Deca","floor":50.0,"turns":10.0},{"damage":34,"enemies":"Shield and Spear","floor":54,"turns":6},{"damage":60,"enemies":"The Heart","floor":55,"turns":9}],"seed_played":"5307238516363445096","potions_obtained":[{"floor":5.0,"key":"Energy Potion"},{"floor":11.0,"key":"Energy Potion"},{"floor":16.0,"key":"EssenceOfSteel"},{"floor":19.0,"key":"LiquidBronze"},{"floor":28.0,"key":"PowerPotion"},{"floor":30.0,"key":"SkillPotion"},{"floor":37.0,"key":"Regen Potion"},{"floor":41.0,"key":"SpeedPotion"}],"is_trial":false,"path_per_floor":["M","M","M","?","M","R","E","?","T","R","M","R","E","$","R","B",null,"M","M","T","?","M","R","E","R","T","?","E","M","E","$","R","B",null,"M","$","M","?","M","R","E","R","T","E","M","M","R","M","R","B",null,"R","$","E","B",null],"character_chosen":"IRONCLAD","items_purchased":["Whirlwind","Spot Weakness","Evolve","Shrug It Off","Uppercut","Armaments","Spot Weakness","Centennial Puzzle","Shrug It Off"],"campfire_rested":1,"item_purchase_floors":[14,14,14,31,31,31,36,53,53],"current_hp_per_floor":[59,68,74,63,60,60,46,46,46,46,44,44,52,52,52,74,75,69,75,75,75,65,65,27,49,49,49,45,52,46,46,46,60,71,75,75,75,75,75,75,75,75,75,75,56,67,67,75,75,32,64,64,64,62,65],"gold":75,"neow_bonus":"THREE_RARE_CARDS","is_prod":false,"is_daily":false,"chose_seed":false,"campfire_upgraded":10,"win_rate":0,"timestamp":1554569822,"path_taken":["M","M","M","?","M","R","E","?","T","R","M","R","E","$","R","BOSS","M","M","?","?","?","R","E","R","T","?","E","M","E","$","R","BOSS","M","$","M","?","M","R","E","R","T","E","M","?","R","M","R","BOSS","R","$","E","BOSS"],"build_version":"2019-04-04","purchased_purges":0,"victory":true,"max_hp_per_floor":[75,75,75,75,75,75,75,75,75,75,75,75,75,75,75,75,75,75,75,75,75,75,75,75,75,75,75,75,75,75,75,75,75,75,75,75,75,75,75,75,75,75,75,75,75,75,75,75,75,75,75,75,75,75,75],"card_choices":[{"not_picked":["Brutality","Fiend Fire"],"picked":"Reaper","floor":0.0},{"not_picked":["Wild Strike","Warcry","Burning Pact"],"picked":"SKIP","floor":1.0},{"not_picked":["Heavy Blade","Rupture"],"picked":"Perfected Strike","floor":2.0},{"not_picked":["Havoc","Rage"],"picked":"Twin Strike","floor":3.0},{"not_picked":["Twin Strike","Carnage"],"picked":"Flame Barrier","floor":5.0},{"not_picked":["Second Wind","Dual Wield","Infernal Blade"],"picked":"SKIP","floor":7.0},{"not_picked":["Ghostly Armor","Sword Boomerang","Thunderclap"],"picked":"SKIP","floor":11.0},{"not_picked":["Dual Wield","Heavy Blade"],"picked":"Disarm","floor":13.0},{"not_picked":["Twin Strike","Pommel Strike"],"picked":"Shrug It Off","floor":18.0},{"not_picked":["Intimidate","Pommel Strike"],"picked":"Corruption","floor":19.0},{"not_picked":["Pummel","Reckless Charge"],"picked":"Feel No Pain","floor":22.0},{"not_picked":["Blood for Blood","Ghostly Armor+1"],"picked":"Exhume","floor":24.0},{"not_picked":["Pummel","Intimidate"],"picked":"True Grit","floor":25.0},{"not_picked":["Havoc","Fire Breathing"],"picked":"Headbutt","floor":28.0},{"not_picked":["Clothesline","Flex","Twin Strike"],"picked":"SKIP","floor":29.0},{"not_picked":["Headbutt","Cleave"],"picked":"Fiend Fire","floor":30.0},{"not_picked":["Feed","Immolate"],"picked":"Reaper","floor":33.0},{"not_picked":["Pommel Strike","Heavy Blade+1"],"picked":"Seeing Red+1","floor":35.0},{"not_picked":["Perfected Strike+1","Entrench"],"picked":"Pommel Strike+1","floor":37.0},{"not_picked":["Power Through","Havoc","Anger+1"],"picked":"SKIP","floor":39.0},{"not_picked":["Clash+1","Anger","Havoc"],"picked":"SKIP","floor":41.0},{"not_picked":["Twin Strike","Clothesline+1"],"picked":"Juggernaut","floor":44.0},{"not_picked":["Pommel Strike+1","Perfected Strike","Carnage"],"picked":"SKIP","floor":45.0},{"not_picked":["Anger","Twin Strike","True Grit"],"picked":"SKIP","floor":46.0},{"not_picked":["Burning Pact","Metallicize"],"picked":"Sword Boomerang+1","floor":48.0},{"not_picked":["Immolate","Heavy Blade","Cleave"],"picked":"SKIP","floor":54}],"player_experience":2363327,"relics_obtained":[{"floor":7.0,"key":"Sundial"},{"floor":9.0,"key":"Charon\u0027s Ashes"},{"floor":13.0,"key":"Turnip"},{"floor":20.0,"key":"PreservedInsect"},{"floor":24.0,"key":"Dream Catcher"},{"floor":28.0,"key":"Bag of Marbles"},{"floor":30.0,"key":"Blue Candle"},{"floor":41.0,"key":"Bag of Preparation"},{"floor":43.0,"key":"Mercury Hourglass"},{"floor":44.0,"key":"Orichalcum"},{"floor":54,"key":"Mummified Hand"}],"event_choices":[{"damage_healed":0.0,"max_hp_gain":0.0,"max_hp_loss":0.0,"gold_gain":75.0,"event_name":"World of Goop","player_choice":"Gather Gold","floor":4.0,"gold_loss":0.0,"damage_taken":11.0},{"damage_healed":0.0,"max_hp_gain":0.0,"max_hp_loss":0.0,"gold_gain":0.0,"cards_transformed":["Strike_R"],"event_name":"Transmorgrifier","player_choice":"Transformed","floor":8.0,"gold_loss":0.0,"damage_taken":0.0,"cards_obtained":["Impervious"]},{"cards_removed":["Decay"],"damage_healed":0.0,"max_hp_gain":0.0,"max_hp_loss":0.0,"gold_gain":0.0,"event_name":"Fountain of Cleansing","player_choice":"Removed Curses","floor":21.0,"gold_loss":0.0,"damage_taken":0.0},{"damage_healed":0.0,"max_hp_gain":0.0,"max_hp_loss":0.0,"gold_gain":0.0,"event_name":"Addict","player_choice":"Obtained Relic","floor":27.0,"gold_loss":85.0,"damage_taken":0.0,"relics_obtained":["Anchor"]},{"damage_healed":0.0,"max_hp_gain":0.0,"max_hp_loss":0.0,"gold_gain":0.0,"event_name":"Duplicator","player_choice":"Copied","floor":38.0,"gold_loss":0.0,"damage_taken":0.0,"cards_obtained":["Impervious"]}],"is_beta":true,"boss_relics":[{"not_picked":["Mark of Pain","Empty Cage"],"picked":"Cursed Key"},{"not_picked":["Sozu","Lizard Tail"],"picked":"Runic Pyramid"}],"items_purged_floors":[],"is_endless":false,"potions_floor_spawned":[5,11,13,16,19,24,28,30,37,41,46,54],"ascension_level":15}