{"gold_per_floor":[117,137,156,168,168,168,193,206,206,206,171,171,203,215,215,288,288,298,298,317,267,267],"floor_reached":22,"playtime":856,"items_purged":[],"score":392,"play_id":"a88fc183-d6fd-4058-96dc-75902e2f5ba1","local_time":"20190427201244","is_ascension_mode":true,"campfire_choices":[{"data":"Disarm","floor":6,"key":"SMITH"},{"data":"Juggernaut","floor":10,"key":"SMITH"},{"data":"Anger","floor":12,"key":"SMITH"},{"data":"Perfected Strike","floor":15,"key":"SMITH"}],"neow_cost":"NONE","seed_source_timestamp":439681712001743,"circlet_count":0,"master_deck":["AscendersBane","Strike_R","Strike_R","Strike_R","Strike_R","Strike_R","Defend_R","Defend_R","Defend_R","Defend_R","Bash+1","Pummel","Reckless Charge","Disarm+1","Anger+1","Heavy Blade","Juggernaut+1","Pommel Strike","Perfected Strike+1","Reaper","Feel No Pain+1","Ghostly Armor+1"],"relics":["Burning Blood","Kunai","Bottled Flame","Meat on the Bone","Sozu"],"potions_floor_usage":[3,4,8,16],"damage_taken":[{"damage":1,"enemies":"Cultist","floor":1,"turns":3},{"damage":4,"enemies":"Small Slimes","floor":2,"turns":4},{"damage":0,"enemies":"Jaw Worm","floor":3,"turns":1},{"damage":25,"enemies":"Exordium Thugs","floor":4,"turns":6},{"damage":33,"enemies":"Lagavulin","floor":7,"turns":8},{"damage":9,"enemies":"Lots of Slimes","floor":8,"turns":5},{"damage":23,"enemies":"Gremlin Nob","floor":13,"turns":4},{"damage":0,"enemies":"Exordium Wildlife","floor":14,"turns":2},{"damage":24,"enemies":"Slime Boss","floor":16,"turns":7},{"damage":24,"enemies":"Spheric Guardian","floor":18,"turns":4},{"damage":18,"enemies":"Chosen","floor":20,"turns":4},{"damage":61,"enemies":"Shelled Parasite and Fungi","floor":22,"turns":4}],"seed_played":"5422323310904217826","potions_obtained":[{"floor":1,"key":"Ancient Potion"},{"floor":2,"key":"SteroidPotion"},{"floor":4,"key":"Swift Potion"},{"floor":13,"key":"SteroidPotion"}],"is_trial":false,"path_per_floor":["M","M","M","M","?","R","E","M","T","R","?","R","E","M","R","B",null,"M","?","M","?","M"],"character_chosen":"IRONCLAD","items_purchased":[],"campfire_rested":0,"item_purchase_floors":[],"current_hp_per_floor":[80,82,82,63,63,63,36,33,33,33,53,53,36,54,54,48,74,56,56,56,56,0],"gold":267,"neow_bonus":"TEN_PERCENT_HP_BONUS","is_prod":false,"is_daily":false,"chose_seed":false,"campfire_upgraded":4,"win_rate":0,"timestamp":1556410364,"path_taken":["M","M","?","M","?","R","E","M","T","R","?","R","E","M","R","BOSS","M","?","M","?","M"],"build_version":"2019-01-23","purchased_purges":0,"victory":false,"max_hp_per_floor":[82,82,82,82,82,82,82,82,82,82,82,82,82,82,82,82,82,82,82,82,82,82],"card_choices":[{"not_picked":["Burning Pact","Cleave"],"picked":"Pummel","floor":1},{"not_picked":["Cleave","Perfected Strike"],"picked":"Reckless Charge","floor":2},{"not_picked":["Shrug It Off","Wild Strike"],"picked":"Disarm","floor":3},{"not_picked":["Iron Wave","Infernal Blade"],"picked":"Anger","floor":4},{"not_picked":["Pummel","Blood for Blood"],"picked":"Heavy Blade","floor":7},{"not_picked":["Headbutt","Second Wind"],"picked":"Juggernaut","floor":8},{"not_picked":["Warcry","Thunderclap"],"picked":"Pommel Strike","floor":13},{"not_picked":["Thunderclap","Flex"],"picked":"Perfected Strike","floor":14},{"not_picked":["Berserk","Juggernaut"],"picked":"Reaper","floor":16},{"not_picked":["Wild Strike","Iron Wave"],"picked":"Feel No Pain","floor":18},{"not_picked":["Second Wind","Fire Breathing"],"picked":"Ghostly Armor","floor":20}],"player_experience":2001653,"relics_obtained":[{"floor":7,"key":"Kunai"},{"floor":9,"key":"Bottled Flame"},{"floor":13,"key":"Meat on the Bone"}],"event_choices":[{"damage_healed":0,"gold_gain":0,"player_choice":"Grow","damage_taken":0,"max_hp_gain":0,"max_hp_loss":0,"event_name":"Living Wall","floor":5,"gold_loss":0,"cards_upgraded":["Bash"]},{"damage_healed":20,"gold_gain":0,"player_choice":"Healed","damage_taken":0,"max_hp_gain":0,"max_hp_loss":0,"event_name":"The Cleric","floor":11,"gold_loss":35},{"damage_healed":0,"gold_gain":0,"player_choice":"Ignored","damage_taken":0,"max_hp_gain":0,"max_hp_loss":0,"event_name":"Ghosts","floor":19,"gold_loss":0},{"damage_healed":0,"gold_gain":0,"player_choice":"Upgraded Two","damage_taken":0,"max_hp_gain":0,"max_hp_loss":0,"event_name":"Designer","floor":21,"gold_loss":50,"cards_upgraded":["Feel No Pain","Ghostly Armor"]}],"is_beta":false,"boss_relics":[{"not_picked":["Snecko Eye","Runic Cube"],"picked":"Sozu"}],"items_purged_floors":[],"is_endless":false,"potions_floor_spawned":[1,2,4,13,18,20],"killed_by":"Shelled Parasite and Fungi","ascension_level":20}