{"gold_per_floor":[117,117,117,117,117,148,148,213,213,60,73,89,120,29,29,128,128,147,147,23,0,0,0,0,0,0,14,14,24,38,38,38,38],"floor_reached":33,"playtime":713,"items_purged":["Strike_R","Regret"],"score":541,"play_id":"3960f250-8b3d-4fd7-86c6-7f7d63fe78da","local_time":"20190316124835","is_ascension_mode":true,"campfire_choices":[{"data":"Anger","floor":7.0,"key":"SMITH"},{"data":"Uppercut","floor":15.0,"key":"SMITH"},{"data":"Barricade","floor":23.0,"key":"SMITH"},{"data":"Immolate","floor":25.0,"key":"SMITH"},{"floor":28.0,"key":"REST"},{"floor":32,"key":"REST"}],"neow_cost":"NONE","seed_source_timestamp":264720940982861,"circlet_count":0,"master_deck":["AscendersBane","Strike_R","Strike_R","Strike_R","Defend_R","Defend_R","Defend_R","Defend_R","Bash+1","Anger+1","Juggernaut","Uppercut+1","Barricade+1","Shrug It Off","Evolve","Immolate+1","Shame","Writhe","Metallicize","Shrug It Off","Corruption","Battle Trance+1","Power Through"],"special_seed":0,"relics":["Burning Blood","NeowsBlessing","Bloody Idol","Dodecahedron","Tiny Chest","Du-Vu Doll","Anchor","Calling Bell","Boot","Pear","Girya","Nilry\u0027s Codex","Prayer Wheel"],"potions_floor_usage":[30,33],"damage_taken":[{"damage":0.0,"enemies":"Small Slimes","floor":1.0,"turns":1.0},{"damage":0.0,"enemies":"Gremlin Nob","floor":6.0,"turns":1.0},{"damage":0.0,"enemies":"3 Sentries","floor":8.0,"turns":1.0},{"damage":2.0,"enemies":"2 Louse","floor":11.0,"turns":3.0},{"damage":4.0,"enemies":"Jaw Worm","floor":12.0,"turns":4.0},{"damage":20.0,"enemies":"Lagavulin","floor":13.0,"turns":7.0},{"damage":29.0,"enemies":"Hexaghost","floor":16.0,"turns":11.0},{"damage":22.0,"enemies":"2 Thieves","floor":18.0,"turns":4.0},{"damage":29.0,"enemies":"3 Byrds","floor":27.0,"turns":6.0},{"damage":27.0,"enemies":"Centurion and Healer","floor":29.0,"turns":6.0},{"damage":19,"enemies":"3 Cultists","floor":30,"turns":5},{"damage":53,"enemies":"Automaton","floor":33,"turns":6}],"seed_played":"2067624361325354097","potions_obtained":[{"floor":6.0,"key":"FearPotion"},{"floor":16.0,"key":"FearPotion"},{"floor":27.0,"key":"Ancient Potion"},{"floor":30,"key":"Swift Potion"}],"is_trial":false,"path_per_floor":["M","?","?","?","?","E","R","E","T","$","M","M","E","$","R","B",null,"M","?","$","?","?","R","$","R","T","M","R","M","M","?","R","B"],"character_chosen":"IRONCLAD","items_purchased":["Uppercut","Shrug It Off","Evolve","Shrug It Off"],"campfire_rested":2,"item_purchase_floors":[10,14,14,20],"current_hp_per_floor":[74,67,67,41,41,47,47,53,53,53,57,59,45,45,45,22,72,56,35,35,35,35,35,35,35,35,17,42,26,18,18,43,0],"gold":38,"neow_bonus":"THREE_ENEMY_KILL","is_prod":false,"is_daily":false,"chose_seed":false,"campfire_upgraded":4,"win_rate":0,"timestamp":1552754915,"path_taken":["M","?","?","?","?","E","R","E","T","$","M","M","E","$","R","BOSS","M","?","$","?","?","R","$","R","T","M","R","M","M","?","R","BOSS"],"build_version":"2019-03-15","purchased_purges":2,"victory":false,"max_hp_per_floor":[75,75,75,75,75,75,75,75,75,75,75,75,75,75,75,75,85,85,85,85,85,85,85,85,85,85,85,85,85,85,85,85,85],"card_choices":[{"not_picked":["Blood for Blood","Sword Boomerang"],"picked":"Anger","floor":1.0},{"not_picked":["Flex","Perfected Strike","Iron Wave"],"picked":"SKIP","floor":6.0},{"not_picked":["Headbutt","Clash"],"picked":"Juggernaut","floor":8.0},{"not_picked":["Clothesline","Heavy Blade","Warcry"],"picked":"SKIP","floor":11.0},{"not_picked":["Cleave","Clash","Uppercut"],"picked":"SKIP","floor":12.0},{"not_picked":["Iron Wave","Searing Blow"],"picked":"Barricade","floor":13.0},{"not_picked":["Demon Form","Double Tap"],"picked":"Immolate","floor":16.0},{"not_picked":["Pommel Strike","Clash+1"],"picked":"Metallicize","floor":18.0},{"not_picked":["Twin Strike","Seeing Red"],"picked":"Corruption","floor":27.0},{"not_picked":["Perfected Strike+1","Combust","Havoc"],"picked":"SKIP","floor":27.0},{"not_picked":["Clothesline+1","Feed"],"picked":"Battle Trance+1","floor":29.0},{"not_picked":["Clothesline","Fire Breathing+1","Flex"],"picked":"SKIP","floor":29.0},{"not_picked":["True Grit","Rampage"],"picked":"Power Through","floor":30},{"not_picked":["Twin Strike","Warcry","Headbutt+1"],"picked":"SKIP","floor":30}],"player_experience":2200873,"relics_obtained":[{"floor":6.0,"key":"Dodecahedron"},{"floor":8.0,"key":"Tiny Chest"},{"floor":9.0,"key":"Du-Vu Doll"},{"floor":13.0,"key":"Anchor"},{"floor":17.0,"key":"Boot"},{"floor":17.0,"key":"Pear"},{"floor":17.0,"key":"Girya"},{"floor":19.0,"key":"Nilry\u0027s Codex"},{"floor":26.0,"key":"Prayer Wheel"}],"event_choices":[{"cards_removed":["Strike_R"],"damage_healed":0.0,"max_hp_gain":0.0,"max_hp_loss":0.0,"gold_gain":0.0,"event_name":"Golden Wing","player_choice":"Card Removal","floor":2.0,"gold_loss":0.0,"damage_taken":7.0},{"damage_healed":0.0,"max_hp_gain":0.0,"max_hp_loss":0.0,"gold_gain":0.0,"event_name":"Liars Game","player_choice":"Ignored","floor":3.0,"gold_loss":0.0,"damage_taken":0.0},{"damage_healed":0.0,"max_hp_gain":0.0,"max_hp_loss":0.0,"gold_gain":0.0,"event_name":"Golden Idol","player_choice":"Take Damage","floor":4.0,"gold_loss":0.0,"damage_taken":26.0,"relics_obtained":["Golden Idol"]},{"damage_healed":0.0,"max_hp_gain":0.0,"max_hp_loss":0.0,"gold_gain":0.0,"event_name":"Living Wall","player_choice":"Grow","floor":5.0,"gold_loss":0.0,"damage_taken":0.0,"cards_upgraded":["Bash"]},{"damage_healed":0.0,"max_hp_gain":0.0,"max_hp_loss":0.0,"gold_gain":0.0,"event_name":"Cursed Tome","player_choice":"Obtained Book","floor":19.0,"gold_loss":0.0,"damage_taken":21.0},{"damage_healed":0.0,"max_hp_gain":0.0,"max_hp_loss":0.0,"gold_gain":0.0,"event_name":"Masked Bandits","player_choice":"Paid Fearfully","floor":21.0,"gold_loss":23.0,"damage_taken":0.0},{"damage_healed":0.0,"max_hp_gain":0.0,"max_hp_loss":0.0,"gold_gain":0.0,"event_name":"Forgotten Altar","player_choice":"Gave Idol","floor":22.0,"relics_lost":["Golden Idol"],"gold_loss":0.0,"damage_taken":0.0,"relics_obtained":["Bloody Idol"]},{"damage_healed":0,"gold_gain":0,"player_choice":"Ignored","damage_taken":0,"max_hp_gain":0,"max_hp_loss":0,"event_name":"The Mausoleum","floor":31,"gold_loss":0}],"is_beta":true,"boss_relics":[{"not_picked":["Tiny House","Black Blood"],"picked":"Calling Bell"}],"items_purged_floors":[10,20],"is_endless":false,"potions_floor_spawned":[6,16,27,30],"killed_by":"Automaton","ascension_level":15}