{"gold_per_floor":[209,134,147,164,164,164,178,178,201,201,201,201,212,231,231,231],"floor_reached":16,"playtime":515,"items_purged":[],"score":170,"play_id":"b2523606-e613-45d6-a911-ea3dc76961ff","local_time":"20190131235749","is_ascension_mode":true,"campfire_choices":[{"data":"Bash","floor":6,"key":"SMITH"},{"data":"True Grit","floor":8,"key":"SMITH"},{"data":"Intimidate","floor":10,"key":"SMITH"},{"floor":12,"key":"REST"},{"floor":15,"key":"REST"}],"neow_cost":"NONE","seed_source_timestamp":139498629993633,"circlet_count":0,"master_deck":["AscendersBane","Strike_R","Strike_R","Strike_R","Strike_R","Defend_R","Defend_R","Defend_R","Defend_R","Bash+1","Iron Wave","Shrug It Off","True Grit+1","Intimidate+1","Pommel Strike","Pommel Strike"],"relics":["Burning Blood","Pen Nib","Ancient Tea Set"],"potions_floor_usage":[],"damage_taken":[{"damage":8,"enemies":"2 Louse","floor":1,"turns":4},{"damage":2,"enemies":"Jaw Worm","floor":3,"turns":4},{"damage":7,"enemies":"Cultist","floor":4,"turns":4},{"damage":25,"enemies":"Exordium Thugs","floor":7,"turns":7},{"damage":19,"enemies":"Lots of Slimes","floor":13,"turns":7},{"damage":3,"enemies":"Blue Slaver","floor":14,"turns":5},{"damage":0,"enemies":"The Guardian","floor":16,"turns":2}],"seed_played":"5399790584852163541","potions_obtained":[{"floor":3,"key":"Ancient Potion"},{"floor":13,"key":"Weak Potion"}],"is_trial":false,"path_per_floor":["M","?","M","M","?","R","M","R","T","R","?","R","M","M","R","B"],"character_chosen":"IRONCLAD","items_purchased":[],"campfire_rested":2,"item_purchase_floors":[],"current_hp_per_floor":[66,66,70,69,69,69,50,50,50,50,5,27,14,17,39,39],"gold":231,"neow_bonus":"HUNDRED_GOLD","is_prod":false,"is_daily":false,"chose_seed":false,"campfire_upgraded":3,"win_rate":0,"timestamp":1549004269,"path_taken":["M","?","M","M","?","R","M","R","T","R","?","R","M","M","R","BOSS"],"build_version":"2019-01-23","purchased_purges":0,"victory":false,"max_hp_per_floor":[75,75,75,75,75,75,75,75,75,75,75,75,75,75,75,75],"card_choices":[{"not_picked":["Flex","Fire Breathing"],"picked":"Iron Wave","floor":1},{"not_picked":["Flame Barrier","Flex"],"picked":"Shrug It Off","floor":3},{"not_picked":["Flame Barrier","Shrug It Off"],"picked":"True Grit","floor":4},{"not_picked":["Warcry","Havoc"],"picked":"Intimidate","floor":7},{"not_picked":["Headbutt","Twin Strike"],"picked":"Pommel Strike","floor":13},{"not_picked":["Havoc","Body Slam"],"picked":"Pommel Strike","floor":14}],"player_experience":1049630,"relics_obtained":[{"floor":9,"key":"Pen Nib"}],"event_choices":[{"cards_removed":["Strike_R"],"damage_healed":0,"gold_gain":0,"player_choice":"Card Removal","damage_taken":0,"max_hp_gain":0,"max_hp_loss":0,"event_name":"The Cleric","floor":2,"gold_loss":75},{"damage_healed":0,"gold_gain":0,"player_choice":"Ignored","damage_taken":0,"max_hp_gain":0,"max_hp_loss":0,"event_name":"Liars Game","floor":5,"gold_loss":0},{"damage_healed":0,"gold_gain":0,"player_choice":"Success","damage_taken":45,"relics_obtained":["Ancient Tea Set"],"max_hp_gain":0,"max_hp_loss":0,"event_name":"Scrap Ooze","floor":11,"gold_loss":0}],"is_beta":true,"boss_relics":[],"items_purged_floors":[],"is_endless":false,"potions_floor_spawned":[3,13],"killed_by":"The Guardian","ascension_level":17}