{"gold_per_floor":[117,137,137,25,25,51,51,86,113,127,142,171,171,171,171,245,245,265,281,297,297,317,317,317],"floor_reached":24,"playtime":674,"items_purged":["Strike_R"],"score":482,"play_id":"f08e089b-c3b8-45e2-93ff-c8a50d0b4004","local_time":"20190217153145","is_ascension_mode":true,"campfire_choices":[{"data":"Bash","floor":7.0,"key":"SMITH"},{"data":"Inflame","floor":13,"key":"SMITH"},{"data":"Metallicize","floor":15,"key":"SMITH"},{"data":"Armaments","floor":23,"key":"SMITH"}],"neow_cost":"NONE","seed_source_timestamp":190369337155798,"circlet_count":0,"master_deck":["AscendersBane","Strike_R","Strike_R","Strike_R","Defend_R","Defend_R","Defend_R+1","Defend_R+1","Bash+1","Shrug It Off","Pommel Strike","Inflame+1","Metallicize+1","Cleave","Shockwave","Immolate","Evolve","Offering","Havoc","Armaments+1","Intimidate+1","Ghostly","Ghostly","Ghostly","Clothesline"],"special_seed":0,"relics":["Burning Blood","NeowsBlessing","Mercury Hourglass","Pantograph","Oddly Smooth Stone","Vajra","War Paint","White Beast Statue"],"potions_floor_usage":[16,16,20,22,24],"damage_taken":[{"damage":0.0,"enemies":"Cultist","floor":1.0,"turns":1.0},{"damage":0.0,"enemies":"Small Slimes","floor":2.0,"turns":1.0},{"damage":0.0,"enemies":"3 Sentries","floor":6.0,"turns":1.0},{"damage":34.0,"enemies":"Lagavulin","floor":8.0,"turns":6.0},{"damage":6.0,"enemies":"Jaw Worm","floor":10.0,"turns":3.0},{"damage":14.0,"enemies":"Blue Slaver","floor":11.0,"turns":3.0},{"damage":8.0,"enemies":"Gremlin Nob","floor":12.0,"turns":3.0},{"damage":12,"enemies":"Hexaghost","floor":16,"turns":9},{"damage":27,"enemies":"Shell Parasite","floor":18,"turns":10},{"damage":18,"enemies":"3 Byrds","floor":19,"turns":3},{"damage":33,"enemies":"Shelled Parasite and Fungi","floor":20,"turns":7},{"damage":7,"enemies":"Snecko","floor":22,"turns":6},{"damage":26,"enemies":"Chosen and Byrds","floor":24,"turns":5}],"seed_played":"-1968937222630948978","potions_obtained":[{"floor":1.0,"key":"LiquidBronze"},{"floor":6.0,"key":"Explosive Potion"},{"floor":12,"key":"SteroidPotion"},{"floor":16,"key":"Strength Potion"},{"floor":18,"key":"Weak Potion"},{"floor":19,"key":"BloodPotion"},{"floor":20,"key":"SteroidPotion"},{"floor":22,"key":"PowerPotion"}],"is_trial":false,"path_per_floor":["M","M","?","$","T","E","R","E","T","M","M","E","R","?","R","B",null,"M","M","M","?","M","R","M"],"character_chosen":"IRONCLAD","items_purchased":["Inflame"],"campfire_rested":0,"item_purchase_floors":[4],"current_hp_per_floor":[74,75,75,75,75,75,75,47,47,47,39,37,37,33,33,52,69,48,36,16,16,15,15,0],"gold":317,"neow_bonus":"THREE_ENEMY_KILL","is_prod":false,"is_daily":false,"chose_seed":false,"campfire_upgraded":4,"win_rate":0,"timestamp":1550442705,"path_taken":["M","?","?","$","?","E","R","E","T","M","M","E","R","?","R","BOSS","M","?","M","?","M","R","M"],"build_version":"2019-02-06","purchased_purges":1,"victory":false,"max_hp_per_floor":[75,75,75,75,75,75,75,75,75,75,75,75,75,75,75,75,75,75,75,75,37,37,37,37],"card_choices":[{"not_picked":["Power Through","Evolve"],"picked":"Shrug It Off","floor":1.0},{"not_picked":["Body Slam","Heavy Blade"],"picked":"Pommel Strike","floor":2.0},{"not_picked":["Feel No Pain","Spot Weakness"],"picked":"Metallicize","floor":6.0},{"not_picked":["Seeing Red","Headbutt"],"picked":"Cleave","floor":8.0},{"not_picked":["Twin Strike","Blood for Blood"],"picked":"Shockwave","floor":10.0},{"not_picked":["Anger","Headbutt"],"picked":"Immolate","floor":11.0},{"not_picked":["Shockwave","Battle Trance"],"picked":"Evolve","floor":12},{"not_picked":["Immolate","Juggernaut"],"picked":"Offering","floor":16},{"not_picked":["Clothesline","Clash+1"],"picked":"Havoc","floor":18},{"not_picked":["Burning Pact","Fiend Fire"],"picked":"Armaments","floor":19},{"not_picked":["Dropkick+1","Heavy Blade"],"picked":"Intimidate+1","floor":20},{"not_picked":["Heavy Blade","Headbutt"],"picked":"Clothesline","floor":22}],"player_experience":1103083,"relics_obtained":[{"floor":5.0,"key":"Mercury Hourglass"},{"floor":6.0,"key":"Pantograph"},{"floor":8.0,"key":"Oddly Smooth Stone"},{"floor":9.0,"key":"Vajra"},{"floor":12,"key":"War Paint"}],"event_choices":[{"cards_removed":["Strike_R"],"damage_healed":0.0,"max_hp_gain":0.0,"max_hp_loss":0.0,"gold_gain":0.0,"event_name":"Bonfire Elementals","player_choice":"Offered Basic","floor":3.0,"gold_loss":0.0,"damage_taken":0.0},{"damage_healed":0,"gold_gain":0,"player_choice":"Bought 0 Potions","damage_taken":0,"max_hp_gain":0,"max_hp_loss":0,"event_name":"The Woman in Blue","floor":14,"gold_loss":0},{"damage_healed":0,"gold_gain":0,"player_choice":"Became a Ghost","damage_taken":0,"max_hp_gain":0,"max_hp_loss":38,"event_name":"Ghosts","floor":21,"gold_loss":0,"cards_obtained":["Ghostly","Ghostly","Ghostly"]}],"is_beta":true,"boss_relics":[{"not_picked":["Tiny House","Calling Bell"],"picked":"White Beast Statue"}],"items_purged_floors":[4],"is_endless":false,"potions_floor_spawned":[1,6,12,16,18,19,20,22],"killed_by":"Chosen and Byrds","ascension_level":20}