{"path_per_floor":["M","M","?","?","M","R","E","?","T","M","R","$","M","M","R","B",null,"M","?","?","$","M","E","?","M","T","?","M","R","M","$","R"],"character_chosen":"IRONCLAD","items_purchased":["Molten Egg 2","Anchor","Dropkick","Strength Potion"],"gold_per_floor":[117,137,137,137,147,147,177,252,252,269,269,15,34,48,48,152,152,172,172,172,27,40,72,22,34,334,234,248,248,260,58,58,58],"floor_reached":33,"campfire_rested":1,"playtime":1263,"current_hp_per_floor":[72,71,55,48,43,43,34,23,37,25,25,25,25,19,19,19,94,77,58,58,58,37,28,28,2,2,2,2,31,22,22,22,0],"items_purged":["Strike_R"],"gold":58,"score":342,"play_id":"91a40930-dcb1-4390-82b6-0d9d29e459d0","local_time":"20180330193608","is_prod":false,"is_daily":false,"is_ascension_mode":false,"campfire_upgraded":4,"timestamp":1522452968,"path_taken":["M","M","?","?","?","R","E","?","T","M","R","?","M","?","R","BOSS","M","?","?","$","M","E","?","M","T","?","?","R","?","?","R","BOSS"],"build_version":"2018-03-29v2","purchased_purges":1,"victory":false,"master_deck":["Strike_R+1","Defend_R","Defend_R+1","Defend_R","Bash+1","Clothesline","Cleave","Body Slam+1","Dropkick+1","Heavy Blade","Headbutt","Carnage+1","Rampage+1","Juggernaut","Armaments+1","Whirlwind+1","Demon Form+1","True Grit+1","Thunderclap+1","Sword Boomerang+1","Metallicize+1","Inflame+1","J.A.X.","Entrench+1","Feel No Pain+1","Dropkick+1"],"max_hp_per_floor":[80,80,80,80,80,80,80,80,94,94,94,94,94,94,94,94,94,94,99,99,99,99,99,99,99,99,99,99,99,99,99,99,99],"relics":["White Beast Statue","Bag of Preparation","Prayer Wheel","Mango","Molten Egg 2","Astrolabe","Anchor","Peace Pipe","Old Coin"],"card_choices":[{"not_picked":["Intimidate","Wild Strike"],"picked":"Clothesline","floor":1},{"not_picked":["Anger","Heavy Blade"],"picked":"Cleave","floor":2},{"not_picked":["Twin Strike","Corruption"],"picked":"Body Slam","floor":5},{"not_picked":["Cleave","Anger"],"picked":"Dropkick","floor":7},{"not_picked":["Rupture","Warcry"],"picked":"Heavy Blade","floor":9},{"not_picked":["True Grit","Ghostly Armor"],"picked":"Headbutt","floor":10},{"not_picked":["Havoc","Sentinel"],"picked":"Carnage","floor":13},{"not_picked":["Flex","Armaments"],"picked":"Rampage","floor":14},{"not_picked":["Barricade","Immolate"],"picked":"Juggernaut","floor":16},{"not_picked":["Seeing Red","Ghostly Armor"],"picked":"True Grit","floor":18},{"not_picked":["Intimidate","Wild Strike"],"picked":"Thunderclap","floor":22},{"not_picked":["Hemokinesis","Infernal Blade"],"picked":"Sword Boomerang","floor":23},{"not_picked":["Sentinel","Flex"],"picked":"Metallicize","floor":25},{"not_picked":["Havoc","Heavy Blade"],"picked":"Inflame","floor":26},{"not_picked":["Offering","Anger"],"picked":"Entrench","floor":28},{"not_picked":["Infernal Blade","Havoc"],"picked":"Feel No Pain","floor":30}],"player_experience":638879,"potions_floor_usage":[7,10,13,14,16,16,18,22,23,23,28,28,30,33,33],"damage_taken":[{"damage":8,"enemies":"Jaw Worm","floor":1,"turns":5},{"damage":1,"enemies":"Cultist","floor":2,"turns":4},{"damage":5,"enemies":"Small Slimes","floor":5,"turns":3},{"damage":21,"enemies":"Gremlin Nob","floor":7,"turns":5},{"damage":12,"enemies":"Looter","floor":10,"turns":3},{"damage":0,"enemies":"Blue Slaver","floor":13,"turns":1},{"damage":6,"enemies":"Exordium Thugs","floor":14,"turns":3},{"damage":0,"enemies":"Slime Boss","floor":16,"turns":6},{"damage":17,"enemies":"Spheric Guardian","floor":18,"turns":4},{"damage":21,"enemies":"3 Byrds","floor":22,"turns":5},{"damage":9,"enemies":"Slavers","floor":23,"turns":4},{"damage":26,"enemies":"3 Cultists","floor":25,"turns":5},{"damage":0,"enemies":"Centurion and Healer","floor":28,"turns":6},{"damage":9,"enemies":"Snecko","floor":30,"turns":5},{"damage":67,"enemies":"Automaton","floor":33,"turns":6}],"event_choices":[{"event_name":"Shining Light","player_choice":"Entered Light","floor":3,"damage_taken":0},{"event_name":"Scrap Ooze","player_choice":"success","floor":4,"damage_taken":7},{"event_name":"World of Goop","player_choice":"Gather Gold","floor":8,"damage_taken":0},{"event_name":"Forgotten Altar","player_choice":"Shed Blood","floor":19,"damage_taken":0},{"event_name":"Back to Basics","player_choice":"Elegance","floor":20,"damage_taken":0},{"event_name":"The Joust","player_choice":"Bet on Owner","floor":24,"damage_taken":0},{"event_name":"Drug Dealer","player_choice":"Got JAXXED","floor":27,"damage_taken":0}],"boss_relics":[{"not_picked":["Pandora\u0027s Box","Black Star"],"picked":"Astrolabe"}],"potions_floor_spawned":[1,2,5,7,10,13,14,16,18,22,23,25,28,30],"seed_played":"5425403002526185171","killed_by":"Automaton","ascension_level":0,"is_trial":false}