{"gold_per_floor":[116,116,178,178,198,198,224,234,234,234,266,266,181,192,192,293,293,280,299,310,324,14,43,43,5,57,57,73,73,92,92,92,196,196,212,212,232,232,252,283,300,300,300,300,29,64,64,82,82,82],"floor_reached":51,"playtime":5275,"items_purged":["Normality"],"score":735,"play_id":"baf363b1-cdca-4abc-a280-6554ce5cdb86","local_time":"20180705174524","is_ascension_mode":false,"campfire_choices":[{"data":"Rage","floor":6,"key":"SMITH"},{"data":"Anger","floor":10,"key":"SMITH"},{"data":"Flex","floor":15,"key":"SMITH"},{"data":"Barricade","floor":24,"key":"SMITH"},{"data":"Anger","floor":27,"key":"SMITH"},{"data":"Blood for Blood","floor":29,"key":"SMITH"},{"data":"Rage","floor":32,"key":"SMITH"},{"data":"Flex","floor":42,"key":"SMITH"},{"data":"Double Tap","floor":44,"key":"SMITH"},{"data":"Infernal Blade","floor":47,"key":"SMITH"},{"data":"Perfected Strike","floor":49,"key":"SMITH"}],"neow_cost":"NONE","seed_source_timestamp":1962446690966432,"circlet_count":0,"master_deck":["Strike_R","Strike_R","Strike_R","Strike_R","Strike_R","Defend_R","Defend_R","Defend_R","Bash+1","Anger+1","Rage+1","Pummel","Twin Strike","Barricade+1","Anger+1","Flex+1","Flex+1","Feed","Flame Barrier","Body Slam","Perfected Strike+1","Perfected Strike+1","Iron Wave","Blood for Blood+1","Shrug It Off","Rage+1","Double Tap+1","Dual Wield+1","Carnage+1","Deep Breath","Secret Weapon","Magnetism","Flex+1","Thunderclap+1","Entrench+1","Doubt","Infernal Blade+1","Sword Boomerang+1","Perfected Strike"],"relics":["Burning Blood","Meat on the Bone","Pantograph","Shuriken","Anchor","Mark of Pain","Sundial","Red Skull","Oddly Smooth Stone","Gremlin Horn","Cursed Key","Dream Catcher","Ornamental Fan","Orichalcum","Ginger"],"potions_floor_usage":[23,23,33,46,50],"damage_taken":[{"damage":5,"enemies":"2 Louse","floor":1,"turns":4},{"damage":1,"enemies":"Cultist","floor":5,"turns":3},{"damage":31,"enemies":"Lagavulin","floor":7,"turns":6},{"damage":8,"enemies":"Jaw Worm","floor":8,"turns":4},{"damage":3,"enemies":"Gremlin Nob","floor":11,"turns":4},{"damage":0,"enemies":"Blue Slaver","floor":14,"turns":2},{"damage":48,"enemies":"Hexaghost","floor":16,"turns":9},{"damage":25,"enemies":"2 Thieves","floor":18,"turns":4},{"damage":27,"enemies":"3 Byrds","floor":19,"turns":6},{"damage":14,"enemies":"Centurion and Healer","floor":20,"turns":9},{"damage":38,"enemies":"Slaver and Parasite","floor":21,"turns":6},{"damage":38,"enemies":"Slavers","floor":23,"turns":5},{"damage":0,"enemies":"Snecko","floor":28,"turns":3},{"damage":12,"enemies":"Snake Plant","floor":30,"turns":4},{"damage":48,"enemies":"Automaton","floor":33,"turns":9},{"damage":15,"enemies":"Orb Walker","floor":35,"turns":4},{"damage":5,"enemies":"3 Shapes","floor":37,"turns":5},{"damage":19,"enemies":"Sphere and 2 Shapes","floor":39,"turns":4},{"damage":20,"enemies":"2 Orb Walkers","floor":40,"turns":3},{"damage":34,"enemies":"3 Darklings","floor":41,"turns":6},{"damage":24,"enemies":"Nemesis","floor":46,"turns":5},{"damage":0,"enemies":"4 Shapes","floor":48,"turns":3},{"damage":71,"enemies":"Donu and Deca","floor":50,"turns":7}],"seed_played":"-9133188866058777826","potions_obtained":[{"floor":2,"key":"FairyPotion"},{"floor":2,"key":"Regen Potion"},{"floor":2,"key":"FearPotion"},{"floor":30,"key":"Ancient Potion"},{"floor":33,"key":"Dexterity Potion"},{"floor":35,"key":"Swift Potion"},{"floor":41,"key":"Ancient Potion"}],"is_trial":false,"path_per_floor":["M","?","?","T","M","R","E","M","T","R","E","?","$","M","R","B",null,"M","M","M","M","$","E","R","$","T","R","M","R","M","?","R","B",null,"M","?","M","?","M","E","M","R","T","R","$","E","R","M","R","B"],"character_chosen":"IRONCLAD","items_purchased":["Metallicize","Flex","Sundial","Blood for Blood","Infernal Blade","Orichalcum"],"campfire_rested":0,"item_purchase_floors":[13,13,22,25,45,45],"current_hp_per_floor":[80,80,80,80,80,80,55,53,53,53,56,56,56,62,62,50,80,64,55,50,30,30,27,27,27,27,27,45,45,51,51,51,46,89,80,80,81,71,61,59,43,43,43,43,43,40,40,58,58,33],"gold":82,"neow_bonus":"UPGRADE_CARD","is_prod":false,"is_daily":false,"chose_seed":false,"campfire_upgraded":11,"win_rate":1,"timestamp":1530827124,"path_taken":["M","?","?","?","M","R","E","M","T","R","E","?","$","M","R","BOSS","M","M","M","M","$","E","R","?","T","R","M","R","?","?","R","BOSS","M","?","M","?","M","E","M","R","T","R","$","E","R","?","R","BOSS"],"build_version":"2018-06-28","purchased_purges":1,"victory":true,"max_hp_per_floor":[80,80,80,80,80,80,80,80,80,80,80,80,80,80,80,80,80,83,83,86,86,86,89,89,89,89,89,89,89,89,89,89,89,89,89,89,89,89,92,92,92,92,92,92,92,95,95,95,95,98],"card_choices":[{"not_picked":["Flex","Shrug It Off"],"picked":"Anger","floor":1},{"not_picked":["Headbutt","Anger"],"picked":"Rage","floor":5},{"not_picked":["Warcry","Battle Trance"],"picked":"Pummel","floor":7},{"not_picked":["Anger","Corruption"],"picked":"Twin Strike","floor":8},{"not_picked":["True Grit","Clothesline"],"picked":"Barricade","floor":11},{"not_picked":["Power Through","Clothesline"],"picked":"Flex","floor":14},{"not_picked":["Barricade","Berserk"],"picked":"Feed","floor":16},{"not_picked":["True Grit","Fire Breathing"],"picked":"Flame Barrier","floor":18},{"not_picked":["Hemokinesis","Dropkick"],"picked":"Body Slam","floor":19},{"not_picked":["Heavy Blade","Whirlwind"],"picked":"Perfected Strike+1","floor":20},{"not_picked":["Heavy Blade","Anger"],"picked":"Perfected Strike","floor":21},{"not_picked":["Second Wind","Cleave"],"picked":"Iron Wave","floor":23},{"not_picked":["Metallicize","Headbutt"],"picked":"Shrug It Off","floor":28},{"not_picked":["Iron Wave","Headbutt"],"picked":"Rage","floor":30},{"not_picked":["Fiend Fire","Offering"],"picked":"Double Tap","floor":33},{"not_picked":["Iron Wave+1","Headbutt"],"picked":"Dual Wield+1","floor":35},{"not_picked":["Anger","Flex"],"picked":"Carnage+1","floor":37},{"not_picked":["Bandage Up","Jack Of All Trades"],"picked":"Deep Breath","floor":38},{"not_picked":["Dark Shackles","Jack Of All Trades"],"picked":"Secret Weapon","floor":38},{"not_picked":["Finesse","Mind Blast"],"picked":"Magnetism","floor":38},{"not_picked":["True Grit","Anger"],"picked":"Flex+1","floor":39},{"not_picked":["Iron Wave","Warcry+1"],"picked":"Thunderclap+1","floor":40},{"not_picked":["Rage","Thunderclap+1"],"picked":"Entrench+1","floor":41},{"not_picked":["Anger","Rupture+1"],"picked":"Sword Boomerang+1","floor":46},{"not_picked":["Anger+1","Pummel"],"picked":"Perfected Strike","floor":48}],"player_experience":8272,"relics_obtained":[{"floor":4,"key":"Meat on the Bone"},{"floor":7,"key":"Pantograph"},{"floor":9,"key":"Shuriken"},{"floor":11,"key":"Anchor"},{"floor":23,"key":"Red Skull"},{"floor":26,"key":"Oddly Smooth Stone"},{"floor":40,"key":"Dream Catcher"},{"floor":43,"key":"Ornamental Fan"},{"floor":46,"key":"Ginger"}],"event_choices":[{"event_name":"The Lab","player_choice":"Got Potions","floor":2,"damage_taken":0},{"event_name":"Golden Wing","player_choice":"Gained Gold","floor":3,"damage_taken":0},{"event_name":"Living Wall","player_choice":"Change","floor":12,"damage_taken":0},{"event_name":"Accursed Blacksmith","player_choice":"Rummage","floor":31,"damage_taken":0},{"event_name":"Falling","player_choice":"Removed Power","floor":36,"damage_taken":0},{"event_name":"SensoryStone","player_choice":"Memory 3","floor":38,"damage_taken":0}],"boss_relics":[{"not_picked":["Lizard Tail","Astrolabe"],"picked":"Mark of Pain"},{"not_picked":["Runic Dome","Runic Pyramid"],"picked":"Cursed Key"}],"items_purged_floors":[45],"is_endless":false,"potions_floor_spawned":[8,11,19,21,30,33,35,41],"ascension_level":0}