{"gold_per_floor":[117,32,107,183,201,201,236,255,309,309],"floor_reached":10,"playtime":355,"items_purged":[],"score":132,"play_id":"3b510dce-23fa-40f9-8d51-96c2f3064e6e","local_time":"20190508082454","is_ascension_mode":true,"campfire_choices":[{"data":"Melter","floor":6.0,"key":"SMITH"}],"neow_cost":"NONE","seed_source_timestamp":1348115995186464,"circlet_count":0,"master_deck":["AscendersBane","Strike_B","Strike_B","Strike_B","Strike_B","Defend_B","Defend_B","Defend_B","Defend_B","Zap","Dualcast","Go for the Eyes","Chill","Melter+1","Rebound","Streamline"],"special_seed":0,"relics":["Cracked Core","Pantograph","Bottled Flame","Boot"],"potions_floor_usage":[],"damage_taken":[{"damage":1.0,"enemies":"2 Louse","floor":1.0,"turns":2.0},{"damage":0.0,"enemies":"Jaw Worm","floor":5.0,"turns":3.0},{"damage":31.0,"enemies":"Lagavulin","floor":7.0,"turns":5.0},{"damage":0.0,"enemies":"Cultist","floor":8.0,"turns":3.0},{"damage":39,"enemies":"Gremlin Nob","floor":10,"turns":3}],"seed_played":"-6298186251108178369","potions_obtained":[{"floor":5.0,"key":"PowerPotion"},{"floor":7.0,"key":"Dexterity Potion"},{"floor":8.0,"key":"Fire Potion"}],"is_trial":false,"path_per_floor":["M","$","?","T","M","R","E","M","T","E"],"character_chosen":"DEFECT","items_purchased":["Melter"],"campfire_rested":0,"item_purchase_floors":[2],"current_hp_per_floor":[63,63,52,52,52,52,21,21,21,0],"gold":309,"neow_bonus":"THREE_CARDS","is_prod":false,"is_daily":false,"chose_seed":false,"campfire_upgraded":1,"win_rate":0,"timestamp":1557318294,"path_taken":["M","$","?","?","M","R","E","?","T","E"],"build_version":"2019-01-23","purchased_purges":0,"victory":false,"max_hp_per_floor":[71,71,71,71,71,71,71,71,71,71],"card_choices":[{"not_picked":["Undo","Auto Shields"],"picked":"Go for the Eyes","floor":0.0},{"not_picked":["Hologram","Storm"],"picked":"Chill","floor":1.0},{"not_picked":["Storm","Skim"],"picked":"Rebound","floor":5.0},{"not_picked":["Turbo","Melter","Aggregate"],"picked":"SKIP","floor":7.0},{"not_picked":["Go for the Eyes","Conserve Battery"],"picked":"Streamline","floor":8.0}],"player_experience":2463094,"relics_obtained":[{"floor":4.0,"key":"Pantograph"},{"floor":7.0,"key":"Bottled Flame"},{"floor":9.0,"key":"Boot"}],"event_choices":[{"damage_healed":0.0,"max_hp_gain":0.0,"max_hp_loss":0.0,"gold_gain":75.0,"event_name":"World of Goop","player_choice":"Gather Gold","floor":3.0,"gold_loss":0.0,"damage_taken":11.0}],"is_beta":false,"boss_relics":[],"items_purged_floors":[],"is_endless":false,"potions_floor_spawned":[5,7,8],"killed_by":"Gremlin Nob","ascension_level":20}