{"path_per_floor":["M","?","?","?","M","R","T","$","T","M","M","E","M","M","R","B",null,"M","?","M","?","M","R","?","R","T","M","R","M","?","M","R"],"character_chosen":"THE_SILENT","items_purchased":["Dramatic Entrance"],"gold_per_floor":[116,191,191,191,203,203,229,125,125,139,155,190,206,219,219,315,315,331,331,350,350,366,366,366,366,366,385,385,400,315,331,331,331],"floor_reached":33,"campfire_rested":1,"playtime":1364,"current_hp_per_floor":[70,59,59,41,41,41,41,41,41,41,41,40,36,22,22,21,70,60,60,53,40,33,33,33,33,33,6,28,28,28,28,28,0],"items_purged":[],"gold":331,"score":249,"play_id":"d13d4c66-bbe5-406d-bb55-99e39cbaf956","local_time":"20180407154215","is_prod":false,"is_daily":false,"is_ascension_mode":false,"campfire_upgraded":5,"timestamp":1523130135,"path_taken":["M","?","?","?","?","R","?","$","T","M","?","E","M","M","R","BOSS","M","?","M","?","M","R","?","R","T","M","R","?","?","M","R","BOSS"],"build_version":"2018-04-05v2","purchased_purges":1,"victory":false,"master_deck":["Defend_G","Defend_G","Defend_G","Defend_G","Defend_G","Strike_G","Strike_G","Strike_G","Strike_G","Strike_G","Survivor+1","Neutralize","Cloak And Dagger","All Out Attack","Dramatic Entrance","Choke+1","Underhanded Strike","Malaise+1","Underhanded Strike","Noxious Fumes+1","Unload","Blur+1","Catalyst+1","Poisoned Stab+1","Footwork+1","Dagger Throw"],"max_hp_per_floor":[70,70,70,70,70,70,70,70,70,70,70,70,70,70,70,70,70,70,70,70,75,75,75,75,75,75,75,75,75,75,75,75,75],"relics":["Ring of the Snake","Tough Bandages","Oddly Smooth Stone","Tingsha","Art of War","Sozu","Smiling Mask","Shuriken"],"card_choices":[{"not_picked":["Quick Slash","Acrobatics"],"picked":"Cloak And Dagger","floor":1},{"not_picked":["Prepared","Dodge and Roll"],"picked":"All Out Attack","floor":5},{"not_picked":["Deadly Poison","Riddle With Holes"],"picked":"Choke","floor":10},{"not_picked":["Catalyst","Accuracy"],"picked":"Underhanded Strike","floor":11},{"not_picked":["Flechettes","Distraction"],"picked":"Malaise","floor":12},{"not_picked":["Heel Hook","Bane"],"picked":"Underhanded Strike","floor":13},{"not_picked":["Slice","Bane"],"picked":"Noxious Fumes","floor":14},{"not_picked":["Venomology","Die Die Die"],"picked":"Unload","floor":16},{"not_picked":["PiercingWail","Cloak And Dagger"],"picked":"Blur","floor":18},{"not_picked":["Distraction","Prepared"],"picked":"Poisoned Stab","floor":20},{"not_picked":["Bane","Die Die Die"],"picked":"Footwork","floor":29},{"not_picked":["Deflect","Flying Knee"],"picked":"Dagger Throw","floor":31}],"player_experience":718384,"potions_floor_usage":[16,27,31,33],"damage_taken":[{"damage":0,"enemies":"Jaw Worm","floor":1,"turns":4},{"damage":0,"enemies":"2 Louse","floor":5,"turns":3},{"damage":0,"enemies":"Cultist","floor":10,"turns":3},{"damage":0,"enemies":"3 Louse","floor":11,"turns":2},{"damage":1,"enemies":"3 Sentries","floor":12,"turns":6},{"damage":4,"enemies":"Looter","floor":13,"turns":2},{"damage":14,"enemies":"Large Slime","floor":14,"turns":8},{"damage":1,"enemies":"Hexaghost","floor":16,"turns":11},{"damage":10,"enemies":"Spheric Guardian","floor":18,"turns":4},{"damage":7,"enemies":"3 Byrds","floor":20,"turns":5},{"damage":7,"enemies":"Centurion and Healer","floor":22,"turns":6},{"damage":27,"enemies":"Chosen and Byrds","floor":27,"turns":6},{"damage":0,"enemies":"Snecko","floor":29,"turns":5},{"damage":0,"enemies":"3 Cultists","floor":31,"turns":4},{"damage":31,"enemies":"Collector","floor":33,"turns":6}],"event_choices":[{"event_name":"World of Goop","player_choice":"Gather Gold","floor":2,"damage_taken":0},{"event_name":"The Lab","player_choice":"Got Potions","floor":3,"damage_taken":0},{"event_name":"Scrap Ooze","player_choice":"success","floor":4,"damage_taken":18},{"event_name":"The Library","player_choice":"Read","floor":19,"damage_taken":0},{"event_name":"Forgotten Altar","player_choice":"Shed Blood","floor":21,"damage_taken":0},{"event_name":"Ghosts","player_choice":"Ignored","floor":24,"damage_taken":0},{"event_name":"Addict","player_choice":"Obtained Relic","floor":30,"damage_taken":0}],"boss_relics":[{"not_picked":["Cursed Key","Philosopher\u0027s Stone"],"picked":"Sozu"}],"potions_floor_spawned":[10,13,14,16,29,31],"seed_played":"8828578064794237720","killed_by":"Collector","ascension_level":0,"is_trial":false}