{"gold_per_floor":[17,34,34,47,0,33,33,58,121,146,173,211,67,81,81,81],"floor_reached":16,"playtime":679,"items_purged":[],"score":122,"play_id":"628f2979-f3d1-4148-9f97-153ad2cd1e60","local_time":"20190320021815","is_ascension_mode":false,"campfire_choices":[{"data":"Perfected Strike","floor":7,"key":"SMITH"},{"data":"Perfected Strike","floor":15,"key":"SMITH"}],"neow_cost":"NO_GOLD","seed_source_timestamp":261686758543737,"circlet_count":0,"master_deck":["Strike_R","Strike_R","Strike_R","Strike_R","Strike_R","Defend_R","Defend_R","Defend_R","Defend_R","Bash","Battle Trance","True Grit","Spot Weakness","Perfected Strike+1","Corruption+1","Spot Weakness","Shrug It Off","Heavy Blade","Armaments","Perfected Strike+1"],"relics":["Burning Blood","Ginger","Frozen Egg 2","MawBank","Lantern","Ancient Tea Set","Omamori"],"potions_floor_usage":[4,6,6,6,8,10,12,14,16],"damage_taken":[{"damage":7,"enemies":"Small Slimes","floor":1,"turns":3},{"damage":5,"enemies":"Cultist","floor":2,"turns":4},{"damage":1,"enemies":"Jaw Worm","floor":4,"turns":2},{"damage":44,"enemies":"Lagavulin","floor":6,"turns":7},{"damage":28,"enemies":"3 Sentries","floor":8,"turns":7},{"damage":0,"enemies":"2 Fungi Beasts","floor":10,"turns":3},{"damage":12,"enemies":"3 Louse","floor":11,"turns":4},{"damage":16,"enemies":"Gremlin Nob","floor":12,"turns":3},{"damage":8,"enemies":"Large Slime","floor":14,"turns":4},{"damage":10,"enemies":"The Guardian","floor":16,"turns":4}],"seed_played":"8066106012579120785","potions_obtained":[{"floor":1,"key":"LiquidBronze"},{"floor":2,"key":"Energy Potion"},{"floor":3,"key":"EntropicBrew"},{"floor":8,"key":"Strength Potion"},{"floor":11,"key":"AttackPotion"},{"floor":12,"key":"AttackPotion"}],"is_trial":false,"path_per_floor":["M","M","?","M","$","E","R","E","T","M","M","E","$","M","R","B"],"character_chosen":"IRONCLAD","items_purchased":["Perfected Strike","Omamori"],"campfire_rested":0,"item_purchase_floors":[5,13],"current_hp_per_floor":[79,80,80,80,80,42,42,20,20,26,20,10,10,8,8,0],"gold":81,"neow_bonus":"ONE_RARE_RELIC","is_prod":false,"is_daily":false,"chose_seed":false,"campfire_upgraded":2,"win_rate":0,"timestamp":1553062695,"path_taken":["M","M","?","M","?","E","R","E","T","M","M","E","$","M","R","BOSS"],"build_version":"2019-01-23","purchased_purges":0,"victory":false,"max_hp_per_floor":[80,80,80,80,80,80,80,80,80,80,80,80,80,80,80,80],"card_choices":[{"not_picked":["Wild Strike","Clothesline"],"picked":"Battle Trance","floor":1},{"not_picked":["Twin Strike","Dropkick"],"picked":"True Grit","floor":2},{"not_picked":["Headbutt","Combust"],"picked":"Spot Weakness","floor":4},{"not_picked":["Anger","Pummel"],"picked":"Corruption","floor":6},{"not_picked":["Sentinel","Clash"],"picked":"Spot Weakness","floor":8},{"not_picked":["Havoc","Iron Wave"],"picked":"Shrug It Off","floor":10},{"not_picked":["Sentinel","Infernal Blade"],"picked":"Heavy Blade","floor":11},{"not_picked":["Headbutt","Dual Wield"],"picked":"Armaments","floor":12},{"not_picked":["Heavy Blade","Dropkick"],"picked":"Perfected Strike","floor":14}],"player_experience":1284142,"relics_obtained":[{"floor":6,"key":"Frozen Egg 2"},{"floor":8,"key":"MawBank"},{"floor":9,"key":"Lantern"},{"floor":12,"key":"Ancient Tea Set"}],"event_choices":[{"damage_healed":0,"gold_gain":0,"player_choice":"Got Potions","damage_taken":0,"max_hp_gain":0,"max_hp_loss":0,"event_name":"Lab","floor":3,"gold_loss":0}],"is_beta":false,"boss_relics":[],"items_purged_floors":[],"is_endless":false,"potions_floor_spawned":[1,2,8,11,12],"killed_by":"The Guardian","ascension_level":0}