{"gold_per_floor":[113,113,129,139,139,139,214,214,214,214,230,230],"floor_reached":12,"playtime":434,"items_purged":[],"score":136,"play_id":"f41a2e0f-bb1a-4c95-b505-89454e4755cf","local_time":"20190429211705","is_ascension_mode":true,"campfire_choices":[{"data":"Leg Sweep","floor":6,"key":"SMITH"},{"data":"Survivor","floor":8,"key":"SMITH"},{"data":"Dodge and Roll","floor":10,"key":"SMITH"}],"neow_cost":"NONE","seed_source_timestamp":616776023906951,"circlet_count":0,"master_deck":["AscendersBane","Defend_G","Defend_G","Defend_G","Defend_G","Defend_G","Strike_G","Strike_G","Strike_G","Strike_G+1","Strike_G","Survivor+1","Neutralize+1","Dodge and Roll+1","Leg Sweep+1","Malaise"],"relics":["Ring of the Snake","Vajra","Gremlin Horn","Pear"],"potions_floor_usage":[12],"damage_taken":[{"damage":0,"enemies":"Cultist","floor":1,"turns":3},{"damage":0,"enemies":"2 Louse","floor":3,"turns":3},{"damage":1,"enemies":"Small Slimes","floor":4,"turns":5},{"damage":0,"enemies":"Blue Slaver","floor":11,"turns":6},{"damage":37,"enemies":"Gremlin Nob","floor":12,"turns":6}],"seed_played":"8229877988463221843","potions_obtained":[{"floor":1,"key":"SkillPotion"}],"is_trial":false,"path_per_floor":["M","T","M","M","?","R","?","R","T","R","M","E"],"character_chosen":"THE_SILENT","items_purchased":[],"campfire_rested":0,"item_purchase_floors":[],"current_hp_per_floor":[59,59,59,58,38,38,27,27,37,37,37,0],"gold":230,"neow_bonus":"RANDOM_COMMON_RELIC","is_prod":false,"is_daily":false,"chose_seed":false,"campfire_upgraded":3,"win_rate":0,"timestamp":1556587025,"path_taken":["M","?","M","M","?","R","?","R","T","R","?","E"],"build_version":"2019-01-23","purchased_purges":0,"victory":false,"max_hp_per_floor":[66,66,66,66,66,66,66,66,76,76,76,76],"card_choices":[{"not_picked":["Heel Hook","Outmaneuver"],"picked":"Dodge and Roll","floor":1},{"not_picked":["Dagger Throw","Slice"],"picked":"Leg Sweep","floor":3},{"not_picked":["Setup","Underhanded Strike","Acrobatics"],"picked":"SKIP","floor":4},{"not_picked":["Backflip","PiercingWail"],"picked":"Malaise","floor":11}],"player_experience":2113164,"relics_obtained":[{"floor":2,"key":"Gremlin Horn"},{"floor":9,"key":"Pear"}],"event_choices":[{"damage_healed":0,"gold_gain":0,"player_choice":"Entered Light","damage_taken":20,"max_hp_gain":0,"max_hp_loss":0,"event_name":"Shining Light","floor":5,"gold_loss":0,"cards_upgraded":["Strike_G","Neutralize"]},{"damage_healed":0,"gold_gain":75,"player_choice":"Gather Gold","damage_taken":11,"max_hp_gain":0,"max_hp_loss":0,"event_name":"World of Goop","floor":7,"gold_loss":0}],"is_beta":false,"boss_relics":[],"items_purged_floors":[],"is_endless":false,"potions_floor_spawned":[1],"killed_by":"Gremlin Nob","ascension_level":20}