{"gold_per_floor":[109,409,409,426,441,441,516,542,542,542],"floor_reached":10,"playtime":250,"items_purged":[],"score":112,"play_id":"9df2dcf5-903b-4efc-a891-762e0063f6da","local_time":"20190430041011","is_ascension_mode":true,"campfire_choices":[{"data":"Bash","floor":6,"key":"SMITH"}],"neow_cost":"NONE","seed_source_timestamp":641743779630628,"circlet_count":0,"master_deck":["AscendersBane","Strike_R","Strike_R","Strike_R","Strike_R","Defend_R","Defend_R","Defend_R","Defend_R","Bash+1","Shrug It Off","Shrug It Off","Shrug It Off"],"relics":["Burning Blood","NeowsBlessing","Old Coin","Odd Mushroom","Gremlin Horn"],"potions_floor_usage":[8,10],"damage_taken":[{"damage":0,"enemies":"Jaw Worm","floor":1,"turns":1},{"damage":0,"enemies":"Small Slimes","floor":4,"turns":1},{"damage":0,"enemies":"2 Louse","floor":5,"turns":1},{"damage":30,"enemies":"The Mushroom Lair","floor":8,"turns":6},{"damage":57,"enemies":"3 Sentries","floor":10,"turns":8}],"seed_played":"-9074420475351146782","potions_obtained":[{"floor":1,"key":"AttackPotion"},{"floor":8,"key":"Regen Potion"}],"is_trial":false,"path_per_floor":["M","?","?","M","M","R","?","?","T","E"],"character_chosen":"IRONCLAD","items_purchased":[],"campfire_rested":0,"item_purchase_floors":[],"current_hp_per_floor":[74,63,56,62,68,68,57,33,33,0],"gold":542,"neow_bonus":"THREE_ENEMY_KILL","is_prod":false,"is_daily":false,"chose_seed":false,"campfire_upgraded":1,"win_rate":0,"timestamp":1556611811,"path_taken":["M","?","?","M","?","R","?","?","T","E"],"build_version":"2019-01-23","purchased_purges":0,"victory":false,"max_hp_per_floor":[75,75,75,75,75,75,75,75,75,75],"card_choices":[{"not_picked":["Twin Strike","Flex"],"picked":"Shrug It Off","floor":1},{"not_picked":["Anger","Armaments","Blood for Blood"],"picked":"SKIP","floor":4},{"not_picked":["Inflame","Perfected Strike"],"picked":"Shrug It Off","floor":5},{"not_picked":["Anger","Rage"],"picked":"Shrug It Off","floor":8}],"player_experience":2137170,"relics_obtained":[{"floor":8,"key":"Odd Mushroom"},{"floor":9,"key":"Gremlin Horn"}],"event_choices":[{"damage_healed":0,"gold_gain":0,"player_choice":"Success","damage_taken":11,"relics_obtained":["Old Coin"],"max_hp_gain":0,"max_hp_loss":0,"event_name":"Scrap Ooze","floor":2,"gold_loss":0},{"cards_removed":["Strike_R"],"damage_healed":0,"gold_gain":0,"player_choice":"Card Removal","damage_taken":7,"max_hp_gain":0,"max_hp_loss":0,"event_name":"Golden Wing","floor":3,"gold_loss":0},{"damage_healed":0,"gold_gain":75,"player_choice":"Gather Gold","damage_taken":11,"max_hp_gain":0,"max_hp_loss":0,"event_name":"World of Goop","floor":7,"gold_loss":0},{"damage_healed":0,"gold_gain":0,"player_choice":"Fought Mushrooms","damage_taken":0,"max_hp_gain":0,"max_hp_loss":0,"event_name":"Mushrooms","floor":8,"gold_loss":0}],"is_beta":false,"boss_relics":[],"items_purged_floors":[],"is_endless":false,"potions_floor_spawned":[1,8],"killed_by":"3 Sentries","ascension_level":20}