{"gold_per_floor":[149,149,149,169,193,193,193,30,30,58,84,108,145,188,200,212],"floor_reached":16,"playtime":1018,"items_purged":[],"score":200,"play_id":"2b1ddf3d-ca56-4e49-ac40-20710443f0ab","local_time":"20190319202836","is_ascension_mode":true,"campfire_choices":[{"data":"True Grit","floor":6,"key":"SMITH"},{"data":"Armaments","floor":15,"key":"SMITH"}],"neow_cost":"NONE","seed_source_timestamp":240369671914342,"circlet_count":0,"master_deck":["AscendersBane","Strike_R","Strike_R","Strike_R","Strike_R","Defend_R","Defend_R","Defend_R","Defend_R","Bash","True Grit+1","Evolve","Armaments+1","Inflame"],"relics":["Burning Blood","Tiny Chest","Pen Nib","Bag of Marbles","MawBank","Anchor","Juzu Bracelet"],"potions_floor_usage":[11,12],"damage_taken":[{"damage":9,"enemies":"Jaw Worm","floor":1,"turns":5},{"damage":0,"enemies":"Small Slimes","floor":4,"turns":8},{"damage":6,"enemies":"Cultist","floor":10,"turns":3},{"damage":5,"enemies":"Exordium Wildlife","floor":11,"turns":5},{"damage":16,"enemies":"Looter","floor":12,"turns":4},{"damage":10,"enemies":"3 Sentries","floor":14,"turns":12},{"damage":58,"enemies":"Slime Boss","floor":16,"turns":9}],"seed_played":"227582903483149662","potions_obtained":[{"floor":7,"key":"Strength Potion"},{"floor":7,"key":"SmokeBomb"},{"floor":10,"key":"Fire Potion"}],"is_trial":false,"path_per_floor":["M","?","?","M","T","R","?","$","T","M","M","M","T","E","R","B"],"character_chosen":"IRONCLAD","items_purchased":["Bag of Marbles"],"campfire_rested":0,"item_purchase_floors":[8],"current_hp_per_floor":[65,70,63,69,69,69,69,69,69,69,70,60,60,56,56,0],"gold":212,"neow_bonus":"RANDOM_COMMON_RELIC","is_prod":false,"is_daily":false,"chose_seed":false,"campfire_upgraded":2,"win_rate":0,"timestamp":1553041716,"path_taken":["M","?","?","M","?","R","?","$","T","?","M","M","?","E","R","BOSS"],"build_version":"2019-01-23","purchased_purges":0,"victory":false,"max_hp_per_floor":[75,80,80,80,80,80,80,80,80,80,80,80,80,80,80,80],"card_choices":[{"not_picked":["Twin Strike","Corruption"],"picked":"True Grit","floor":1},{"not_picked":["Sever Soul","Havoc"],"picked":"Evolve","floor":4},{"not_picked":["Thunderclap","Iron Wave"],"picked":"Armaments","floor":10},{"not_picked":["Body Slam","Heavy Blade","Havoc"],"picked":"SKIP","floor":11},{"not_picked":["Reckless Charge","Sever Soul","Havoc"],"picked":"SKIP","floor":12},{"not_picked":["Clothesline","Sentinel"],"picked":"Inflame","floor":14}],"player_experience":1264491,"relics_obtained":[{"floor":5,"key":"Pen Nib"},{"floor":9,"key":"MawBank"},{"floor":13,"key":"Anchor"},{"floor":14,"key":"Juzu Bracelet"}],"event_choices":[{"damage_healed":0,"gold_gain":0,"player_choice":"Donut","damage_taken":0,"max_hp_gain":5,"max_hp_loss":0,"event_name":"Big Fish","floor":2,"gold_loss":0},{"cards_removed":["Strike_R"],"damage_healed":0,"gold_gain":0,"player_choice":"Card Removal","damage_taken":7,"max_hp_gain":0,"max_hp_loss":0,"event_name":"Golden Wing","floor":3,"gold_loss":0},{"damage_healed":0,"gold_gain":0,"player_choice":"Got Potions","damage_taken":0,"max_hp_gain":0,"max_hp_loss":0,"event_name":"Lab","floor":7,"gold_loss":0}],"is_beta":false,"boss_relics":[],"items_purged_floors":[],"is_endless":false,"potions_floor_spawned":[10],"killed_by":"Slime Boss","ascension_level":20}