{"gold_per_floor":[111,186,186,198,360,399,411,453,518,530,542,585,611,643,655,742,754,780,811,88,88,3,3,30,30,30,30,63,74,103,115,115,194,194,212,212,222,104,124,124,142,156,156,156,156,183,183,213,213,213,213,213,16,43,43],"floor_reached":55,"playtime":3293,"items_purged":[],"score":1638,"play_id":"fdbc7756-062c-432f-be52-6a6b90cf0933","local_time":"20190322045121","is_ascension_mode":true,"campfire_choices":[{"data":"Noxious Fumes","floor":7,"key":"SMITH"},{"data":"Wraith Form v2","floor":10,"key":"SMITH"},{"data":"Crippling Poison","floor":15,"key":"SMITH"},{"data":"Catalyst","floor":23,"key":"SMITH"},{"floor":27,"key":"REST"},{"floor":32,"key":"REST"},{"data":"Footwork","floor":40,"key":"SMITH"},{"data":"Night Terror","floor":44,"key":"SMITH"},{"data":"Glass Knife","floor":47,"key":"SMITH"},{"floor":49,"key":"RECALL"},{"floor":52,"key":"REST"}],"neow_cost":"NONE","seed_source_timestamp":441069208011674,"circlet_count":0,"master_deck":["AscendersBane","Defend_G+1","Defend_G+1","Defend_G+1","Defend_G+1","Defend_G+1","Strike_G+1","Strike_G+1","Strike_G+1","Strike_G+1","Strike_G+1","Survivor","Neutralize+1","Noxious Fumes+1","Wraith Form v2+1","PiercingWail","Crippling Poison+1","Crippling Poison","Die Die Die","Catalyst+1","Footwork+1","Leg Sweep","Dodge and Roll","Burst","Acrobatics+1","Glass Knife+1","Night Terror+1","PiercingWail+1","Noxious Fumes","Corpse Explosion","Bouncing Flask","Noxious Fumes","Night Terror"],"relics":["Ring of the Serpent","NeowsBlessing","MawBank","Letter Opener","Paper Crane","Art of War","Tough Bandages","ClockworkSouvenir","Anchor","Lantern","Regal Pillow","Vajra","Mummified Hand","Happy Flower","Bag of Preparation","Velvet Choker","Molten Egg 2","Ginger","Gremlin Horn","Dodecahedron"],"potions_floor_usage":[12,24,24,29,33,42,50,55,55],"damage_taken":[{"damage":0,"enemies":"2 Louse","floor":1,"turns":1},{"damage":0,"enemies":"Lagavulin","floor":6,"turns":1},{"damage":0,"enemies":"Gremlin Nob","floor":8,"turns":1},{"damage":6,"enemies":"Lagavulin","floor":12,"turns":9},{"damage":1,"enemies":"Small Slimes","floor":13,"turns":4},{"damage":2,"enemies":"Jaw Worm","floor":14,"turns":4},{"damage":16,"enemies":"The Guardian","floor":16,"turns":11},{"damage":7,"enemies":"2 Thieves","floor":18,"turns":4},{"damage":1,"enemies":"3 Byrds","floor":19,"turns":3},{"damage":6,"enemies":"Slavers","floor":24,"turns":5},{"damage":18,"enemies":"Gremlin Leader","floor":28,"turns":5},{"damage":0,"enemies":"Snecko","floor":29,"turns":5},{"damage":16,"enemies":"Slavers","floor":30,"turns":3},{"damage":0,"enemies":"Cultist and Chosen","floor":31,"turns":4},{"damage":16,"enemies":"Collector","floor":33,"turns":6},{"damage":0,"enemies":"3 Darklings","floor":35,"turns":3},{"damage":0,"enemies":"Orb Walker","floor":37,"turns":3},{"damage":2,"enemies":"Jaw Worm Horde","floor":39,"turns":4},{"damage":0,"enemies":"3 Darklings","floor":41,"turns":3},{"damage":1,"enemies":"Transient","floor":42,"turns":6},{"damage":13,"enemies":"Nemesis","floor":46,"turns":5},{"damage":0,"enemies":"Giant Head","floor":48,"turns":2},{"damage":55,"enemies":"Awakened One","floor":50,"turns":16},{"damage":48,"enemies":"Shield and Spear","floor":54,"turns":6},{"damage":28,"enemies":"The Heart","floor":55,"turns":5}],"seed_played":"5250950899385050473","potions_obtained":[{"floor":1,"key":"Dexterity Potion"},{"floor":6,"key":"PowerPotion"},{"floor":13,"key":"Weak Potion"},{"floor":24,"key":"SteroidPotion"},{"floor":29,"key":"Fruit Juice"},{"floor":31,"key":"SkillPotion"},{"floor":35,"key":"PowerPotion"},{"floor":46,"key":"GhostInAJar"}],"is_trial":false,"path_per_floor":["M","?","?","?","?","E","R","E","T","R","?","E","M","M","R","B",null,"M","M","$","?","?","R","E","?","T","R","E","M","E","M","R","B",null,"M","?","M","$","M","R","M","M","T","R","T","E","R","E","R","B",null,"R","$","E","B"],"character_chosen":"THE_SILENT","items_purchased":["ClockworkSouvenir","Anchor","Footwork","Lantern","Leg Sweep","GhostInAJar","Noxious Fumes","LiquidBronze","Bouncing Flask","Noxious Fumes"],"campfire_rested":3,"item_purchase_floors":[20,20,20,20,20,38,38,53,53,53],"current_hp_per_floor":[59,48,43,43,43,43,43,43,43,43,36,30,29,27,27,11,52,45,44,44,44,44,44,38,20,20,56,38,43,27,27,64,48,69,69,76,76,76,74,74,74,73,73,73,73,60,60,60,60,5,58,76,76,28,0],"gold":43,"neow_bonus":"THREE_ENEMY_KILL","is_prod":false,"is_daily":false,"chose_seed":false,"campfire_upgraded":7,"win_rate":0,"timestamp":1553244681,"path_taken":["M","?","?","?","?","E","R","E","T","R","?","E","M","M","R","BOSS","M","M","$","?","?","R","E","?","T","R","E","M","E","M","R","BOSS","M","?","M","$","?","R","M","M","T","R","?","E","R","E","R","BOSS","R","$","E","BOSS"],"build_version":"2019-01-23","purchased_purges":0,"victory":false,"max_hp_per_floor":[66,66,66,66,66,66,66,66,66,66,66,66,66,66,66,66,66,66,66,66,66,66,66,66,71,71,71,71,76,76,76,76,76,76,76,76,76,76,76,76,76,76,76,76,76,76,76,76,76,76,76,76,76,76,76],"card_choices":[{"not_picked":["Bouncing Flask","Blur"],"picked":"Noxious Fumes","floor":1},{"not_picked":["Calculated Gamble","Cloak And Dagger"],"picked":"Wraith Form v2","floor":6},{"not_picked":["Night Terror","Dagger Spray"],"picked":"PiercingWail","floor":8},{"not_picked":["Terror","Masterful Stab","Flying Knee"],"picked":"SKIP","floor":12},{"not_picked":["Dodge and Roll","Expertise"],"picked":"Crippling Poison","floor":13},{"not_picked":["Slice","Flechettes"],"picked":"Crippling Poison","floor":14},{"not_picked":["Venomology","Unload"],"picked":"Die Die Die","floor":16},{"not_picked":["Noxious Fumes","Flying Knee"],"picked":"Catalyst","floor":18},{"not_picked":["Deadly Poison","Flying Knee+1","Terror"],"picked":"SKIP","floor":19},{"not_picked":["Outmaneuver+1","Distraction"],"picked":"Dodge and Roll","floor":24},{"not_picked":["Flechettes","Flying Knee"],"picked":"Burst","floor":28},{"not_picked":["Outmaneuver","Slice"],"picked":"Acrobatics+1","floor":29},{"not_picked":["PiercingWail","Sucker Punch"],"picked":"Glass Knife","floor":30},{"not_picked":["Cloak And Dagger","Choke","Blade Dance"],"picked":"SKIP","floor":31},{"not_picked":["Tools of the Trade","Grand Finale"],"picked":"Night Terror","floor":33},{"not_picked":["Poisoned Stab","Acrobatics+1"],"picked":"PiercingWail+1","floor":35},{"not_picked":["Blur","Dagger Throw+1","Blade Dance"],"picked":"SKIP","floor":37},{"not_picked":["Poisoned Stab","Predator+1","Backflip"],"picked":"SKIP","floor":39},{"not_picked":["Sucker Punch","Cloak And Dagger+1"],"picked":"Corpse Explosion","floor":41},{"not_picked":["Dodge and Roll","Reflex","Masterful Stab+1"],"picked":"SKIP","floor":42},{"not_picked":["Concentrate","Dagger Spray+1","Predator+1"],"picked":"SKIP","floor":46},{"not_picked":["Dagger Throw+1","Leg Sweep","Choke+1"],"picked":"SKIP","floor":48},{"not_picked":["Dagger Spray+1","Acrobatics"],"picked":"Night Terror","floor":54}],"player_experience":1334714,"relics_obtained":[{"floor":6,"key":"Letter Opener"},{"floor":8,"key":"Paper Crane"},{"floor":9,"key":"Art of War"},{"floor":12,"key":"Tough Bandages"},{"floor":24,"key":"Vajra"},{"floor":26,"key":"Mummified Hand"},{"floor":28,"key":"Happy Flower"},{"floor":30,"key":"Bag of Preparation"},{"floor":43,"key":"Molten Egg 2"},{"floor":46,"key":"Ginger"},{"floor":48,"key":"Gremlin Horn"},{"floor":54,"key":"Dodecahedron"}],"event_choices":[{"damage_healed":0,"gold_gain":75,"player_choice":"Gather Gold","damage_taken":11,"max_hp_gain":0,"max_hp_loss":0,"event_name":"World of Goop","floor":2,"gold_loss":0},{"damage_healed":0,"gold_gain":0,"player_choice":"Success","damage_taken":5,"relics_obtained":["MawBank"],"max_hp_gain":0,"max_hp_loss":0,"event_name":"Scrap Ooze","floor":3,"gold_loss":0},{"damage_healed":0,"gold_gain":0,"player_choice":"Grow","damage_taken":0,"max_hp_gain":0,"max_hp_loss":0,"event_name":"Living Wall","floor":4,"gold_loss":0,"cards_upgraded":["Neutralize"]},{"damage_healed":0,"gold_gain":150,"player_choice":"AGREE","damage_taken":0,"max_hp_gain":0,"max_hp_loss":0,"event_name":"Liars Game","floor":5,"gold_loss":0,"cards_obtained":["Doubt"]},{"cards_removed":["Doubt"],"damage_healed":0,"gold_gain":0,"player_choice":"Card Removal","damage_taken":7,"max_hp_gain":0,"max_hp_loss":0,"event_name":"Golden Wing","floor":11,"gold_loss":0},{"damage_healed":0,"gold_gain":0,"player_choice":"Simplicity","damage_taken":0,"max_hp_gain":0,"max_hp_loss":0,"event_name":"Back to Basics","floor":21,"gold_loss":0,"cards_upgraded":["Defend_G","Defend_G","Defend_G","Defend_G","Defend_G","Strike_G","Strike_G","Strike_G","Strike_G","Strike_G"]},{"damage_healed":0,"gold_gain":0,"player_choice":"Obtained Relic","damage_taken":0,"relics_obtained":["Regal Pillow"],"max_hp_gain":0,"max_hp_loss":0,"event_name":"Addict","floor":22,"gold_loss":85},{"damage_healed":0,"gold_gain":0,"player_choice":"Shed Blood","damage_taken":23,"max_hp_gain":5,"max_hp_loss":0,"event_name":"Forgotten Altar","floor":25,"gold_loss":0},{"damage_healed":7,"gold_gain":0,"player_choice":"Full Heal","damage_taken":0,"max_hp_gain":0,"max_hp_loss":0,"event_name":"Wheel of Change","floor":36,"gold_loss":0}],"is_beta":false,"boss_relics":[{"not_picked":["Snecko Eye","Ectoplasm"],"picked":"Ring of the Serpent"},{"not_picked":["Pandora\u0027s Box","Orrery"],"picked":"Velvet Choker"}],"items_purged_floors":[],"is_endless":false,"potions_floor_spawned":[1,6,13,14,24,29,31,35,37,46],"killed_by":"The Heart","ascension_level":18}