{"gold_per_floor":[115,95,109,57,71,96,96,18,18,36,111,111,144,156,156,228,228,247,297,313,68,68],"floor_reached":22,"playtime":988,"items_purged":[],"score":340,"play_id":"f1dfb58c-83da-4172-a2f2-0dc03e14e1ea","local_time":"20190430214801","is_ascension_mode":true,"campfire_choices":[{"floor":7.0,"key":"REST"},{"floor":12.0,"key":"REST"},{"data":"Hologram","floor":15.0,"key":"SMITH"}],"neow_cost":"PERCENT_DAMAGE","seed_source_timestamp":120890163006902,"circlet_count":0,"master_deck":["AscendersBane","Strike_B","Strike_B","Strike_B","Strike_B","Defend_B","Defend_B","Defend_B","Defend_B","Zap","Dualcast","Streamline","Steam","Hologram+1","Conserve Battery","Gash","Gash","Cold Snap","Compile Driver","Electrodynamics","Genetic Algorithm+1"],"special_seed":0,"relics":["Cracked Core","StoneCalendar","Kunai","Mummified Hand","Toxic Egg 2","Eternal Feather","Gremlin Horn"],"potions_floor_usage":[],"damage_taken":[{"damage":0.0,"enemies":"2 Louse","floor":1.0,"turns":3.0},{"damage":6.0,"enemies":"Cultist","floor":3.0,"turns":3.0},{"damage":0.0,"enemies":"Small Slimes","floor":5.0,"turns":3.0},{"damage":18.0,"enemies":"3 Sentries","floor":6.0,"turns":7.0},{"damage":13.0,"enemies":"Exordium Thugs","floor":10.0,"turns":5.0},{"damage":9.0,"enemies":"Lagavulin","floor":13.0,"turns":7.0},{"damage":2.0,"enemies":"Blue Slaver","floor":14.0,"turns":3.0},{"damage":22.0,"enemies":"Slime Boss","floor":16.0,"turns":7.0},{"damage":5.0,"enemies":"3 Byrds","floor":18.0,"turns":3.0},{"damage":2.0,"enemies":"Shell Parasite","floor":20.0,"turns":6.0},{"damage":50,"enemies":"Shelled Parasite and Fungi","floor":22,"turns":5}],"seed_played":"-7405342756227422223","potions_obtained":[{"floor":2.0,"key":"SkillPotion"},{"floor":3.0,"key":"Poison Potion"},{"floor":6.0,"key":"EssenceOfSteel"}],"is_trial":false,"path_per_floor":["M","?","M","$","M","E","R","$","T","M","?","R","E","M","R","B",null,"M","?","M","$","M"],"character_chosen":"DEFECT","items_purchased":["Hologram","Gash","Cold Snap","Gremlin Horn"],"campfire_rested":2,"item_purchase_floors":[4,8,8,21],"current_hp_per_floor":[46,46,40,40,40,22,43,43,43,30,19,40,31,29,29,7,55,50,50,48,48,0],"gold":68,"neow_bonus":"ONE_RARE_RELIC","is_prod":false,"is_daily":false,"chose_seed":false,"campfire_upgraded":1,"win_rate":0,"timestamp":1556675281,"path_taken":["M","?","M","?","M","E","R","$","T","?","?","R","E","M","R","BOSS","M","?","M","$","M"],"build_version":"2019-04-23","purchased_purges":0,"victory":false,"max_hp_per_floor":[71,71,71,71,71,71,71,71,71,71,71,71,71,71,71,71,71,71,71,71,71,71],"card_choices":[{"not_picked":["Rebound","Hologram"],"picked":"Streamline","floor":1.0},{"not_picked":["Compile Driver","Rebound"],"picked":"Steam","floor":3.0},{"not_picked":["Storm","Rebound"],"picked":"Conserve Battery","floor":5.0},{"not_picked":["Fusion","Undo"],"picked":"Gash","floor":6.0},{"not_picked":["Auto Shields","Force Field","Leap"],"picked":"SKIP","floor":10.0},{"not_picked":["Hello World","Redo","Go for the Eyes"],"picked":"SKIP","floor":13.0},{"not_picked":["Rebound","Double Energy+1"],"picked":"Compile Driver","floor":14.0},{"not_picked":["Meteor Strike","Reboot+1"],"picked":"Electrodynamics","floor":16.0},{"not_picked":["Hello World","Conserve Battery+1"],"picked":"Genetic Algorithm+1","floor":18.0},{"not_picked":["Beam Cell","Barrage","Stack+1"],"picked":"SKIP","floor":20.0}],"player_experience":2480561,"relics_obtained":[{"floor":6.0,"key":"Kunai"},{"floor":9.0,"key":"Mummified Hand"},{"floor":13.0,"key":"Toxic Egg 2"}],"event_choices":[{"damage_healed":0.0,"max_hp_gain":0.0,"max_hp_loss":0.0,"gold_gain":0.0,"event_name":"The Woman in Blue","player_choice":"Bought 1 Potion","floor":2.0,"gold_loss":0.0,"damage_taken":0.0},{"damage_healed":0.0,"max_hp_gain":0.0,"max_hp_loss":0.0,"gold_gain":75.0,"event_name":"World of Goop","player_choice":"Gather Gold","floor":11.0,"gold_loss":0.0,"damage_taken":11.0},{"damage_healed":0.0,"max_hp_gain":0.0,"max_hp_loss":0.0,"gold_gain":50.0,"event_name":"Nest","player_choice":"Stole From Cult","floor":19.0,"gold_loss":0.0,"damage_taken":0.0}],"is_beta":true,"boss_relics":[{"not_picked":["Orrery","Black Star"],"picked":"Eternal Feather"}],"items_purged_floors":[],"is_endless":false,"potions_floor_spawned":[3,6,13,16],"killed_by":"Shelled Parasite and Fungi","ascension_level":15}