{"gold_per_floor":[409,334,334,409,409,409,440,452,539,580,592,633,662,46,46,122,122,139,139,152,67,81,107,107,139,139,165,175,200,12,31,31,107,107,123,45,45,145,157,157,189,189,215,248,248,282,282,292,292,292,292,292,292,2,31,31],"floor_reached":57,"playtime":4505,"items_purged":["Strike_R","Strike_R","Normality"],"score":2910,"play_id":"6b1ba68c-32f7-4f79-9da6-8ffb0016c243","local_time":"20190505200839","is_ascension_mode":true,"campfire_choices":[{"data":"Anger","floor":6,"key":"SMITH"},{"data":"Iron Wave","floor":8,"key":"SMITH"},{"data":"Bash","floor":11,"key":"SMITH"},{"data":"Barricade","floor":15,"key":"SMITH"},{"data":"True Grit","floor":24,"key":"SMITH"},{"data":"Heavy Blade","floor":32,"key":"SMITH"},{"data":"Apotheosis","floor":40,"key":"SMITH"},{"floor":42,"key":"DIG"},{"floor":47,"key":"DIG"},{"floor":49,"key":"RECALL"},{"floor":53,"key":"DIG"}],"neow_cost":"PERCENT_DAMAGE","seed_source_timestamp":466472992405614,"circlet_count":0,"master_deck":["AscendersBane","Strike_R","Strike_R","Defend_R","Defend_R","Defend_R","Defend_R","Bash+1","Anger+1","Iron Wave+1","Spot Weakness","Barricade+1","Shrug It Off","Reaper","Shockwave+1","True Grit+1","Twin Strike","Shrug It Off","Whirlwind","Evolve","Corruption","Heavy Blade+1","Juggernaut","Battle Trance","Feel No Pain","PanicButton","Apotheosis+1","Thinking Ahead","Sentinel","Second Wind+1","Uppercut","Flex+1","Metallicize","Shrug It Off+1","Demon Form"],"relics":["Burning Blood","Old Coin","PreservedInsect","MawBank","Self Forming Clay","Potion Belt","Letter Opener","OrangePellets","Gremlin Horn","Cursed Key","Dream Catcher","Oddly Smooth Stone","Bottled Tornado","Ornamental Fan","Sundial","Runic Pyramid","Shovel","Red Skull","Happy Flower","Toxic Egg 2","Bottled Lightning","Pantograph","Mummified Hand","Boot"],"potions_floor_usage":[25,27,33,56,56],"damage_taken":[{"damage":1,"enemies":"Cultist","floor":1,"turns":3},{"damage":6,"enemies":"Gremlin Nob","floor":7,"turns":3},{"damage":10,"enemies":"3 Sentries","floor":10,"turns":7},{"damage":10,"enemies":"Lagavulin","floor":12,"turns":5},{"damage":8,"enemies":"Small Slimes","floor":13,"turns":2},{"damage":30,"enemies":"Hexaghost","floor":16,"turns":8},{"damage":15,"enemies":"Shell Parasite","floor":18,"turns":6},{"damage":3,"enemies":"Chosen","floor":20,"turns":5},{"damage":0,"enemies":"Snecko","floor":22,"turns":6},{"damage":24,"enemies":"Book of Stabbing","floor":23,"turns":5},{"damage":34,"enemies":"Slavers","floor":25,"turns":6},{"damage":21,"enemies":"Book of Stabbing","floor":27,"turns":5},{"damage":15,"enemies":"Centurion and Healer","floor":28,"turns":36},{"damage":0,"enemies":"Gremlin Leader","floor":29,"turns":5},{"damage":12,"enemies":"3 Cultists","floor":31,"turns":4},{"damage":12,"enemies":"Collector","floor":33,"turns":8},{"damage":5,"enemies":"3 Shapes","floor":35,"turns":6},{"damage":0,"enemies":"Mind Bloom Boss Battle","floor":38,"turns":5},{"damage":15,"enemies":"3 Darklings","floor":39,"turns":5},{"damage":15,"enemies":"Giant Head","floor":41,"turns":5},{"damage":6,"enemies":"Nemesis","floor":44,"turns":7},{"damage":9,"enemies":"Giant Head","floor":46,"turns":7},{"damage":3,"enemies":"Writhing Mass","floor":48,"turns":5},{"damage":24,"enemies":"Time Eater","floor":50,"turns":11},{"damage":63,"enemies":"Awakened One","floor":51,"turns":9},{"damage":45,"enemies":"Shield and Spear","floor":55,"turns":6},{"damage":14,"enemies":"The Heart","floor":56,"turns":9}],"seed_played":"-6735730903498756187","potions_obtained":[{"floor":12,"key":"FearPotion"},{"floor":13,"key":"PowerPotion"},{"floor":20,"key":"Strength Potion"},{"floor":25,"key":"EssenceOfSteel"},{"floor":29,"key":"Energy Potion"},{"floor":33,"key":"Block Potion"},{"floor":41,"key":"Dexterity Potion"}],"is_trial":false,"path_per_floor":["M","?","?","?","?","R","E","R","T","E","R","E","M","$","R","B",null,"M","?","M","?","M","E","R","E","T","E","M","E","$","M","R","B",null,"M","$","?","?","M","R","E","R","T","E","?","E","R","M","R","B","B",null,"R","$","E","B",null],"character_chosen":"IRONCLAD","items_purchased":["OrangePellets","Gremlin Horn","SteroidPotion","Corruption","Feel No Pain","Demon Form"],"campfire_rested":0,"item_purchase_floors":[14,14,14,30,36,54],"current_hp_per_floor":[55,55,44,33,58,58,58,58,58,54,54,50,48,48,48,24,62,63,42,51,51,64,61,61,53,53,48,80,80,80,80,80,80,80,80,80,70,80,80,80,80,80,80,80,80,80,80,80,80,62,44,71,71,71,61,72],"gold":31,"neow_bonus":"ONE_RARE_RELIC","is_prod":false,"is_daily":false,"chose_seed":false,"campfire_upgraded":7,"win_rate":0,"timestamp":1557112119,"path_taken":["M","?","?","?","?","R","E","R","T","E","R","E","M","$","R","BOSS","M","?","M","?","M","E","R","E","T","E","M","E","?","M","R","BOSS","M","$","?","?","M","R","E","R","T","E","?","E","R","M","R","BOSS","BOSS","R","$","E","BOSS"],"build_version":"2019-04-23","purchased_purges":3,"victory":true,"max_hp_per_floor":[75,75,75,75,75,75,75,75,75,75,75,75,75,75,75,75,75,75,80,80,80,80,80,80,80,80,80,80,80,80,80,80,80,80,80,80,80,80,80,80,80,80,80,80,80,80,80,80,80,80,80,80,80,80,80,80],"card_choices":[{"not_picked":["Warcry","Sentinel"],"picked":"Anger","floor":1},{"not_picked":["Bloodletting","Flex"],"picked":"Iron Wave","floor":7},{"not_picked":["Clash","Metallicize"],"picked":"Spot Weakness","floor":10},{"not_picked":["Body Slam","Searing Blow"],"picked":"Barricade","floor":12},{"not_picked":["Power Through","Heavy Blade"],"picked":"Shrug It Off","floor":13},{"not_picked":["Demon Form","Immolate"],"picked":"Reaper","floor":16},{"not_picked":["Pommel Strike","Flex"],"picked":"Shockwave+1","floor":18},{"not_picked":["Pommel Strike","Fire Breathing"],"picked":"True Grit","floor":20},{"not_picked":["Iron Wave","Rampage"],"picked":"Twin Strike","floor":22},{"not_picked":["Flex","Perfected Strike"],"picked":"Shrug It Off","floor":23},{"not_picked":["Reckless Charge","Barricade"],"picked":"Whirlwind","floor":25},{"not_picked":["Cleave","Thunderclap","Blood for Blood"],"picked":"SKIP","floor":27},{"not_picked":["Pommel Strike","Iron Wave","Cleave"],"picked":"SKIP","floor":28},{"not_picked":["Rage","Reckless Charge"],"picked":"Evolve","floor":29},{"not_picked":["Wild Strike","Evolve"],"picked":"Heavy Blade","floor":31},{"not_picked":["Impervious","Limit Break"],"picked":"Juggernaut","floor":33},{"not_picked":["Iron Wave","Wild Strike"],"picked":"Battle Trance","floor":35},{"not_picked":["Bandage Up","Sadistic Nature"],"picked":"PanicButton","floor":37},{"not_picked":["Purity","Discovery"],"picked":"Apotheosis","floor":37},{"not_picked":["Metamorphosis","Swift Strike"],"picked":"Thinking Ahead","floor":37},{"not_picked":["Searing Blow","Evolve+1"],"picked":"Sentinel","floor":38},{"not_picked":["Battle Trance","Iron Wave+1"],"picked":"Second Wind+1","floor":39},{"not_picked":["Whirlwind","Pummel"],"picked":"Uppercut","floor":41},{"not_picked":["Headbutt","Havoc"],"picked":"Flex","floor":44},{"not_picked":["Ghostly Armor+1","Anger"],"picked":"Metallicize","floor":46},{"not_picked":["Sword Boomerang+1","Iron Wave"],"picked":"Shrug It Off+1","floor":48},{"not_picked":["Barricade","Cleave+1","Fiend Fire"],"picked":"SKIP","floor":55}],"player_experience":6185659,"relics_obtained":[{"floor":7,"key":"MawBank"},{"floor":9,"key":"Self Forming Clay"},{"floor":10,"key":"Potion Belt"},{"floor":12,"key":"Letter Opener"},{"floor":23,"key":"Oddly Smooth Stone"},{"floor":25,"key":"Bottled Tornado"},{"floor":27,"key":"Ornamental Fan"},{"floor":29,"key":"Sundial"},{"floor":38,"key":"Shovel"},{"floor":41,"key":"Red Skull"},{"floor":42,"key":"Happy Flower"},{"floor":44,"key":"Toxic Egg 2"},{"floor":46,"key":"Bottled Lightning"},{"floor":47,"key":"Pantograph"},{"floor":53,"key":"Mummified Hand"},{"floor":55,"key":"Boot"}],"event_choices":[{"cards_removed":["Strike_R"],"damage_healed":0,"gold_gain":0,"player_choice":"Card Removal","damage_taken":0,"max_hp_gain":0,"max_hp_loss":0,"event_name":"The Cleric","floor":2,"gold_loss":75},{"damage_healed":0,"gold_gain":0,"player_choice":"Success","damage_taken":11,"relics_obtained":["PreservedInsect"],"max_hp_gain":0,"max_hp_loss":0,"event_name":"Scrap Ooze","floor":3,"gold_loss":0},{"damage_healed":0,"gold_gain":75,"player_choice":"Gather Gold","damage_taken":11,"max_hp_gain":0,"max_hp_loss":0,"event_name":"World of Goop","floor":4,"gold_loss":0},{"damage_healed":25,"gold_gain":0,"player_choice":"Banana","damage_taken":0,"max_hp_gain":0,"max_hp_loss":0,"event_name":"Big Fish","floor":5,"gold_loss":0},{"damage_healed":0,"gold_gain":0,"player_choice":"Shed Blood","damage_taken":26,"max_hp_gain":5,"max_hp_loss":0,"event_name":"Forgotten Altar","floor":19,"gold_loss":0},{"damage_healed":0,"gold_gain":0,"player_choice":"Obtained Relic","damage_taken":0,"relics_obtained":["Dream Catcher"],"max_hp_gain":0,"max_hp_loss":0,"event_name":"Addict","floor":21,"gold_loss":85},{"damage_healed":0,"gold_gain":0,"player_choice":"Memory 3","damage_taken":10,"max_hp_gain":0,"max_hp_loss":0,"event_name":"SensoryStone","floor":37,"gold_loss":0},{"damage_healed":0,"gold_gain":0,"player_choice":"Fight","damage_taken":0,"max_hp_gain":0,"max_hp_loss":0,"event_name":"MindBloom","floor":38,"gold_loss":0},{"damage_healed":0,"gold_gain":0,"player_choice":"Ignored","damage_taken":0,"max_hp_gain":0,"max_hp_loss":0,"event_name":"Tomb of Lord Red Mask","floor":45,"gold_loss":0}],"is_beta":true,"boss_relics":[{"not_picked":["Lizard Tail","Runic Dome"],"picked":"Cursed Key"},{"not_picked":["Sozu","Velvet Choker"],"picked":"Runic Pyramid"}],"items_purged_floors":[14,30,54],"is_endless":false,"potions_floor_spawned":[12,13,20,23,25,29,33,38,41,44,48],"ascension_level":20}