{"gold_per_floor":[115,115,115,115,134,175,175,208,276,276,9,23,23,36,36,127,190,214,227,250,269,289,289,289],"floor_reached":24,"playtime":1171,"items_purged":[],"score":516,"play_id":"37ea9c3d-10a1-4c0f-ad62-958129208227","local_time":"20190501020401","is_ascension_mode":true,"campfire_choices":[{"data":"Zap","floor":7,"key":"SMITH"},{"data":"Cold Snap","floor":10,"key":"SMITH"},{"data":"Loop","floor":13,"key":"SMITH"},{"data":"Dualcast","floor":15,"key":"SMITH"},{"data":"Redo","floor":23,"key":"SMITH"}],"neow_cost":"NONE","seed_source_timestamp":719665310311118,"circlet_count":0,"master_deck":["AscendersBane","Strike_B","Strike_B","Defend_B","Defend_B","Defend_B","Zap+1","Dualcast+1","Gash","Cold Snap+1","Gash","Ball Lightning","Ball Lightning","Loop+1","Cold Snap","All For One+1","Sweeping Beam","Turbo","Rebound+1","Redo+1"],"relics":["Cracked Core","Golden Idol","DataDisk","Bottled Flame","Pantograph","Bag of Preparation","Tiny House"],"potions_floor_usage":[],"damage_taken":[{"damage":2,"enemies":"2 Louse","floor":1,"turns":2},{"damage":0,"enemies":"Cultist","floor":5,"turns":4},{"damage":14,"enemies":"Lagavulin","floor":6,"turns":7},{"damage":21,"enemies":"3 Sentries","floor":8,"turns":7},{"damage":0,"enemies":"Jaw Worm","floor":12,"turns":2},{"damage":9,"enemies":"Gremlin Gang","floor":14,"turns":3},{"damage":0,"enemies":"Slime Boss","floor":16,"turns":5},{"damage":0,"enemies":"Spheric Guardian","floor":18,"turns":2},{"damage":8,"enemies":"2 Thieves","floor":19,"turns":2},{"damage":0,"enemies":"Snecko","floor":20,"turns":3},{"damage":22,"enemies":"Centurion and Healer","floor":21,"turns":7},{"damage":5,"enemies":"3 Cultists","floor":22,"turns":3},{"damage":27,"enemies":"Book of Stabbing","floor":24,"turns":4}],"seed_played":"7545764218854622717","potions_obtained":[{"floor":6,"key":"EssenceOfSteel"},{"floor":14,"key":"FearPotion"},{"floor":16,"key":"Weak Potion"},{"floor":17,"key":"Explosive Potion"},{"floor":18,"key":"Ancient Potion"}],"is_trial":false,"path_per_floor":["M","?","?","?","M","E","R","E","T","R","$","M","R","M","R","B",null,"M","M","M","M","M","R","E"],"character_chosen":"DEFECT","items_purchased":["Ball Lightning","Bag of Preparation","Loop"],"campfire_rested":0,"item_purchase_floors":[11,11,11],"current_hp_per_floor":[62,62,55,55,55,41,41,20,20,20,20,20,20,11,11,36,62,62,54,54,32,27,27,0],"gold":289,"neow_bonus":"TRANSFORM_CARD","is_prod":false,"is_daily":false,"chose_seed":false,"campfire_upgraded":5,"win_rate":0,"timestamp":1556690641,"path_taken":["M","?","?","?","M","E","R","E","T","R","$","M","R","M","R","BOSS","M","M","M","?","M","R","E"],"build_version":"2019-01-23","purchased_purges":0,"victory":false,"max_hp_per_floor":[71,64,64,64,64,64,64,64,64,64,64,64,64,64,64,64,69,69,69,69,69,69,69,69],"card_choices":[{"not_picked":["Sweeping Beam","Streamline"],"picked":"Cold Snap","floor":1},{"not_picked":["Doom and Gloom","Capacitor"],"picked":"Gash","floor":5},{"not_picked":["Genetic Algorithm","Reboot"],"picked":"Ball Lightning","floor":6},{"not_picked":["Stack","Consume","Hello World"],"picked":"SKIP","floor":8},{"not_picked":["Heatsinks","Turbo","Coolheaded"],"picked":"SKIP","floor":12},{"not_picked":["Compile Driver","BootSequence"],"picked":"Cold Snap","floor":14},{"not_picked":["Core Surge","Machine Learning"],"picked":"All For One","floor":16},{"not_picked":["Doom and Gloom","Turbo"],"picked":"Sweeping Beam","floor":17},{"not_picked":["Cold Snap","Barrage"],"picked":"Turbo","floor":18},{"not_picked":["Gash","Hologram"],"picked":"Rebound+1","floor":19},{"not_picked":["Coolheaded","Turbo"],"picked":"Redo","floor":20},{"not_picked":["Beam Cell","Compile Driver","Multi-Cast"],"picked":"SKIP","floor":21},{"not_picked":["Redo","White Noise","Hello World"],"picked":"SKIP","floor":22}],"player_experience":2182511,"relics_obtained":[{"floor":6,"key":"DataDisk"},{"floor":8,"key":"Bottled Flame"},{"floor":9,"key":"Pantograph"}],"event_choices":[{"damage_healed":0,"gold_gain":0,"player_choice":"Lose Max HP","damage_taken":0,"relics_obtained":["Golden Idol"],"max_hp_gain":0,"max_hp_loss":7,"event_name":"Golden Idol","floor":2,"gold_loss":0},{"cards_removed":["Strike_B"],"damage_healed":0,"gold_gain":0,"player_choice":"Card Removal","damage_taken":7,"max_hp_gain":0,"max_hp_loss":0,"event_name":"Golden Wing","floor":3,"gold_loss":0},{"cards_removed":["Defend_B"],"damage_healed":0,"gold_gain":0,"player_choice":"Offered Basic","damage_taken":0,"max_hp_gain":0,"max_hp_loss":0,"event_name":"Bonfire Elementals","floor":4,"gold_loss":0}],"is_beta":false,"boss_relics":[{"not_picked":["Velvet Choker","Pandora\u0027s Box"],"picked":"Tiny House"}],"items_purged_floors":[],"is_endless":false,"potions_floor_spawned":[6,14,16,18,20],"killed_by":"Book of Stabbing","ascension_level":20}