{"path_per_floor":["M","M","M","?","M","E","R","E","T","M","?","R","$","T","R","B",null,"M","M","M","$","?","R","M"],"character_chosen":"IRONCLAD","items_purchased":["Thunderclap","Inflame","Strawberry"],"gold_per_floor":[11,23,40,40,54,83,83,108,188,199,199,199,94,175,175,301,301,315,329,350,127,127,127,145],"floor_reached":25,"campfire_rested":0,"playtime":1512,"current_hp_per_floor":[96,89,95,96,95,70,70,70,70,70,70,70,70,70,70,24,96,83,68,52,59,59,59,22],"items_purged":["Injury"],"gold":145,"score":238,"play_id":"8db42675-d857-48fe-8233-3876a93824a7","is_prod":false,"is_daily":false,"is_ascension_mode":false,"campfire_upgraded":4,"path_taken":["M","M","M","?","M","E","R","E","T","M","?","R","?","?","R","BOSS","M","M","M","?","?","R","?","M"],"build_version":"2018-02-08-PROD1","purchased_purges":3,"victory":false,"master_deck":["Strike_R","Strike_R","Strike_R","Strike_R","Strike_R","Defend_R","Defend_R","Defend_R","Defend_R","Bash+1","Heavy Blade+1","Perfected Strike+1","Pommel Strike","Twin Strike","Thunderclap","Inflame+1","Juggernaut+1","Heavy Blade+1","Cleave+1","Juggernaut+1","Fire Breathing+1"],"max_hp_per_floor":[96,96,96,96,96,96,96,96,96,96,96,96,96,96,96,96,96,96,96,96,103,103,103,103],"relics":["Burning Blood","Bottled Lightning","Vajra","Frozen Egg 2","Golden Idol","Gremlin Horn","Black Star","Strawberry"],"card_choices":[{"not_picked":["Anger","Reckless Charge"],"picked":"Heavy Blade"},{"not_picked":["Disarm","Dropkick"],"picked":"Perfected Strike"},{"not_picked":["Flame Barrier","Shrug It Off"],"picked":"Dropkick"},{"not_picked":["Flex","Body Slam"],"picked":"Pommel Strike"},{"not_picked":["Evolve","Wild Strike"],"picked":"Twin Strike"},{"not_picked":["Limit Break","Exhume"],"picked":"Juggernaut"},{"not_picked":["Armaments","Havoc"],"picked":"Heavy Blade"},{"not_picked":["Rupture","Anger"],"picked":"Cleave"},{"not_picked":["Anger","Flex"],"picked":"Fire Breathing"}],"player_experience":125935,"potions_floor_usage":[5,8,16,18,25],"damage_taken":[{"damage":0,"enemies":"Small Slimes","floor":1,"turns":3},{"damage":13,"enemies":"Blue Slaver","floor":2,"turns":5},{"damage":0,"enemies":"2 Louse","floor":3,"turns":2},{"damage":7,"enemies":"Gremlin Gang","floor":5,"turns":4},{"damage":31,"enemies":"Lagavulin","floor":6,"turns":7},{"damage":6,"enemies":"Gremlin Nob","floor":8,"turns":3},{"damage":6,"enemies":"Exordium Wildlife","floor":10,"turns":3},{"damage":52,"enemies":"Hexaghost","floor":16,"turns":6},{"damage":19,"enemies":"Shell Parasite","floor":18,"turns":3},{"damage":21,"enemies":"Chosen","floor":19,"turns":4},{"damage":22,"enemies":"3 Cultists","floor":20,"turns":4},{"damage":43,"enemies":"Cultist and Chosen","floor":24,"turns":6},{"damage":23,"enemies":"Snake Plant","floor":25,"turns":2}],"event_choices":[{"event_name":"Bonfire Elementals","player_choice":"UNCOMMON","floor":4,"damage_taken":0},{"event_name":"Golden Idol","player_choice":"Take Wound","floor":11,"damage_taken":0},{"event_name":"Duplicator","player_choice":"One dupe","floor":22,"damage_taken":0}],"boss_relics":[{"not_picked":["Mark of Pain","Lizard Tail"],"picked":"Black Star"}],"potions_floor_spawned":[2,5,6,10,19],"seed_played":"-1600052509412106178","killed_by":"Snake Plant","ascension_level":0,"is_trial":false}