{"gold_per_floor":[111,128,128,148,161,161,187,200,227,227,227,227,242,255,255,255],"floor_reached":16,"playtime":376,"items_purged":[],"score":208,"play_id":"949e496e-a6c1-49db-9745-c515ab5704dc","local_time":"20181110123440","is_ascension_mode":true,"campfire_choices":[{"data":"Neutralize","floor":6.0,"key":"SMITH"},{"floor":10.0,"key":"REST"},{"data":"Backflip","floor":12.0,"key":"SMITH"},{"floor":15,"key":"REST"}],"neow_cost":"NONE","seed_source_timestamp":573071655847913,"circlet_count":0,"master_deck":["AscendersBane","Defend_G","Defend_G","Defend_G","Defend_G","Defend_G","Strike_G","Strike_G","Strike_G","Strike_G","Survivor","Neutralize+1","Dagger Throw","Backflip+1","Quick Slash","Tactician","Caltrops+1","Poisoned Stab"],"special_seed":0,"relics":["Ring of the Snake","NeowsBlessing","Ancient Tea Set","Bronze Scales"],"potions_floor_usage":[16],"damage_taken":[{"damage":0.0,"enemies":"Cultist","floor":1.0,"turns":1.0},{"damage":0.0,"enemies":"Jaw Worm","floor":2.0,"turns":1.0},{"damage":0.0,"enemies":"2 Louse","floor":4.0,"turns":1.0},{"damage":0.0,"enemies":"Red Slaver","floor":5.0,"turns":6.0},{"damage":22.0,"enemies":"Gremlin Nob","floor":7.0,"turns":4.0},{"damage":25.0,"enemies":"3 Louse","floor":8.0,"turns":7.0},{"damage":15.0,"enemies":"Exordium Thugs","floor":13.0,"turns":5.0},{"damage":0,"enemies":"Exordium Wildlife","floor":14,"turns":4},{"damage":38,"enemies":"The Guardian","floor":16,"turns":10}],"seed_played":"-1981181881754625797","potions_obtained":[{"floor":2.0,"key":"Block Potion"},{"floor":4.0,"key":"Dexterity Potion"},{"floor":5.0,"key":"SteroidPotion"}],"is_trial":false,"path_per_floor":["M","M","?","M","M","R","E","M","T","R","?","R","M","M","R","B"],"character_chosen":"THE_SILENT","items_purchased":[],"campfire_rested":2,"item_purchase_floors":[],"current_hp_per_floor":[59,59,59,59,59,59,37,12,12,31,31,31,16,16,35,0],"gold":255,"neow_bonus":"THREE_ENEMY_KILL","is_prod":false,"is_daily":false,"chose_seed":false,"campfire_upgraded":2,"win_rate":0,"timestamp":1541878480,"path_taken":["M","?","?","M","?","R","E","M","T","R","?","R","M","?","R","BOSS"],"build_version":"2018-11-08","purchased_purges":0,"victory":false,"max_hp_per_floor":[66,66,66,66,66,66,66,66,66,66,66,66,66,66,66,66],"card_choices":[{"not_picked":["Tactician","Endless Agony"],"picked":"Dagger Throw","floor":1.0},{"not_picked":["Outmaneuver","Tactician"],"picked":"Backflip","floor":2.0},{"not_picked":["Reflex","Deflect"],"picked":"Quick Slash","floor":4.0},{"not_picked":["Deflect","Concentrate"],"picked":"Tactician","floor":5.0},{"not_picked":["Dagger Spray","Masterful Stab"],"picked":"Caltrops","floor":7.0},{"not_picked":["Bullet Time","Quick Slash","Calculated Gamble"],"picked":"SKIP","floor":8.0},{"not_picked":["Riddle With Holes","Slice"],"picked":"Poisoned Stab","floor":13.0},{"not_picked":["Quick Slash","Caltrops","Deadly Poison"],"picked":"SKIP","floor":14}],"player_experience":964346,"relics_obtained":[{"floor":7.0,"key":"Ancient Tea Set"},{"floor":9.0,"key":"Bronze Scales"}],"event_choices":[{"cards_removed":["Strike_G"],"damage_healed":0.0,"max_hp_gain":0.0,"max_hp_loss":0.0,"gold_gain":0.0,"event_name":"Purifier","player_choice":"Purged","floor":3.0,"gold_loss":0.0,"damage_taken":0.0},{"damage_healed":0.0,"max_hp_gain":0.0,"max_hp_loss":0.0,"gold_gain":0.0,"event_name":"Upgrade Shrine","player_choice":"Upgraded","floor":11.0,"gold_loss":0.0,"damage_taken":0.0,"cards_upgraded":["Caltrops"]}],"is_beta":true,"boss_relics":[],"items_purged_floors":[],"is_endless":false,"potions_floor_spawned":[2,4,5],"killed_by":"The Guardian","ascension_level":20}