{"gold_per_floor":[119,119,142,122,146,187,206,206,206,92,92,40,54,87,87,181,181,197,217,142,42,67,67,102,102,102,102],"floor_reached":27,"playtime":950,"items_purged":["Regret","Dualcast"],"score":422,"play_id":"897d1756-cd27-4a14-837f-7442abc734d0","local_time":"20190323162647","is_ascension_mode":true,"campfire_choices":[{"data":"Sweeping Beam","floor":8,"key":"SMITH"},{"data":"1","floor":11,"key":"LIFT"},{"data":"Capacitor","floor":15,"key":"SMITH"},{"data":"Fission","floor":23,"key":"SMITH"}],"neow_cost":"NONE","seed_source_timestamp":882613236365116,"circlet_count":0,"master_deck":["AscendersBane","Strike_B","Defend_B","Defend_B","Defend_B","Defend_B","Zap","Sweeping Beam+1","Cold Snap","Self Repair","Glacier","Capacitor+1","Gash","FTL","Compile Driver","Fission+1","Machine Learning+1","Sweeping Beam+1","Gash","Coolheaded","Parasite"],"relics":["Cursed Key","Bloody Idol","Kunai","Girya","Emotion Chip","Astrolabe","Pocketwatch"],"potions_floor_usage":[6,14,16,22,24,27],"damage_taken":[{"damage":9,"enemies":"Jaw Worm","floor":1,"turns":4},{"damage":0,"enemies":"2 Louse","floor":3,"turns":3},{"damage":3,"enemies":"Cultist","floor":5,"turns":4},{"damage":11,"enemies":"3 Sentries","floor":6,"turns":10},{"damage":0,"enemies":"Looter","floor":7,"turns":4},{"damage":2,"enemies":"3 Louse","floor":13,"turns":3},{"damage":14,"enemies":"Gremlin Nob","floor":14,"turns":4},{"damage":17,"enemies":"The Guardian","floor":16,"turns":11},{"damage":14,"enemies":"2 Thieves","floor":18,"turns":4},{"damage":5,"enemies":"Spheric Guardian","floor":19,"turns":4},{"damage":9,"enemies":"Snake Plant","floor":22,"turns":6},{"damage":30,"enemies":"Book of Stabbing","floor":24,"turns":6},{"damage":25,"enemies":"Centurion and Healer","floor":27,"turns":3}],"seed_played":"3792967487743003710","potions_obtained":[{"floor":3,"key":"EssenceOfSteel"},{"floor":4,"key":"Dexterity Potion"},{"floor":7,"key":"AttackPotion"},{"floor":18,"key":"Weak Potion"},{"floor":19,"key":"AttackPotion"},{"floor":22,"key":"Energy Potion"}],"is_trial":false,"path_per_floor":["M","?","M","?","M","E","M","R","T","$","R","$","M","E","R","B",null,"M","M","?","$","M","R","E","?","T","M"],"character_chosen":"DEFECT","items_purchased":["Capacitor","Gash"],"campfire_rested":0,"item_purchase_floors":[10,12],"current_hp_per_floor":[55,55,55,55,52,48,55,55,55,55,55,55,53,46,46,36,57,43,45,45,45,43,43,20,20,20,0],"gold":102,"neow_bonus":"BOSS_RELIC","is_prod":false,"is_daily":false,"chose_seed":false,"campfire_upgraded":3,"win_rate":0,"timestamp":1553372807,"path_taken":["M","?","M","?","?","E","M","R","T","$","R","$","M","E","R","BOSS","M","M","?","$","M","R","E","?","T","M"],"build_version":"2019-03-15","purchased_purges":2,"victory":false,"max_hp_per_floor":[71,64,64,64,64,64,64,64,64,64,64,64,64,64,64,64,64,64,64,64,64,64,64,64,64,64,64],"card_choices":[{"not_picked":["Conserve Battery","Lockon"],"picked":"Sweeping Beam","floor":1},{"not_picked":["Sunder","Barrage"],"picked":"Cold Snap","floor":3},{"not_picked":["Aggregate","Loop"],"picked":"Self Repair","floor":5},{"not_picked":["Scrape","Darkness","Steam"],"picked":"SKIP","floor":6},{"not_picked":["Fusion","Compile Driver"],"picked":"Glacier","floor":7},{"not_picked":["Barrage","Self Repair"],"picked":"FTL","floor":13},{"not_picked":["Auto Shields","Conserve Battery"],"picked":"Compile Driver","floor":14},{"not_picked":["Seek","Meteor Strike"],"picked":"Fission","floor":16},{"not_picked":["Scrape","Tempest"],"picked":"Gash","floor":18},{"not_picked":["Conserve Battery","Leap","Darkness"],"picked":"SKIP","floor":19},{"not_picked":["FTL","Auto Shields"],"picked":"Coolheaded","floor":22},{"not_picked":["Steam Power","Ball Lightning","Melter"],"picked":"SKIP","floor":24}],"player_experience":2273215,"relics_obtained":[{"floor":6,"key":"Kunai"},{"floor":9,"key":"Girya"},{"floor":14,"key":"Emotion Chip"},{"floor":24,"key":"Pocketwatch"}],"event_choices":[{"damage_healed":0,"gold_gain":0,"player_choice":"Lose Max HP","damage_taken":0,"relics_obtained":["Golden Idol"],"max_hp_gain":0,"max_hp_loss":7,"event_name":"Golden Idol","floor":2,"gold_loss":0},{"damage_healed":0,"gold_gain":0,"player_choice":"Bought 1 Potion","damage_taken":0,"max_hp_gain":0,"max_hp_loss":0,"event_name":"The Woman in Blue","floor":4,"gold_loss":0},{"cards_removed":["Turbo"],"damage_healed":0,"gold_gain":0,"player_choice":"Gave Gold","damage_taken":0,"max_hp_gain":0,"max_hp_loss":0,"event_name":"Beggar","floor":20,"gold_loss":75},{"damage_healed":0,"gold_gain":0,"player_choice":"Gave Idol","damage_taken":0,"relics_obtained":["Bloody Idol"],"max_hp_gain":0,"max_hp_loss":0,"event_name":"Forgotten Altar","floor":25,"relics_lost":["Golden Idol"],"gold_loss":0}],"is_beta":true,"boss_relics":[{"not_picked":["Empty Cage","Lizard Tail"],"picked":"Astrolabe"}],"items_purged_floors":[10,21],"is_endless":false,"potions_floor_spawned":[3,7,13,18,19,22],"killed_by":"Centurion and Healer","ascension_level":15}