{"gold_per_floor":[114,114,132,43,43,69,29,29,55,80,80,80,115,130,130,203,203,215,215,215,235,245,245,245,245,245,255,287,287,304,5,5,79,79,90,90,0,100,62,62,19,19,44,44,44,44,70,6,6,6,6,6,6,6,37,37],"floor_reached":56,"playtime":2409,"items_purged":["Strike_R","Strike_R"],"score":1811,"play_id":"4edde8fe-69d0-439b-9003-86d6338664cf","local_time":"20190217205007","is_ascension_mode":true,"campfire_choices":[{"data":"Feel No Pain","floor":8,"key":"SMITH"},{"data":"True Grit","floor":11,"key":"SMITH"},{"data":"Bludgeon","floor":15,"key":"SMITH"},{"data":"Feel No Pain","floor":23,"key":"SMITH"},{"data":"Disarm","floor":25,"key":"SMITH"},{"floor":29,"key":"REST"},{"data":"Battle Trance","floor":32,"key":"SMITH"},{"floor":40,"key":"RECALL"},{"data":"Feel No Pain","floor":42,"key":"SMITH"},{"data":"Demon Form","floor":44,"key":"SMITH"},{"floor":49,"key":"REST"},{"floor":53,"key":"REST"}],"neow_cost":"NONE","seed_source_timestamp":207764176788667,"circlet_count":0,"master_deck":["AscendersBane","Strike_R","Defend_R","Defend_R","Defend_R","Defend_R","Bash","Feel No Pain+1","Bludgeon+1","Disarm+1","Warcry","Battle Trance+1","True Grit+1","Corruption","Iron Wave","Reckless Charge","Power Through","Pommel Strike+1","Cleave","Reckless Charge","Feel No Pain+1","Flame Barrier","Demon Form+1","Apotheosis","Feel No Pain+1","Warcry"],"relics":["Burning Blood","Red Skull","Juzu Bracelet","Bag of Preparation","Odd Mushroom","Singing Bowl","Snecko Eye","Bottled Lightning","Self Forming Clay","Membership Card","Oddly Smooth Stone","Mark of Pain","Red Mask","Thread and Needle","Centennial Puzzle","Magic Flower"],"potions_floor_usage":[13,28,33,47,51],"damage_taken":[{"damage":4,"enemies":"2 Louse","floor":1,"turns":3},{"damage":0,"enemies":"Cultist","floor":3,"turns":3},{"damage":36,"enemies":"Lagavulin","floor":6,"turns":6},{"damage":20,"enemies":"The Mushroom Lair","floor":10,"turns":6},{"damage":2,"enemies":"Gremlin Nob","floor":13,"turns":3},{"damage":0,"enemies":"Small Slimes","floor":14,"turns":3},{"damage":26,"enemies":"The Guardian","floor":16,"turns":15},{"damage":0,"enemies":"3 Byrds","floor":18,"turns":5},{"damage":0,"enemies":"Spheric Guardian","floor":21,"turns":3},{"damage":0,"enemies":"Shelled Parasite and Fungi","floor":22,"turns":4},{"damage":1,"enemies":"Snake Plant","floor":27,"turns":4},{"damage":65,"enemies":"Book of Stabbing","floor":28,"turns":9},{"damage":0,"enemies":"Centurion and Healer","floor":30,"turns":6},{"damage":28,"enemies":"Champ","floor":33,"turns":17},{"damage":0,"enemies":"3 Shapes","floor":35,"turns":7},{"damage":0,"enemies":"Mind Bloom Boss Battle","floor":38,"turns":9},{"damage":63,"enemies":"Reptomancer","floor":47,"turns":9},{"damage":50,"enemies":"Awakened One","floor":50,"turns":10},{"damage":3,"enemies":"Time Eater","floor":51,"turns":8},{"damage":40,"enemies":"Shield and Spear","floor":55,"turns":8},{"damage":61,"enemies":"The Heart","floor":56,"turns":11}],"seed_played":"5593145384067473529","potions_obtained":[{"floor":1,"key":"LiquidBronze"},{"floor":10,"key":"AttackPotion"},{"floor":14,"key":"BloodPotion"},{"floor":21,"key":"EssenceOfSteel"},{"floor":38,"key":"Explosive Potion"},{"floor":47,"key":"Strength Potion"}],"is_trial":false,"path_per_floor":["M","?","M","$","?","E","$","R","T","?","R","?","E","M","R","B",null,"M","?","?","M","M","R","?","R","T","M","E","R","M","$","R","B",null,"M","?","?","?","$","R","$","R","T","R","?","?","E","$","R","B","B",null,"R","$","E","B"],"character_chosen":"IRONCLAD","items_purchased":["Battle Trance","Corruption","Membership Card","Oddly Smooth Stone","Feel No Pain","Warcry"],"campfire_rested":3,"item_purchase_floors":[4,7,31,31,41,48],"current_hp_per_floor":[70,70,75,75,75,45,45,45,45,31,31,31,35,41,41,23,64,70,77,77,79,79,79,75,75,75,79,29,53,61,61,61,39,72,80,72,72,80,80,80,80,80,80,80,80,80,25,25,51,7,10,68,87,87,55,0],"gold":37,"neow_bonus":"RANDOM_COMMON_RELIC","is_prod":false,"is_daily":false,"chose_seed":false,"campfire_upgraded":8,"win_rate":0,"timestamp":1550461807,"path_taken":["M","?","?","?","?","E","$","R","T","?","R","?","E","M","R","BOSS","M","?","?","M","M","R","?","R","T","M","E","R","M","$","R","BOSS","M","?","?","?","$","R","$","R","T","R","?","?","E","?","R","BOSS","BOSS","R","$","E","BOSS"],"build_version":"2019-02-06","purchased_purges":2,"victory":false,"max_hp_per_floor":[75,75,75,75,75,75,75,75,75,75,75,75,75,75,75,77,77,77,77,77,79,79,79,79,79,79,79,81,81,83,83,83,83,83,85,87,87,89,89,89,89,89,89,89,85,85,87,87,87,87,87,87,87,87,89,89],"card_choices":[{"not_picked":["Spot Weakness","Pummel"],"picked":"Feel No Pain","floor":1},{"not_picked":["Flex","Hemokinesis"],"picked":"Warcry","floor":3},{"not_picked":["Body Slam","Headbutt"],"picked":"True Grit","floor":6},{"not_picked":["Cleave","Heavy Blade"],"picked":"Iron Wave","floor":10},{"not_picked":["Second Wind","Iron Wave"],"picked":"Reckless Charge","floor":13},{"not_picked":["Clash","Combust"],"picked":"Power Through","floor":14},{"not_picked":["Limit Break","Brutality","Bludgeon"],"picked":"Singing Bowl","floor":16},{"not_picked":["Clash","Whirlwind+1"],"picked":"Pommel Strike+1","floor":18},{"not_picked":["Blood for Blood","Thunderclap","Disarm"],"picked":"Singing Bowl","floor":21},{"not_picked":["Rupture","Shrug It Off"],"picked":"Feel No Pain","floor":22},{"not_picked":["Anger","Evolve"],"picked":"Flame Barrier","floor":27},{"not_picked":["Havoc","Wild Strike+1","Searing Blow"],"picked":"Singing Bowl","floor":28},{"not_picked":["Thunderclap","Havoc","Anger"],"picked":"Singing Bowl","floor":30},{"not_picked":["Exhume","Feed"],"picked":"Demon Form","floor":33},{"not_picked":["Seeing Red","Rampage","Combust"],"picked":"Singing Bowl","floor":35},{"not_picked":["Panacea","Forethought","Madness"],"picked":"Singing Bowl","floor":36},{"not_picked":["Magnetism","Enlightenment"],"picked":"Apotheosis","floor":36},{"not_picked":["Purity","Discovery"],"picked":"Impatience","floor":36},{"not_picked":["Reckless Charge","Searing Blow","Pommel Strike"],"picked":"Singing Bowl","floor":38},{"not_picked":["Heavy Blade","Uppercut+1","Sever Soul"],"picked":"Singing Bowl","floor":47},{"not_picked":["Inflame+1","Intimidate","Spot Weakness"],"picked":"Singing Bowl","floor":55}],"player_experience":1110650,"relics_obtained":[{"floor":6,"key":"Juzu Bracelet"},{"floor":9,"key":"Bag of Preparation"},{"floor":10,"key":"Odd Mushroom"},{"floor":13,"key":"Singing Bowl"},{"floor":26,"key":"Bottled Lightning"},{"floor":28,"key":"Self Forming Clay"},{"floor":38,"key":"Thread and Needle"},{"floor":47,"key":"Centennial Puzzle"},{"floor":55,"key":"Magic Flower"}],"event_choices":[{"damage_healed":0,"gold_gain":0,"player_choice":"2 cards matched","damage_taken":0,"max_hp_gain":0,"max_hp_loss":0,"event_name":"Match and Keep!","floor":2,"gold_loss":0,"cards_obtained":["Bludgeon","Disarm"]},{"damage_healed":0,"gold_gain":0,"player_choice":"Leave","damage_taken":0,"max_hp_gain":0,"max_hp_loss":0,"event_name":"The Cleric","floor":5,"gold_loss":0},{"damage_healed":0,"gold_gain":0,"player_choice":"Fought Mushrooms","damage_taken":0,"max_hp_gain":0,"max_hp_loss":0,"event_name":"Mushrooms","floor":10,"gold_loss":0},{"damage_healed":0,"gold_gain":0,"player_choice":"Ignored","damage_taken":0,"max_hp_gain":0,"max_hp_loss":0,"event_name":"Shining Light","floor":12,"gold_loss":0},{"damage_healed":7,"gold_gain":0,"player_choice":"Full Heal","damage_taken":0,"max_hp_gain":0,"max_hp_loss":0,"event_name":"Wheel of Change","floor":19,"gold_loss":0},{"damage_healed":0,"gold_gain":0,"cards_transformed":["Strike_R","Strike_R"],"player_choice":"Became Test Subject","damage_taken":0,"max_hp_gain":0,"max_hp_loss":0,"event_name":"Drug Dealer","floor":20,"gold_loss":0,"cards_obtained":["Cleave","Reckless Charge"]},{"damage_healed":0,"gold_gain":0,"player_choice":"Bought 0 Potions","damage_taken":0,"max_hp_gain":0,"max_hp_loss":0,"event_name":"The Woman in Blue","floor":24,"gold_loss":0},{"damage_healed":0,"gold_gain":0,"player_choice":"Memory 3","damage_taken":10,"max_hp_gain":0,"max_hp_loss":0,"event_name":"SensoryStone","floor":36,"gold_loss":0},{"damage_healed":0,"gold_gain":0,"player_choice":"Paid","damage_taken":0,"relics_obtained":["Red Mask"],"max_hp_gain":0,"max_hp_loss":0,"event_name":"Tomb of Lord Red Mask","floor":37,"gold_loss":90},{"damage_healed":0,"gold_gain":0,"player_choice":"Fight","damage_taken":0,"max_hp_gain":0,"max_hp_loss":0,"event_name":"MindBloom","floor":38,"gold_loss":0},{"damage_healed":0,"gold_gain":0,"player_choice":"Max HP","damage_taken":0,"max_hp_gain":0,"max_hp_loss":4,"event_name":"Winding Halls","floor":45,"gold_loss":0},{"cards_removed":["Impatience"],"damage_healed":0,"gold_gain":0,"player_choice":"Removed Skill","damage_taken":0,"max_hp_gain":0,"max_hp_loss":0,"event_name":"Falling","floor":46,"gold_loss":0}],"is_beta":true,"boss_relics":[{"not_picked":["Orrery","Astrolabe"],"picked":"Snecko Eye"},{"not_picked":["Black Blood","Black Star"],"picked":"Mark of Pain"}],"items_purged_floors":[39,48],"is_endless":false,"potions_floor_spawned":[1,10,14,18,21,22,38,47],"killed_by":"The Heart","ascension_level":20}