{"path_per_floor":["M","?","?","$","?","R","M","R","T","?","M","$","M","?","R","B",null,"M","$","M","?","M","M","R","?","T","$","E","R","M","?","R"],"character_chosen":"THE_SILENT","items_purchased":["Noxious Fumes","Sucker Punch","Blade Dance","Accuracy","PiercingWail","Well Laid Plans"],"gold_per_floor":[111,161,161,31,31,31,46,46,72,149,162,10,26,26,26,99,99,113,12,29,0,11,23,23,23,48,48,77,77,88,88,88,88],"floor_reached":33,"campfire_rested":2,"playtime":1121,"item_purchase_floors":[4,4,12,12,19,19],"current_hp_per_floor":[28,28,28,28,28,28,28,28,35,35,35,35,35,35,35,13,58,40,40,40,40,38,19,40,40,40,40,25,46,38,36,36,0],"items_purged":[],"gold":88,"score":468,"play_id":"1109b87c-0557-436e-bac0-835e8547504c","local_time":"20180615164533","is_prod":false,"is_daily":false,"chose_seed":false,"is_ascension_mode":true,"campfire_upgraded":4,"win_rate":0,"timestamp":1529106333,"campfire_choices":[{"data":"Noxious Fumes","floor":6,"key":"SMITH"},{"data":"Glass Knife","floor":8,"key":"SMITH"},{"data":"Accuracy","floor":15,"key":"SMITH"},{"floor":24,"key":"REST"},{"floor":29,"key":"REST"},{"data":"Ghostly","floor":32,"key":"SMITH"}],"path_taken":["M","?","?","$","?","R","M","R","T","?","?","$","M","?","R","BOSS","M","$","M","?","M","M","R","?","T","$","E","R","M","?","R","BOSS"],"build_version":"2018-06-14v2","seed_source_timestamp":21905233623837,"purchased_purges":0,"victory":false,"master_deck":["Defend_G","Defend_G","Defend_G","Defend_G","Defend_G","Strike_G","Strike_G","Strike_G","Strike_G","Strike_G","Survivor","Neutralize+1","AscendersBane","Glass Knife+1","Flying Knee","Noxious Fumes+1","Sucker Punch","Dagger Spray","Cloak And Dagger+1","Blade Dance","Accuracy+1","Adrenaline","Crippling Poison","PiercingWail","Well Laid Plans","PiercingWail","Flying Knee","Quick Slash","Ghostly+1","Ghostly","Ghostly","Ghostly","Ghostly"],"max_hp_per_floor":[66,66,66,66,66,66,66,66,73,73,73,73,73,73,73,73,73,73,73,73,73,73,73,73,73,73,73,73,73,73,36,36,36],"relics":["Ring of the Snake","Strawberry","Busted Crown","Blood Vial","Ninja Scroll"],"card_choices":[{"not_picked":["Grand Finale","A Thousand Cuts"],"picked":"Glass Knife","floor":0},{"not_picked":["Bouncing Flask","Finisher"],"picked":"Flying Knee","floor":1},{"not_picked":["Slice","Acrobatics"],"picked":"Dagger Spray","floor":7},{"not_picked":["Calculated Gamble","Distraction"],"picked":"Cloak And Dagger","floor":11},{"not_picked":["Night Terror","Slice","Quick Slash"],"picked":"SKIP","floor":13},{"not_picked":["Envenom","Burst"],"picked":"Adrenaline","floor":16},{"not_picked":[],"picked":"Crippling Poison","floor":18},{"not_picked":[],"picked":"PiercingWail","floor":20},{"not_picked":["Outmaneuver"],"picked":"SKIP","floor":22},{"not_picked":[],"picked":"Flying Knee","floor":23},{"not_picked":[],"picked":"Quick Slash","floor":28},{"not_picked":["Bane"],"picked":"SKIP","floor":30}],"player_experience":665832,"potions_floor_usage":[22,33,33],"damage_taken":[{"damage":2,"enemies":"Small Slimes","floor":1,"turns":3},{"damage":0,"enemies":"Cultist","floor":7,"turns":3},{"damage":0,"enemies":"2 Louse","floor":11,"turns":2},{"damage":0,"enemies":"Large Slime","floor":13,"turns":3},{"damage":22,"enemies":"The Guardian","floor":16,"turns":11},{"damage":18,"enemies":"2 Thieves","floor":18,"turns":4},{"damage":0,"enemies":"3 Byrds","floor":20,"turns":5},{"damage":2,"enemies":"Snake Plant","floor":22,"turns":5},{"damage":19,"enemies":"Snecko","floor":23,"turns":6},{"damage":17,"enemies":"Gremlin Leader","floor":28,"turns":9},{"damage":10,"enemies":"Centurion and Healer","floor":30,"turns":6},{"damage":45,"enemies":"Champ","floor":33,"turns":14}],"relics_obtained":[{"floor":9,"key":"Strawberry"},{"floor":26,"key":"Blood Vial"},{"floor":28,"key":"Ninja Scroll"}],"event_choices":[{"event_name":"Golden Shrine","player_choice":"Pray","floor":2,"damage_taken":0},{"event_name":"Shining Light","player_choice":"Ignored","floor":3,"damage_taken":0},{"event_name":"Upgrade Shrine","player_choice":"Upgraded","floor":5,"damage_taken":0},{"event_name":"Golden Wing","player_choice":"Gained Gold","floor":10,"damage_taken":0},{"event_name":"Accursed Blacksmith","player_choice":"Forge","floor":14,"damage_taken":0},{"event_name":"Masked Bandits","player_choice":"Paid Bandits 29 gold","floor":21,"damage_taken":0},{"event_name":"Addict","player_choice":"Ignored","floor":25,"damage_taken":0},{"event_name":"Ghosts","player_choice":"Became a Ghost","floor":31,"damage_taken":0}],"boss_relics":[{"not_picked":["Lizard Tail","Coffee Dripper"],"picked":"Busted Crown"}],"items_purged_floors":[],"is_endless":true,"potions_floor_spawned":[1,16,18,23],"seed_played":"1731597187064046940","killed_by":"Champ","ascension_level":15,"potions_obtained":[{"floor":1,"key":"LiquidBronze"},{"floor":16,"key":"SpeedPotion"},{"floor":23,"key":"EssenceOfSteel"}],"is_trial":false}