{"gold_per_floor":[165,182,107,117,117,117,148,148,148,48,58,75,75,110,110,187,187,202,202,202,219,134,134,146,146,171,199,199,26,44,55,55,128,128,139,139,14,24,37,37,53,82,82,113,63,115,115,115,115,115,115,115,39,39],"floor_reached":54,"playtime":1744,"items_purged":["Strike_B","Strike_B","Strike_B+1","Dualcast"],"score":1309,"play_id":"67cae485-3151-4e30-8421-051e6b0334da","local_time":"20190411231426","is_ascension_mode":true,"campfire_choices":[{"data":"Streamline","floor":6.0,"key":"SMITH"},{"data":"Zap","floor":8.0,"key":"SMITH"},{"data":"Defragment","floor":13.0,"key":"SMITH"},{"data":"Hologram","floor":15.0,"key":"SMITH"},{"data":"Skim","floor":23.0,"key":"SMITH"},{"data":"Hologram","floor":25.0,"key":"SMITH"},{"data":"Conserve Battery","floor":28,"key":"SMITH"},{"floor":32,"key":"RECALL"},{"floor":40,"key":"REST"},{"floor":47,"key":"REST"},{"floor":49,"key":"REST"},{"floor":52,"key":"REST"}],"neow_cost":"NONE","seed_source_timestamp":115791520477721,"circlet_count":0,"master_deck":["AscendersBane","Defend_B+1","Defend_B+1","Defend_B+1","Defend_B+1","Zap+1","Hologram+1","Streamline+1","Gash","Defragment+1","Hologram+1","Conserve Battery+1","All For One","Skim+1","Flash of Steel","Self Repair","Genetic Algorithm","Gash","All For One","Go for the Eyes","Reinforced Body","Gash+1","Hologram"],"special_seed":0,"relics":["Tiny House","Darkstone Periapt","Kunai","Letter Opener","Sozu","Bag of Preparation","Lantern","Regal Pillow","Fusion Hammer","Singing Bowl","Smiling Mask","Incense Burner","Molten Egg 2"],"potions_floor_usage":[],"damage_taken":[{"damage":7.0,"enemies":"Small Slimes","floor":1.0,"turns":4.0},{"damage":0.0,"enemies":"Cultist","floor":2.0,"turns":3.0},{"damage":0.0,"enemies":"2 Louse","floor":4.0,"turns":3.0},{"damage":20.0,"enemies":"3 Sentries","floor":7.0,"turns":7.0},{"damage":7.0,"enemies":"Exordium Thugs","floor":11.0,"turns":4.0},{"damage":0.0,"enemies":"2 Fungi Beasts","floor":12.0,"turns":4.0},{"damage":0.0,"enemies":"Gremlin Nob","floor":14.0,"turns":3.0},{"damage":10.0,"enemies":"Hexaghost","floor":16.0,"turns":9.0},{"damage":8.0,"enemies":"2 Thieves","floor":18.0,"turns":4.0},{"damage":1.0,"enemies":"3 Byrds","floor":21.0,"turns":5.0},{"damage":1.0,"enemies":"Snake Plant","floor":24.0,"turns":4.0},{"damage":6,"enemies":"Gremlin Leader","floor":27,"turns":5},{"damage":0,"enemies":"Centurion and Healer","floor":30,"turns":5},{"damage":0,"enemies":"Snecko","floor":31,"turns":3},{"damage":49,"enemies":"Collector","floor":33,"turns":8},{"damage":0,"enemies":"3 Shapes","floor":35,"turns":4},{"damage":0,"enemies":"Orb Walker","floor":38,"turns":3},{"damage":0,"enemies":"3 Darklings","floor":39,"turns":5},{"damage":6,"enemies":"Transient","floor":41,"turns":5},{"damage":30,"enemies":"Nemesis","floor":42,"turns":7},{"damage":0,"enemies":"Giant Head","floor":44,"turns":5},{"damage":1,"enemies":"2 Orb Walkers","floor":46,"turns":4},{"damage":31,"enemies":"Time Eater","floor":50,"turns":10},{"damage":87,"enemies":"Shield and Spear","floor":54,"turns":5}],"seed_played":"-3810397701986865983","potions_obtained":[{"floor":0.0,"key":"Swift Potion"},{"floor":2.0,"key":"SteroidPotion"},{"floor":12.0,"key":"Poison Potion"},{"floor":14.0,"key":"Fire Potion"}],"is_trial":false,"path_per_floor":["M","M","$","M","?","R","E","R","T","$","M","M","R","E","R","B",null,"M","?","?","M","?","R","M","R","T","E","R","$","M","M","R","B",null,"M","?","$","M","M","R","M","E","T","E","$","?","R","T","R","B",null,"R","$","E"],"character_chosen":"DEFECT","items_purchased":["Flash of Steel","Self Repair","Gash+1","Hologram"],"campfire_rested":4,"item_purchase_floors":[29,29,53,53],"current_hp_per_floor":[62,62,62,62,62,62,42,42,42,42,35,35,35,35,35,25,63,55,55,55,54,54,54,53,53,53,47,47,47,54,61,61,19,62,69,69,69,72,72,72,72,49,49,51,51,59,76,76,76,52,70,76,76,0],"gold":39,"neow_bonus":"BOSS_RELIC","is_prod":false,"is_daily":false,"chose_seed":false,"campfire_upgraded":7,"win_rate":0,"timestamp":1555038866,"path_taken":["M","M","$","M","?","R","E","R","T","?","M","M","R","E","R","BOSS","M","?","?","M","?","R","?","R","T","E","R","$","M","M","R","BOSS","M","?","$","M","M","R","M","E","T","E","$","?","R","?","R","BOSS","R","$","E"],"build_version":"2019-04-04","purchased_purges":4,"victory":false,"max_hp_per_floor":[76,76,76,76,76,76,76,76,76,76,76,76,76,76,76,76,76,76,76,76,76,76,76,76,76,76,76,76,76,76,76,76,76,76,76,72,72,72,72,72,72,72,72,74,74,76,76,76,76,76,76,76,76,76],"card_choices":[{"not_picked":["Aggregate","Redo"],"picked":"Hologram","floor":0.0},{"not_picked":["Stack","Recycle"],"picked":"Streamline","floor":1.0},{"not_picked":["Go for the Eyes","Fusion","Rebound"],"picked":"SKIP","floor":2.0},{"not_picked":["Steam","Blizzard"],"picked":"Gash","floor":4.0},{"not_picked":["Go for the Eyes","Coolheaded"],"picked":"Defragment","floor":7.0},{"not_picked":["Blizzard","Stack"],"picked":"Hologram","floor":11.0},{"not_picked":["Redo","Hello World","Aggregate"],"picked":"SKIP","floor":12.0},{"not_picked":["Hello World","Rebound"],"picked":"Conserve Battery","floor":14.0},{"not_picked":["Hyperbeam","Core Surge"],"picked":"All For One","floor":16.0},{"not_picked":["Barrage","Conserve Battery","Lockon"],"picked":"SKIP","floor":18.0},{"not_picked":["Defragment","Aggregate"],"picked":"Skim","floor":21.0},{"not_picked":["Reprogram","Turbo","Recycle"],"picked":"SKIP","floor":24.0},{"not_picked":["Streamline","Loop","Redo+1"],"picked":"SKIP","floor":27},{"not_picked":["Beam Cell","Streamline"],"picked":"Genetic Algorithm","floor":30},{"not_picked":["Cold Snap","White Noise"],"picked":"Gash","floor":31},{"not_picked":["Multi-Cast","Electrodynamics"],"picked":"All For One","floor":33},{"not_picked":["Go for the Eyes","Storm+1","Stack"],"picked":"SKIP","floor":35},{"not_picked":["Conserve Battery","Turbo","Stack"],"picked":"SKIP","floor":38},{"not_picked":["Gash","Beam Cell"],"picked":"Go for the Eyes","floor":39},{"not_picked":["Redo","Stack","Recycle+1"],"picked":"SKIP","floor":41},{"not_picked":["Static Discharge+1","Compile Driver"],"picked":"Reinforced Body","floor":42},{"not_picked":["Rebound","FTL","Rip and Tear"],"picked":"Singing Bowl","floor":44},{"not_picked":["Turbo+1","Cold Snap","BootSequence"],"picked":"Singing Bowl","floor":46}],"player_experience":2395336,"relics_obtained":[{"floor":7.0,"key":"Darkstone Periapt"},{"floor":9.0,"key":"Kunai"},{"floor":14.0,"key":"Letter Opener"},{"floor":26.0,"key":"Lantern"},{"floor":27,"key":"Regal Pillow"},{"floor":42,"key":"Singing Bowl"},{"floor":44,"key":"Smiling Mask"},{"floor":46,"key":"Incense Burner"},{"floor":48,"key":"Molten Egg 2"}],"event_choices":[{"cards_removed":["Strike_B"],"damage_healed":0.0,"max_hp_gain":0.0,"max_hp_loss":0.0,"gold_gain":0.0,"event_name":"Wheel of Change","player_choice":"Card Removal","floor":5.0,"gold_loss":0.0,"damage_taken":0.0},{"damage_healed":0.0,"max_hp_gain":0.0,"max_hp_loss":0.0,"gold_gain":0.0,"event_name":"Back to Basics","player_choice":"Simplicity","floor":19.0,"gold_loss":0.0,"damage_taken":0.0,"cards_upgraded":["Strike_B","Defend_B","Defend_B","Defend_B"]},{"damage_healed":0.0,"max_hp_gain":0.0,"max_hp_loss":0.0,"gold_gain":0.0,"event_name":"Cursed Tome","player_choice":"Ignored","floor":20.0,"gold_loss":0.0,"damage_taken":0.0},{"damage_healed":0.0,"max_hp_gain":0.0,"max_hp_loss":0.0,"gold_gain":0.0,"event_name":"Addict","player_choice":"Obtained Relic","floor":22.0,"gold_loss":85.0,"damage_taken":0.0,"relics_obtained":["Bag of Preparation"]},{"damage_healed":0,"gold_gain":0,"player_choice":"Max HP","damage_taken":0,"max_hp_gain":0,"max_hp_loss":4,"event_name":"Winding Halls","floor":36,"gold_loss":0},{"damage_healed":0,"gold_gain":0,"player_choice":"Fight","damage_taken":0,"max_hp_gain":0,"max_hp_loss":0,"event_name":"Mysterious Sphere","floor":46,"gold_loss":0}],"is_beta":true,"boss_relics":[{"not_picked":["Inserter","Lizard Tail"],"picked":"Sozu"},{"not_picked":["Philosopher\u0027s Stone","Coffee Dripper"],"picked":"Fusion Hammer"}],"items_purged_floors":[3,10,37,45],"is_endless":false,"potions_floor_spawned":[2,7,12,14,21,24,30,38,39,44],"killed_by":"Shield and Spear","ascension_level":15}