{"gold_per_floor":[116,96,22,38,38,72,72,97,97,115,129,156,170,190,190,190],"floor_reached":16,"playtime":456,"items_purged":[],"score":294,"play_id":"9c1cdbcb-6d04-4f9e-82e4-857889496c5c","local_time":"20190507121103","is_ascension_mode":true,"campfire_choices":[{"data":"Envenom","floor":7,"key":"SMITH"},{"floor":15,"key":"REST"}],"neow_cost":"NONE","seed_source_timestamp":533238069483997,"circlet_count":0,"master_deck":["AscendersBane","Defend_G","Defend_G","Defend_G","Defend_G","Defend_G","Strike_G","Strike_G","Strike_G","Strike_G","Survivor","Neutralize","Dagger Throw","Leg Sweep","Quick Slash","Acrobatics","Envenom+1","Leg Sweep","Predator","Backflip","A Thousand Cuts","Endless Agony"],"relics":["Ring of the Snake","NeowsBlessing","Gremlin Horn","PreservedInsect","Matryoshka","Art of War"],"potions_floor_usage":[12,12,16],"damage_taken":[{"damage":0,"enemies":"Small Slimes","floor":1,"turns":1},{"damage":0,"enemies":"Cultist","floor":4,"turns":1},{"damage":0,"enemies":"Gremlin Nob","floor":6,"turns":1},{"damage":32,"enemies":"Lagavulin","floor":8,"turns":8},{"damage":0,"enemies":"2 Louse","floor":10,"turns":3},{"damage":12,"enemies":"Exordium Thugs","floor":11,"turns":6},{"damage":5,"enemies":"3 Sentries","floor":12,"turns":3},{"damage":4,"enemies":"3 Louse","floor":13,"turns":5},{"damage":1,"enemies":"2 Fungi Beasts","floor":14,"turns":4},{"damage":17,"enemies":"Slime Boss","floor":16,"turns":5}],"seed_played":"-9217355339369921374","potions_obtained":[{"floor":2,"key":"Explosive Potion"},{"floor":4,"key":"Explosive Potion"},{"floor":12,"key":"Strength Potion"},{"floor":13,"key":"LiquidBronze"}],"is_trial":false,"path_per_floor":["M","?","$","M","?","E","R","E","T","M","M","E","M","M","R","B"],"character_chosen":"THE_SILENT","items_purchased":["Leg Sweep"],"campfire_rested":1,"item_purchase_floors":[3],"current_hp_per_floor":[59,59,59,59,59,59,59,27,27,27,15,10,6,5,24,7],"gold":190,"neow_bonus":"THREE_ENEMY_KILL","is_prod":false,"is_daily":false,"chose_seed":false,"campfire_upgraded":1,"win_rate":0,"timestamp":1557256263,"path_taken":["M","?","$","?","?","E","R","E","T","M","M","E","?","?","R","BOSS"],"build_version":"2019-04-23","purchased_purges":0,"victory":false,"max_hp_per_floor":[66,66,66,66,66,66,66,66,66,66,66,66,66,66,66,66],"card_choices":[{"not_picked":["Acrobatics","Distraction"],"picked":"Dagger Throw","floor":1},{"not_picked":["Deflect","Acrobatics"],"picked":"Quick Slash","floor":4},{"not_picked":["Dagger Throw","Bane"],"picked":"Envenom","floor":6},{"not_picked":["Finisher","Underhanded Strike"],"picked":"Leg Sweep","floor":8},{"not_picked":["Prepared","Quick Slash"],"picked":"Predator","floor":10},{"not_picked":["Leg Sweep","Deadly Poison"],"picked":"Backflip","floor":11},{"not_picked":["Catalyst","Infinite Blades"],"picked":"A Thousand Cuts","floor":12},{"not_picked":["All Out Attack","Masterful Stab"],"picked":"Endless Agony","floor":13},{"not_picked":["Expertise","Dagger Throw","Outmaneuver"],"picked":"SKIP","floor":14}],"player_experience":1232819,"relics_obtained":[{"floor":6,"key":"Gremlin Horn"},{"floor":8,"key":"PreservedInsect"},{"floor":9,"key":"Matryoshka"},{"floor":12,"key":"Art of War"}],"event_choices":[{"damage_healed":0,"gold_gain":0,"player_choice":"Bought 1 Potion","damage_taken":0,"max_hp_gain":0,"max_hp_loss":0,"event_name":"The Woman in Blue","floor":2,"gold_loss":0},{"damage_healed":0,"gold_gain":0,"cards_transformed":["Strike_G"],"player_choice":"Transformed","damage_taken":0,"max_hp_gain":0,"max_hp_loss":0,"event_name":"Transmorgrifier","floor":5,"gold_loss":0,"cards_obtained":["Acrobatics"]}],"is_beta":true,"boss_relics":[],"items_purged_floors":[],"is_endless":false,"potions_floor_spawned":[4,6,12,13],"killed_by":"Slime Boss","ascension_level":20}