{"path_per_floor":["M","T","M","?","M","E","R","M","T","?","M","R","E","M","R","B",null,"M","?","$","M","M","E","R","M","T","?","M","$","R","?","R","B",null,"M","?","?","M","$","R","M","M","T","$","M","?","R","M","R","B"],"character_chosen":"IRONCLAD","items_purchased":["Paper Frog","Bottled Lightning","Bottled Flame"],"gold_per_floor":[111,157,175,175,189,220,220,239,263,263,274,274,305,318,318,414,414,432,432,180,200,213,245,245,264,336,336,347,95,95,95,95,192,192,204,204,454,468,149,149,159,174,197,97,108,157,157,173,173,173],"floor_reached":51,"campfire_rested":0,"playtime":1490,"current_hp_per_floor":[80,80,80,80,80,72,72,74,74,71,74,74,56,53,53,16,84,80,64,64,61,91,65,65,79,79,63,81,81,81,81,81,95,95,93,93,93,97,97,97,99,99,99,99,101,103,103,103,103,54],"items_purged":["Regret","Strike_R"],"gold":173,"score":779,"play_id":"7a31b3d9-5b2b-4b4f-874c-569e1b9a38fb","local_time":"20180407203821","is_prod":false,"is_daily":false,"is_ascension_mode":false,"campfire_upgraded":7,"timestamp":1523147901,"path_taken":["M","?","M","?","?","E","R","M","T","?","M","R","E","?","R","BOSS","M","?","?","?","M","E","R","M","T","?","M","$","R","?","R","BOSS","M","?","?","M","$","R","M","M","T","$","?","?","R","?","R","BOSS"],"build_version":"2018-04-05v2","purchased_purges":3,"victory":true,"master_deck":["Strike_R","Strike_R","Strike_R","Strike_R","Defend_R+1","Defend_R","Defend_R","Bash+1","Cleave","Whirlwind+1","Flex+1","Reaper+1","Limit Break+1","Inflame+1","Spot Weakness+1","Armaments+1","Necronomicurse","Double Tap+1","Shockwave+1","Heavy Blade+1","Whirlwind+1"],"max_hp_per_floor":[80,80,80,80,80,80,80,80,80,80,82,82,84,84,84,84,84,84,89,89,89,91,91,91,93,93,93,95,95,95,95,95,95,95,97,97,97,97,97,97,99,99,99,99,101,103,103,103,103,103],"relics":["Burning Blood","Happy Flower","Bag of Preparation","Pen Nib","Singing Bowl","Orichalcum","Vajra","Mark of Pain","Paper Frog","War Paint","Shuriken","Necronomicon","Bottled Lightning","Torii","Sozu","Bottled Flame","Ancient Tea Set","Girya"],"card_choices":[{"not_picked":["Seeing Red","Body Slam"],"picked":"Cleave","floor":1},{"not_picked":["Wild Strike","Warcry"],"picked":"Whirlwind","floor":3},{"not_picked":["Fire Breathing","Armaments"],"picked":"Flex","floor":6},{"not_picked":["Twin Strike","Sword Boomerang"],"picked":"Reaper","floor":14},{"not_picked":["Juggernaut","Feed"],"picked":"Limit Break","floor":16},{"not_picked":["Perfected Strike","Thunderclap"],"picked":"Inflame","floor":18},{"not_picked":["Havoc","Second Wind"],"picked":"Spot Weakness","floor":21},{"not_picked":["Iron Wave","Rampage"],"picked":"Armaments","floor":23},{"not_picked":["Immolate","Feed"],"picked":"Double Tap","floor":33},{"not_picked":["Twin Strike","Clash"],"picked":"Shockwave","floor":38},{"not_picked":["Armaments","Clothesline"],"picked":"Heavy Blade","floor":42},{"not_picked":["Cleave","Second Wind"],"picked":"Whirlwind","floor":48}],"player_experience":729846,"potions_floor_usage":[6,6,23,23,28,33,33,50],"damage_taken":[{"damage":6,"enemies":"Cultist","floor":1,"turns":3},{"damage":2,"enemies":"2 Louse","floor":3,"turns":3},{"damage":1,"enemies":"Jaw Worm","floor":5,"turns":3},{"damage":14,"enemies":"Gremlin Nob","floor":6,"turns":3},{"damage":4,"enemies":"Exordium Thugs","floor":8,"turns":4},{"damage":5,"enemies":"Looter","floor":11,"turns":2},{"damage":26,"enemies":"Lagavulin","floor":13,"turns":4},{"damage":9,"enemies":"Blue Slaver","floor":14,"turns":3},{"damage":52,"enemies":"The Guardian","floor":16,"turns":7},{"damage":10,"enemies":"3 Byrds","floor":18,"turns":3},{"damage":19,"enemies":"Spheric Guardian","floor":21,"turns":4},{"damage":6,"enemies":"3 Cultists","floor":22,"turns":3},{"damage":32,"enemies":"Slavers","floor":23,"turns":4},{"damage":22,"enemies":"Cultist and Chosen","floor":25,"turns":5},{"damage":8,"enemies":"Slaver and Parasite","floor":28,"turns":3},{"damage":1,"enemies":"Collector","floor":33,"turns":5},{"damage":10,"enemies":"3 Darklings","floor":35,"turns":3},{"damage":1,"enemies":"Orb Walker","floor":38,"turns":2},{"damage":0,"enemies":"Sphere and 2 Shapes","floor":41,"turns":1},{"damage":6,"enemies":"4 Shapes","floor":42,"turns":1},{"damage":0,"enemies":"3 Darklings","floor":45,"turns":1},{"damage":0,"enemies":"Mysterious Sphere","floor":46,"turns":1},{"damage":0,"enemies":"Maw","floor":48,"turns":2},{"damage":55,"enemies":"Awakened One","floor":50,"turns":4}],"event_choices":[{"event_name":"The Lab","player_choice":"Got Potions","floor":4,"damage_taken":0},{"event_name":"Scrap Ooze","player_choice":"success","floor":10,"damage_taken":3},{"event_name":"Forgotten Altar","player_choice":"Shed Blood","floor":19,"damage_taken":0},{"event_name":"Cursed Tome","player_choice":"Obtained Book","floor":27,"damage_taken":0},{"event_name":"The Mausoleum","player_choice":"Yes","floor":31,"damage_taken":0},{"event_name":"Golden Shrine","player_choice":"Desecrate","floor":37,"damage_taken":0},{"event_name":"Mysterious Sphere","player_choice":"Fight","floor":46,"damage_taken":0}],"boss_relics":[{"not_picked":["Runic Cube","Lizard Tail"],"picked":"Mark of Pain"},{"not_picked":["Orrery","Pandora\u0027s Box"],"picked":"Sozu"}],"potions_floor_spawned":[3,5,13,16,21,22,25,28,33,35,41,42,46],"seed_played":"8148958175799274794","ascension_level":0,"is_trial":false}