{"gold_per_floor":[118,33,33,33,52,52,62,91,168,168,202,202,202],"floor_reached":13,"playtime":481,"items_purged":[],"score":182,"play_id":"5cb8a909-7de0-40d2-8a9b-f85b4fa22926","local_time":"20190428023059","is_ascension_mode":true,"campfire_choices":[{"data":"Quick Slash","floor":6,"key":"SMITH"},{"floor":10,"key":"REST"},{"data":"Finisher","floor":12,"key":"SMITH"}],"neow_cost":"NONE","seed_source_timestamp":462754111080659,"circlet_count":0,"master_deck":["AscendersBane","Defend_G","Defend_G","Defend_G","Defend_G","Defend_G","Strike_G","Strike_G","Strike_G","Strike_G","Strike_G","Survivor","Neutralize","Quick Slash+1","Infinite Blades+1","Dagger Throw","Dagger Spray","Cloak And Dagger","Finisher+1"],"relics":["Ring of the Snake","Ancient Tea Set","Frozen Egg 2","WingedGreaves"],"potions_floor_usage":[8,11],"damage_taken":[{"damage":5,"enemies":"Small Slimes","floor":1,"turns":4},{"damage":7,"enemies":"2 Louse","floor":5,"turns":3},{"damage":0,"enemies":"Cultist","floor":7,"turns":3},{"damage":66,"enemies":"Lagavulin","floor":8,"turns":9},{"damage":18,"enemies":"Gremlin Nob","floor":11,"turns":4},{"damage":13,"enemies":"Large Slime","floor":13,"turns":3}],"seed_played":"7734477096668559858","potions_obtained":[{"floor":7,"key":"Regen Potion"},{"floor":8,"key":"SpeedPotion"}],"is_trial":false,"path_per_floor":["M","$","?","?","M","R","M","E","T","R","E","R","M"],"character_chosen":"THE_SILENT","items_purchased":["Infinite Blades"],"campfire_rested":1,"item_purchase_floors":[2],"current_hp_per_floor":[60,60,60,60,53,53,53,2,2,23,5,5,0],"gold":202,"neow_bonus":"TEN_PERCENT_HP_BONUS","is_prod":false,"is_daily":false,"chose_seed":false,"campfire_upgraded":2,"win_rate":0,"timestamp":1556433059,"path_taken":["M","$","?","?","M","R","M","E","T","R","E","R","M"],"build_version":"2019-01-23","purchased_purges":0,"victory":false,"max_hp_per_floor":[72,72,72,72,72,72,72,72,72,72,72,72,72],"card_choices":[{"not_picked":["Flechettes","Flying Knee"],"picked":"Quick Slash","floor":1},{"not_picked":["Heel Hook","Quick Slash"],"picked":"Dagger Throw","floor":5},{"not_picked":["Slice","Heel Hook"],"picked":"Dagger Spray","floor":7},{"not_picked":["Dagger Throw","Backflip"],"picked":"Cloak And Dagger","floor":8},{"not_picked":["Poisoned Stab","Flying Knee"],"picked":"Finisher","floor":11}],"player_experience":2023296,"relics_obtained":[{"floor":8,"key":"Ancient Tea Set"},{"floor":9,"key":"Frozen Egg 2"},{"floor":11,"key":"WingedGreaves"}],"event_choices":[{"damage_healed":0,"gold_gain":0,"player_choice":"Leave","damage_taken":0,"max_hp_gain":0,"max_hp_loss":0,"event_name":"The Cleric","floor":3,"gold_loss":0},{"damage_healed":0,"gold_gain":0,"player_choice":"Grow","damage_taken":0,"max_hp_gain":0,"max_hp_loss":0,"event_name":"Living Wall","floor":4,"gold_loss":0,"cards_upgraded":["Infinite Blades"]}],"is_beta":false,"boss_relics":[],"items_purged_floors":[],"is_endless":false,"potions_floor_spawned":[7,8],"killed_by":"Large Slime","ascension_level":20}