{"gold_per_floor":[112,0,0,20,34,34,55,55,55,86,86,86,120,139,139,238,238,257,257,257,2,25,25,25],"floor_reached":24,"playtime":1145,"items_purged":["Writhe"],"score":438,"play_id":"c2b19a1e-2cc8-45dd-990e-d87de50acf06","local_time":"20190407224746","is_ascension_mode":true,"campfire_choices":[{"data":"Zap","floor":6,"key":"SMITH"},{"data":"Defragment","floor":8,"key":"SMITH"},{"data":"Sunder","floor":11,"key":"SMITH"},{"data":"Hologram","floor":15,"key":"SMITH"},{"floor":23,"key":"REST"}],"neow_cost":"NONE","seed_source_timestamp":563070003521842,"circlet_count":0,"master_deck":["AscendersBane","Strike_B","Defend_B","Defend_B","Defend_B","Defend_B","Zap+1","Dualcast","Hologram+1","Defragment+1","Conserve Battery","Cold Snap","Melter","Storm","Sunder+1","Hello World","Undo","Echo Form","Ball Lightning","White Noise+1","Defragment","Turbo+1"],"relics":["Cracked Core","Golden Idol","Mummified Hand","Odd Mushroom","Symbiotic Virus","Empty Cage","Toxic Egg 2"],"potions_floor_usage":[10,13,16,16,22,24],"damage_taken":[{"damage":4,"enemies":"Jaw Worm","floor":1,"turns":4},{"damage":2,"enemies":"Small Slimes","floor":4,"turns":4},{"damage":3,"enemies":"Cultist","floor":5,"turns":4},{"damage":1,"enemies":"3 Louse","floor":7,"turns":4},{"damage":11,"enemies":"The Mushroom Lair","floor":10,"turns":5},{"damage":0,"enemies":"3 Sentries","floor":13,"turns":4},{"damage":17,"enemies":"Exordium Wildlife","floor":14,"turns":3},{"damage":4,"enemies":"Hexaghost","floor":16,"turns":9},{"damage":14,"enemies":"Shell Parasite","floor":18,"turns":4},{"damage":30,"enemies":"Colosseum Slavers","floor":20,"turns":3},{"damage":8,"enemies":"3 Byrds","floor":22,"turns":4},{"damage":34,"enemies":"Slavers","floor":24,"turns":2}],"seed_played":"9208321661147874478","potions_obtained":[{"floor":5,"key":"EssenceOfSteel"},{"floor":7,"key":"Regen Potion"},{"floor":10,"key":"Fire Potion"},{"floor":14,"key":"Block Potion"},{"floor":18,"key":"SneckoOil"}],"is_trial":false,"path_per_floor":["M","$","?","M","M","R","M","R","T","?","R","?","E","M","R","B",null,"M","?","?","$","M","R","E"],"character_chosen":"DEFECT","items_purchased":["Defragment","Conserve Battery","White Noise+1","Defragment","Dexterity Potion"],"campfire_rested":1,"item_purchase_floors":[2,2,21,21,21],"current_hp_per_floor":[67,67,67,65,62,62,61,61,61,64,64,64,64,47,47,43,64,50,50,20,20,12,33,0],"gold":25,"neow_bonus":"TEN_PERCENT_HP_BONUS","is_prod":false,"is_daily":false,"chose_seed":false,"campfire_upgraded":4,"win_rate":0,"timestamp":1554691666,"path_taken":["M","$","?","M","M","R","M","R","T","?","R","?","E","M","R","BOSS","M","?","?","?","M","R","E"],"build_version":"2019-01-23","purchased_purges":1,"victory":false,"max_hp_per_floor":[78,78,71,71,71,71,71,71,71,71,71,71,71,71,71,71,71,71,71,71,71,71,71,71],"card_choices":[{"not_picked":["Gash","Barrage"],"picked":"Hologram","floor":1},{"not_picked":["Tempest","Coolheaded"],"picked":"Cold Snap","floor":4},{"not_picked":["Skim","Fusion"],"picked":"Melter","floor":5},{"not_picked":["Force Field","Gash"],"picked":"Storm","floor":7},{"not_picked":["Leap","Barrage"],"picked":"Sunder","floor":10},{"not_picked":["Leap","Redo"],"picked":"Hello World","floor":13},{"not_picked":["Chaos","Gash"],"picked":"Undo","floor":14},{"not_picked":["Machine Learning","Reboot"],"picked":"Echo Form","floor":16},{"not_picked":["Undo","Conserve Battery"],"picked":"Ball Lightning","floor":18},{"not_picked":["Go for the Eyes","Beam Cell"],"picked":"Turbo+1","floor":22}],"player_experience":1708143,"relics_obtained":[{"floor":9,"key":"Mummified Hand"},{"floor":10,"key":"Odd Mushroom"},{"floor":13,"key":"Symbiotic Virus"}],"event_choices":[{"damage_healed":0,"gold_gain":0,"player_choice":"Lose Max HP","damage_taken":0,"relics_obtained":["Golden Idol"],"max_hp_gain":0,"max_hp_loss":7,"event_name":"Golden Idol","floor":3,"gold_loss":0},{"damage_healed":0,"gold_gain":0,"player_choice":"Fought Mushrooms","damage_taken":0,"max_hp_gain":0,"max_hp_loss":0,"event_name":"Mushrooms","floor":10,"gold_loss":0},{"cards_removed":["Strike_B"],"damage_healed":0,"gold_gain":0,"player_choice":"Offered Basic","damage_taken":0,"max_hp_gain":0,"max_hp_loss":0,"event_name":"Bonfire Elementals","floor":12,"gold_loss":0},{"damage_healed":0,"gold_gain":0,"player_choice":"Opened","damage_taken":0,"relics_obtained":["Toxic Egg 2"],"max_hp_gain":0,"max_hp_loss":0,"event_name":"The Mausoleum","floor":19,"gold_loss":0,"cards_obtained":["Writhe"]},{"damage_healed":0,"gold_gain":0,"player_choice":"Fight","damage_taken":0,"max_hp_gain":0,"max_hp_loss":0,"event_name":"Colosseum","floor":20,"gold_loss":0},{"damage_healed":0,"gold_gain":0,"player_choice":"Fled From Nobs","damage_taken":0,"max_hp_gain":0,"max_hp_loss":0,"event_name":"Colosseum","floor":20,"gold_loss":0}],"is_beta":false,"boss_relics":[{"not_picked":["Pandora\u0027s Box","Tiny House"],"picked":"Empty Cage"}],"items_purged_floors":[21],"is_endless":false,"potions_floor_spawned":[5,7,10,14,18,20],"killed_by":"Slavers","ascension_level":20}