{"gold_per_floor":[117,133,150,162,178,206,206,231,231,251,251,251],"floor_reached":12,"playtime":425,"items_purged":[],"score":184,"play_id":"ec8a0e0d-5e40-4910-8189-24a2c2c60856","local_time":"20190411173349","is_ascension_mode":true,"campfire_choices":[{"data":"Perfected Strike","floor":7,"key":"SMITH"},{"floor":11,"key":"REST"}],"neow_cost":"NONE","seed_source_timestamp":92254487958838,"circlet_count":0,"master_deck":["AscendersBane","Strike_R","Strike_R","Strike_R","Strike_R","Strike_R","Defend_R","Defend_R","Defend_R","Defend_R","Bash","Clothesline","Thunderclap","Perfected Strike+1","Shrug It Off","Limit Break","Shrug It Off+1","Shrug It Off+1"],"relics":["Burning Blood","Matryoshka","Ginger","Dream Catcher","Toxic Egg 2"],"potions_floor_usage":[3,8,12],"damage_taken":[{"damage":7,"enemies":"Cultist","floor":1,"turns":4},{"damage":4,"enemies":"Small Slimes","floor":2,"turns":4},{"damage":0,"enemies":"2 Louse","floor":3,"turns":1},{"damage":5,"enemies":"2 Fungi Beasts","floor":4,"turns":4},{"damage":14,"enemies":"Looter","floor":5,"turns":3},{"damage":28,"enemies":"Gremlin Nob","floor":6,"turns":4},{"damage":38,"enemies":"3 Sentries","floor":8,"turns":7},{"damage":14,"enemies":"Exordium Wildlife","floor":10,"turns":4},{"damage":49,"enemies":"Gremlin Nob","floor":12,"turns":5}],"seed_played":"-7346062468919013719","potions_obtained":[{"floor":1,"key":"AttackPotion"},{"floor":6,"key":"FearPotion"},{"floor":8,"key":"SpeedPotion"}],"is_trial":false,"path_per_floor":["M","M","M","M","M","E","R","E","T","M","R","E"],"character_chosen":"IRONCLAD","items_purchased":[],"campfire_rested":1,"item_purchase_floors":[],"current_hp_per_floor":[74,76,82,82,74,52,52,20,20,12,36,0],"gold":251,"neow_bonus":"TEN_PERCENT_HP_BONUS","is_prod":false,"is_daily":false,"chose_seed":false,"campfire_upgraded":1,"win_rate":0,"timestamp":1555018429,"path_taken":["M","M","M","M","?","E","R","E","T","M","R","E"],"build_version":"2019-01-23","purchased_purges":0,"victory":false,"max_hp_per_floor":[82,82,82,82,82,82,82,82,82,82,82,82],"card_choices":[{"not_picked":["Corruption","Havoc"],"picked":"Clothesline","floor":1},{"not_picked":["Iron Wave","Cleave"],"picked":"Thunderclap","floor":2},{"not_picked":["Flex","Pummel"],"picked":"Perfected Strike","floor":3},{"not_picked":["Limit Break","Iron Wave"],"picked":"Shrug It Off","floor":4},{"not_picked":["Sever Soul","Body Slam","Sword Boomerang"],"picked":"SKIP","floor":5},{"not_picked":["Sword Boomerang","Cleave","Wild Strike"],"picked":"SKIP","floor":6},{"not_picked":["True Grit","Hemokinesis"],"picked":"Limit Break","floor":8},{"not_picked":["Dual Wield+1","Wild Strike"],"picked":"Shrug It Off+1","floor":10},{"not_picked":["Headbutt","Clothesline"],"picked":"Shrug It Off+1","floor":11}],"player_experience":1795180,"relics_obtained":[{"floor":6,"key":"Matryoshka"},{"floor":8,"key":"Ginger"},{"floor":9,"key":"Dream Catcher"},{"floor":9,"key":"Toxic Egg 2"}],"event_choices":[],"is_beta":false,"boss_relics":[],"items_purged_floors":[],"is_endless":false,"potions_floor_spawned":[1,6,8],"killed_by":"Gremlin Nob","ascension_level":20}