{"gold_per_floor":[14,14,14,34,55,55,5,23,23,61,76,76,97,110,110,241,241,259,259,18,18,43,74,74,74,74,74,92,7,51,51,51,51],"floor_reached":33,"playtime":1169,"items_purged":[],"score":285,"play_id":"eeb5db44-551b-4a5d-ba16-c2edf6bfe8ea","local_time":"20190511184636","is_ascension_mode":false,"campfire_choices":[{"data":"Bash","floor":6,"key":"SMITH"},{"floor":12,"key":"RECALL"},{"data":"Shockwave","floor":15,"key":"SMITH"},{"floor":25,"key":"REST"},{"floor":27,"key":"REST"},{"floor":32,"key":"DIG"}],"neow_cost":"NO_GOLD","seed_source_timestamp":1261103529187662,"circlet_count":0,"master_deck":["Strike_R","Strike_R","Strike_R","Strike_R","Strike_R","Defend_R","Defend_R","Defend_R","Defend_R","Bash+1","Limit Break+1","Heavy Blade","Battle Trance","Shockwave+1","Evolve","Spot Weakness","Disarm","Double Tap","Whirlwind+1","True Grit+1","Pummel+1","Inflame"],"relics":["Black Blood","Golden Idol","Bronze Scales","Mummified Hand","Molten Egg 2","Torii","Ginger","Shovel","Art of War","Boot"],"potions_floor_usage":[10,10,16,16,31,33,33],"damage_taken":[{"damage":5,"enemies":"Small Slimes","floor":1,"turns":5},{"damage":0,"enemies":"2 Louse","floor":4,"turns":3},{"damage":5,"enemies":"Jaw Worm","floor":5,"turns":4},{"damage":19,"enemies":"Lots of Slimes","floor":8,"turns":5},{"damage":7,"enemies":"Gremlin Nob","floor":10,"turns":3},{"damage":8,"enemies":"Blue Slaver","floor":11,"turns":4},{"damage":10,"enemies":"Large Slime","floor":13,"turns":5},{"damage":12,"enemies":"Red Slaver","floor":14,"turns":5},{"damage":16,"enemies":"Hexaghost","floor":16,"turns":8},{"damage":7,"enemies":"Chosen","floor":18,"turns":8},{"damage":41,"enemies":"Spheric Guardian","floor":22,"turns":6},{"damage":41,"enemies":"Gremlin Leader","floor":23,"turns":5},{"damage":3,"enemies":"Snake Plant","floor":28,"turns":3},{"damage":15,"enemies":"Book of Stabbing","floor":30,"turns":5},{"damage":26,"enemies":"Colosseum Slavers","floor":31,"turns":3},{"damage":76,"enemies":"Automaton","floor":33,"turns":6}],"seed_played":"-6301062233305377678","potions_obtained":[{"floor":5,"key":"Weak Potion"},{"floor":10,"key":"LiquidBronze"},{"floor":13,"key":"LiquidBronze"},{"floor":14,"key":"Dexterity Potion"},{"floor":16,"key":"Poison Potion"},{"floor":18,"key":"SpeedPotion"},{"floor":22,"key":"EssenceOfSteel"},{"floor":23,"key":"Explosive Potion"}],"is_trial":false,"path_per_floor":["M","?","?","M","M","R","$","M","T","E","M","R","M","M","R","B",null,"M","?","$","?","M","E","?","R","T","R","M","?","E","?","R","B"],"character_chosen":"IRONCLAD","items_purchased":["Strength Potion","Molten Egg 2"],"campfire_rested":2,"item_purchase_floors":[7,20],"current_hp_per_floor":[80,80,60,66,67,67,67,54,54,53,51,51,47,41,41,31,80,80,80,80,80,49,18,18,42,42,66,73,73,68,52,52,0],"gold":51,"neow_bonus":"THREE_RARE_CARDS","is_prod":false,"is_daily":false,"chose_seed":false,"campfire_upgraded":2,"win_rate":0,"timestamp":1557571596,"path_taken":["M","?","?","M","M","R","?","?","T","E","M","R","?","M","R","BOSS","M","?","$","?","?","E","?","R","T","R","?","?","E","?","R","BOSS"],"build_version":"2019-01-23","purchased_purges":0,"victory":false,"max_hp_per_floor":[80,80,80,80,80,80,80,80,80,80,80,80,80,80,80,80,80,80,80,80,80,80,80,80,80,80,80,80,80,80,80,80,80],"card_choices":[{"not_picked":["Exhume","Bludgeon"],"picked":"Limit Break","floor":0},{"not_picked":["Thunderclap","True Grit"],"picked":"Heavy Blade","floor":1},{"not_picked":["Bloodletting","Clothesline","Twin Strike"],"picked":"SKIP","floor":4},{"not_picked":["Rupture","Entrench"],"picked":"Battle Trance","floor":5},{"not_picked":["Wild Strike","Havoc","Thunderclap"],"picked":"SKIP","floor":8},{"not_picked":["Bloodletting","Heavy Blade"],"picked":"Shockwave","floor":10},{"not_picked":["Bludgeon","Wild Strike"],"picked":"Evolve","floor":11},{"not_picked":["Perfected Strike","Headbutt"],"picked":"Spot Weakness","floor":13},{"not_picked":["Corruption","Pummel"],"picked":"Disarm","floor":14},{"not_picked":["Offering","Bludgeon"],"picked":"Double Tap","floor":16},{"not_picked":["Havoc","Dropkick"],"picked":"Whirlwind","floor":18},{"not_picked":["Shrug It Off","Heavy Blade+1"],"picked":"True Grit+1","floor":22},{"not_picked":["Warcry","Thunderclap+1"],"picked":"Pummel+1","floor":23},{"not_picked":["Clash+1","Searing Blow+1"],"picked":"Inflame","floor":28},{"not_picked":["Spot Weakness","Headbutt+1","Carnage+1"],"picked":"SKIP","floor":30}],"player_experience":510958,"relics_obtained":[{"floor":10,"key":"Bronze Scales"},{"floor":23,"key":"Torii"},{"floor":26,"key":"Ginger"},{"floor":30,"key":"Art of War"},{"floor":32,"key":"Boot"}],"event_choices":[{"damage_healed":0,"gold_gain":0,"player_choice":"Ignored","damage_taken":0,"max_hp_gain":0,"max_hp_loss":0,"event_name":"Liars Game","floor":2,"gold_loss":0},{"damage_healed":0,"gold_gain":0,"player_choice":"Take Damage","damage_taken":20,"relics_obtained":["Golden Idol"],"max_hp_gain":0,"max_hp_loss":0,"event_name":"Golden Idol","floor":3,"gold_loss":0},{"damage_healed":0,"gold_gain":0,"player_choice":"Opened","damage_taken":0,"relics_obtained":["Mummified Hand"],"max_hp_gain":0,"max_hp_loss":0,"event_name":"The Mausoleum","floor":19,"gold_loss":0},{"damage_healed":0,"gold_gain":0,"player_choice":"Forge","damage_taken":0,"max_hp_gain":0,"max_hp_loss":0,"event_name":"Accursed Blacksmith","floor":21,"gold_loss":0,"cards_upgraded":["Whirlwind"]},{"damage_healed":0,"gold_gain":0,"player_choice":"Upgraded","damage_taken":0,"max_hp_gain":0,"max_hp_loss":0,"event_name":"Upgrade Shrine","floor":24,"gold_loss":0,"cards_upgraded":["Limit Break"]},{"damage_healed":0,"gold_gain":0,"player_choice":"Obtained Relic","damage_taken":0,"relics_obtained":["Shovel"],"max_hp_gain":0,"max_hp_loss":0,"event_name":"Addict","floor":29,"gold_loss":85},{"damage_healed":0,"gold_gain":0,"player_choice":"Fight","damage_taken":0,"max_hp_gain":0,"max_hp_loss":0,"event_name":"Colosseum","floor":31,"gold_loss":0},{"damage_healed":0,"gold_gain":0,"player_choice":"Fled From Nobs","damage_taken":0,"max_hp_gain":0,"max_hp_loss":0,"event_name":"Colosseum","floor":31,"gold_loss":0}],"is_beta":false,"boss_relics":[{"not_picked":["Eternal Feather","White Beast Statue"],"picked":"Black Blood"}],"items_purged_floors":[],"is_endless":false,"potions_floor_spawned":[5,10,13,14,16,18,22,23],"killed_by":"Automaton","ascension_level":0}