{"gold_per_floor":[20,33,108,128,128,128,128,128,154,217,232,264,279,310,310,387,387,387,387,387,387,387,387,387,387,387,387,387,387,387,387],"floor_reached":31,"playtime":1193,"items_purged":[],"score":567,"play_id":"e35565d6-9ec8-4665-ae4a-fe9b264aa90e","local_time":"20190508040612","is_ascension_mode":true,"campfire_choices":[{"data":"Whirlwind","floor":6.0,"key":"SMITH"},{"data":"Bash","floor":8.0,"key":"SMITH"},{"floor":15.0,"key":"REST"},{"data":"Juggernaut","floor":23.0,"key":"SMITH"},{"data":"Inflame","floor":25.0,"key":"SMITH"},{"floor":27.0,"key":"REST"}],"neow_cost":"NO_GOLD","seed_source_timestamp":1331350069247890,"circlet_count":0,"master_deck":["AscendersBane","Strike_R+1","Strike_R+1","Strike_R+1","Defend_R+1","Defend_R+1","Defend_R+1","Defend_R+1","Bash+1","Inflame+1","Headbutt","Whirlwind+1","Clothesline","Iron Wave","Seeing Red","Limit Break","Juggernaut+1","Shrug It Off+1","Limit Break","Exhume","J.A.X.","Armaments"],"special_seed":0,"relics":["Burning Blood","Charon\u0027s Ashes","Tiny Chest","Juzu Bracelet","Letter Opener","Ectoplasm","Dodecahedron","Pear"],"potions_floor_usage":[31],"damage_taken":[{"damage":6.0,"enemies":"Jaw Worm","floor":1.0,"turns":5.0},{"damage":14.0,"enemies":"Small Slimes","floor":2.0,"turns":4.0},{"damage":3.0,"enemies":"2 Louse","floor":4.0,"turns":3.0},{"damage":27.0,"enemies":"Lagavulin","floor":10.0,"turns":6.0},{"damage":10.0,"enemies":"Large Slime","floor":11.0,"turns":5.0},{"damage":8.0,"enemies":"Gremlin Nob","floor":12.0,"turns":3.0},{"damage":7.0,"enemies":"Gremlin Gang","floor":13.0,"turns":3.0},{"damage":15.0,"enemies":"Lagavulin","floor":14.0,"turns":5.0},{"damage":20.0,"enemies":"Slime Boss","floor":16.0,"turns":9.0},{"damage":18.0,"enemies":"Chosen","floor":18.0,"turns":4.0},{"damage":39.0,"enemies":"Book of Stabbing","floor":24.0,"turns":6.0},{"damage":4.0,"enemies":"3 Byrds","floor":28.0,"turns":4.0},{"damage":16.0,"enemies":"Snecko","floor":30.0,"turns":5.0},{"damage":51,"enemies":"Slavers","floor":31,"turns":3}],"seed_played":"2102857567206842132","potions_obtained":[{"floor":1.0,"key":"Block Potion"},{"floor":2.0,"key":"Energy Potion"},{"floor":10.0,"key":"LiquidBronze"},{"floor":24.0,"key":"Block Potion"},{"floor":30.0,"key":"Fire Potion"}],"is_trial":false,"path_per_floor":["M","M","?","M","?","R","?","R","T","E","M","E","M","E","R","B",null,"M","?","?","?","?","R","E","R","T","R","M","?","M","E"],"character_chosen":"IRONCLAD","items_purchased":[],"campfire_rested":2,"item_purchase_floors":[],"current_hp_per_floor":[68,60,49,52,57,57,46,46,46,25,21,19,18,9,33,19,65,53,53,53,69,46,46,13,13,23,51,53,53,43,0],"gold":387,"neow_bonus":"REMOVE_TWO","is_prod":false,"is_daily":false,"chose_seed":false,"campfire_upgraded":4,"win_rate":0,"timestamp":1557302772,"path_taken":["M","M","?","M","?","R","?","R","T","E","?","E","M","E","R","BOSS","M","?","?","?","?","R","E","R","T","R","M","?","M","E"],"build_version":"2019-01-23","purchased_purges":0,"victory":false,"max_hp_per_floor":[75,75,75,75,80,80,80,80,80,80,80,80,80,80,80,80,80,80,80,80,80,85,85,85,85,95,95,95,95,95,95],"card_choices":[{"not_picked":["Searing Blow","Spot Weakness"],"picked":"Inflame","floor":1.0},{"not_picked":["Iron Wave","Havoc"],"picked":"Headbutt","floor":2.0},{"not_picked":["Perfected Strike","Spot Weakness"],"picked":"Whirlwind","floor":4.0},{"not_picked":["Havoc","Warcry","Fire Breathing"],"picked":"SKIP","floor":10.0},{"not_picked":["Disarm","Burning Pact"],"picked":"Clothesline","floor":11.0},{"not_picked":["Warcry","Whirlwind"],"picked":"Iron Wave","floor":12.0},{"not_picked":["Twin Strike","Flex"],"picked":"Seeing Red","floor":13.0},{"not_picked":["Sever Soul","Infernal Blade"],"picked":"Limit Break","floor":14.0},{"not_picked":["Barricade","Demon Form"],"picked":"Juggernaut","floor":16.0},{"not_picked":["Searing Blow","Clash"],"picked":"Shrug It Off+1","floor":18.0},{"not_picked":["True Grit","Clothesline"],"picked":"Exhume","floor":24.0},{"not_picked":["Pommel Strike","Second Wind","Thunderclap"],"picked":"SKIP","floor":28.0},{"not_picked":["Anger","Thunderclap+1"],"picked":"Armaments","floor":30.0}],"player_experience":2449782,"relics_obtained":[{"floor":10.0,"key":"Tiny Chest"},{"floor":12.0,"key":"Juzu Bracelet"},{"floor":14.0,"key":"Letter Opener"},{"floor":24.0,"key":"Dodecahedron"},{"floor":26.0,"key":"Pear"}],"event_choices":[{"damage_healed":0.0,"max_hp_gain":0.0,"max_hp_loss":0.0,"gold_gain":75.0,"event_name":"World of Goop","player_choice":"Gather Gold","floor":3.0,"gold_loss":0.0,"damage_taken":11.0},{"damage_healed":0.0,"max_hp_gain":5.0,"max_hp_loss":0.0,"gold_gain":0.0,"event_name":"Big Fish","player_choice":"Donut","floor":5.0,"gold_loss":0.0,"damage_taken":0.0},{"damage_healed":0.0,"max_hp_gain":0.0,"max_hp_loss":0.0,"gold_gain":0.0,"event_name":"Scrap Ooze","player_choice":"Success","floor":7.0,"gold_loss":0.0,"damage_taken":11.0,"relics_obtained":["Charon\u0027s Ashes"]},{"damage_healed":0.0,"max_hp_gain":0.0,"max_hp_loss":0.0,"gold_gain":0.0,"event_name":"Back to Basics","player_choice":"Simplicity","floor":19.0,"gold_loss":0.0,"damage_taken":0.0,"cards_upgraded":["Strike_R","Strike_R","Strike_R","Defend_R","Defend_R","Defend_R","Defend_R"]},{"damage_healed":0.0,"max_hp_gain":0.0,"max_hp_loss":0.0,"gold_gain":0.0,"event_name":"Duplicator","player_choice":"Copied","floor":20.0,"gold_loss":0.0,"damage_taken":0.0,"cards_obtained":["Limit Break"]},{"damage_healed":16.0,"max_hp_gain":0.0,"max_hp_loss":0.0,"gold_gain":0.0,"event_name":"The Library","player_choice":"Heal","floor":21.0,"gold_loss":0.0,"damage_taken":0.0},{"damage_healed":0.0,"max_hp_gain":5.0,"max_hp_loss":0.0,"gold_gain":0.0,"event_name":"Forgotten Altar","player_choice":"Shed Blood","floor":22.0,"gold_loss":0.0,"damage_taken":28.0},{"damage_healed":0.0,"max_hp_gain":0.0,"max_hp_loss":0.0,"gold_gain":0.0,"event_name":"Drug Dealer","player_choice":"Obtain J.A.X.","floor":29.0,"gold_loss":0.0,"damage_taken":0.0,"cards_obtained":["J.A.X."]}],"is_beta":false,"boss_relics":[{"not_picked":["Eternal Feather","Black Blood"],"picked":"Ectoplasm"}],"items_purged_floors":[],"is_endless":false,"potions_floor_spawned":[1,2,10,11,24,30],"killed_by":"Slavers","ascension_level":20}