{"gold_per_floor":[119,138,157,177,142,142,171,171,171,200,214,214,232,266,266,345,345,358,358,6,106,106,106,106],"floor_reached":24,"playtime":2045,"items_purged":[],"score":428,"play_id":"c925d0df-13c6-4af7-86ac-5d1730ef112a","local_time":"20190424184311","is_ascension_mode":true,"campfire_choices":[{"data":"Skewer","floor":6,"key":"SMITH"},{"data":"Noxious Fumes","floor":8,"key":"SMITH"},{"floor":12,"key":"REST"},{"floor":15,"key":"REST"},{"floor":23,"key":"REST"}],"neow_cost":"PERCENT_DAMAGE","seed_source_timestamp":173909810576881,"circlet_count":0,"master_deck":["AscendersBane","Defend_G+1","Defend_G+1","Defend_G+1","Defend_G+1","Defend_G+1","Strike_G+1","Strike_G+1","Strike_G+1","Strike_G+1","Strike_G+1","Survivor","Neutralize","Dagger Spray","Skewer+1","Cloak And Dagger","Noxious Fumes+1","Blur","Dash","Well Laid Plans","Malaise","Footwork","Catalyst"],"relics":["Ring of the Snake","Torii","Question Card","The Courier","Bottled Flame","Vajra","Fusion Hammer","OrangePellets","Anchor","Unceasing Top","Meat on the Bone"],"potions_floor_usage":[11,14,14,16,21,21,24],"damage_taken":[{"damage":2,"enemies":"Jaw Worm","floor":1,"turns":7},{"damage":1,"enemies":"2 Louse","floor":2,"turns":3},{"damage":1,"enemies":"Small Slimes","floor":3,"turns":3},{"damage":0,"enemies":"3 Louse","floor":4,"turns":4},{"damage":31,"enemies":"Lagavulin","floor":7,"turns":8},{"damage":21,"enemies":"3 Sentries","floor":10,"turns":7},{"damage":2,"enemies":"Lots of Slimes","floor":11,"turns":3},{"damage":1,"enemies":"Exordium Thugs","floor":13,"turns":5},{"damage":6,"enemies":"Gremlin Nob","floor":14,"turns":3},{"damage":19,"enemies":"The Guardian","floor":16,"turns":12},{"damage":12,"enemies":"Shell Parasite","floor":18,"turns":5},{"damage":1,"enemies":"Colosseum Slavers","floor":21,"turns":5},{"damage":28,"enemies":"Colosseum Nobs","floor":21,"turns":8},{"damage":39,"enemies":"Gremlin Leader","floor":24,"turns":7}],"seed_played":"2069012920331461390","potions_obtained":[{"floor":7,"key":"Poison Potion"},{"floor":10,"key":"Block Potion"},{"floor":11,"key":"Energy Potion"},{"floor":14,"key":"EssenceOfSteel"},{"floor":18,"key":"SkillPotion"},{"floor":21,"key":"SteroidPotion"},{"floor":22,"key":"Block Potion"}],"is_trial":false,"path_per_floor":["M","M","M","M","?","R","E","R","T","E","M","R","M","E","R","B",null,"M","?","$","?","?","R","E"],"character_chosen":"THE_SILENT","items_purchased":["OrangePellets","Anchor","SkillPotion"],"campfire_rested":3,"item_purchase_floors":[20,20,20],"current_hp_per_floor":[42,41,40,40,56,56,25,25,25,4,2,21,20,14,33,14,53,41,41,41,12,12,31,0],"gold":106,"neow_bonus":"ONE_RARE_RELIC","is_prod":false,"is_daily":false,"chose_seed":false,"campfire_upgraded":2,"win_rate":0,"timestamp":1556145791,"path_taken":["M","M","M","M","?","R","E","R","T","E","M","R","M","E","R","BOSS","M","?","$","?","?","R","E"],"build_version":"2019-01-23","purchased_purges":0,"victory":false,"max_hp_per_floor":[66,66,66,66,66,66,66,66,66,66,66,66,66,66,66,66,66,66,66,66,66,66,66,66],"card_choices":[{"not_picked":["Dagger Throw","All Out Attack"],"picked":"Dagger Spray","floor":1},{"not_picked":["Reflex","Underhanded Strike"],"picked":"Skewer","floor":2},{"not_picked":["Dagger Throw","Dodge and Roll"],"picked":"Cloak And Dagger","floor":3},{"not_picked":["Choke","Predator"],"picked":"Noxious Fumes","floor":4},{"not_picked":["Cloak And Dagger","Burst","Eviscerate"],"picked":"SKIP","floor":7},{"not_picked":["Underhanded Strike","Acrobatics","Heel Hook"],"picked":"Blur","floor":10},{"not_picked":["Dagger Throw","Prepared","Blade Dance"],"picked":"Dash","floor":11},{"not_picked":["Dagger Spray","Dash","Backflip"],"picked":"Well Laid Plans","floor":13},{"not_picked":["Prepared","Blade Dance","All Out Attack","Bane"],"picked":"SKIP","floor":14},{"not_picked":["Die Die Die","Adrenaline","Burst"],"picked":"Malaise","floor":16},{"not_picked":["Bane","Deadly Poison+1","Sucker Punch"],"picked":"Footwork","floor":18},{"not_picked":["Concentrate","Expertise","Caltrops"],"picked":"Catalyst","floor":21}],"player_experience":1910098,"relics_obtained":[{"floor":7,"key":"Question Card"},{"floor":9,"key":"The Courier"},{"floor":10,"key":"Bottled Flame"},{"floor":14,"key":"Vajra"},{"floor":21,"key":"Unceasing Top"},{"floor":21,"key":"Meat on the Bone"}],"event_choices":[{"damage_healed":16,"gold_gain":0,"player_choice":"Healed","damage_taken":0,"max_hp_gain":0,"max_hp_loss":0,"event_name":"The Cleric","floor":5,"gold_loss":35},{"damage_healed":0,"gold_gain":0,"player_choice":"Simplicity","damage_taken":0,"max_hp_gain":0,"max_hp_loss":0,"event_name":"Back to Basics","floor":19,"gold_loss":0,"cards_upgraded":["Defend_G","Defend_G","Defend_G","Defend_G","Defend_G","Strike_G","Strike_G","Strike_G","Strike_G","Strike_G"]},{"damage_healed":0,"gold_gain":0,"player_choice":"Fight","damage_taken":0,"max_hp_gain":0,"max_hp_loss":0,"event_name":"Colosseum","floor":21,"gold_loss":0},{"damage_healed":0,"gold_gain":0,"player_choice":"Fought Nobs","damage_taken":0,"max_hp_gain":0,"max_hp_loss":0,"event_name":"Colosseum","floor":21,"gold_loss":0},{"damage_healed":0,"gold_gain":0,"player_choice":"Got Potions","damage_taken":0,"max_hp_gain":0,"max_hp_loss":0,"event_name":"Lab","floor":22,"gold_loss":0}],"is_beta":false,"boss_relics":[{"not_picked":["Astrolabe","Ring of the Serpent"],"picked":"Fusion Hammer"}],"items_purged_floors":[],"is_endless":false,"potions_floor_spawned":[7,10,11,13,14,18,21],"killed_by":"Gremlin Leader","ascension_level":20}