{"gold_per_floor":[112,131,151,301,301,301,336,359,359,359,359,434,434,414],"floor_reached":14,"playtime":746,"items_purged":[],"score":172,"play_id":"42498fc8-3bcd-4f95-b91b-c1b56fa918f1","local_time":"20190322165602","is_ascension_mode":true,"campfire_choices":[{"floor":6,"key":"REST"},{"floor":11,"key":"REST"},{"data":"Noxious Fumes","floor":13,"key":"SMITH"}],"neow_cost":"NONE","seed_source_timestamp":487106611937440,"circlet_count":0,"master_deck":["AscendersBane","Defend_G","Defend_G","Defend_G","Defend_G","Defend_G","Strike_G","Strike_G","Strike_G","Strike_G","Strike_G","Survivor","Neutralize","PiercingWail","Cloak And Dagger","Noxious Fumes+1","Doubt","Bouncing Flask","PiercingWail","Dodge and Roll+1","Terror+1"],"relics":["Ring of the Snake","Golden Idol","Blue Candle","Toxic Egg 2","Dream Catcher","Nunchaku"],"potions_floor_usage":[2,8],"damage_taken":[{"damage":1,"enemies":"2 Louse","floor":1,"turns":3},{"damage":9,"enemies":"Jaw Worm","floor":2,"turns":9},{"damage":0,"enemies":"Small Slimes","floor":3,"turns":5},{"damage":44,"enemies":"3 Sentries","floor":7,"turns":11},{"damage":0,"enemies":"3 Louse","floor":8,"turns":4},{"damage":18,"enemies":"3 Sentries","floor":12,"turns":10},{"damage":11,"enemies":"Looter","floor":14,"turns":1}],"seed_played":"117306303374832018","potions_obtained":[{"floor":1,"key":"SteroidPotion"},{"floor":7,"key":"GhostInAJar"}],"is_trial":false,"path_per_floor":["M","M","M","?","?","R","E","M","T","?","R","?","R","M"],"character_chosen":"THE_SILENT","items_purchased":[],"campfire_rested":2,"item_purchase_floors":[],"current_hp_per_floor":[64,55,55,55,30,51,7,7,7,2,23,5,5,0],"gold":414,"neow_bonus":"TEN_PERCENT_HP_BONUS","is_prod":false,"is_daily":false,"chose_seed":false,"campfire_upgraded":1,"win_rate":0,"timestamp":1553288162,"path_taken":["M","M","M","?","?","R","E","M","T","?","R","?","R","M"],"build_version":"2019-01-23","purchased_purges":0,"victory":false,"max_hp_per_floor":[72,72,72,72,72,72,72,72,72,72,72,72,72,72],"card_choices":[{"not_picked":["All Out Attack","Dagger Spray"],"picked":"PiercingWail","floor":1},{"not_picked":["Quick Slash","Catalyst"],"picked":"Cloak And Dagger","floor":2},{"not_picked":["Cloak And Dagger","Dagger Throw"],"picked":"Noxious Fumes","floor":3},{"not_picked":["Reflex","Expertise"],"picked":"Bouncing Flask","floor":7},{"not_picked":["Outmaneuver","Calculated Gamble"],"picked":"PiercingWail","floor":8},{"not_picked":["Reflex+1","PiercingWail+1"],"picked":"Dodge and Roll+1","floor":11},{"not_picked":["Backflip+1","Cloak And Dagger+1"],"picked":"Terror+1","floor":12}],"player_experience":1346464,"relics_obtained":[{"floor":7,"key":"Blue Candle"},{"floor":9,"key":"Toxic Egg 2"},{"floor":12,"key":"Nunchaku"}],"event_choices":[{"damage_healed":0,"gold_gain":150,"player_choice":"AGREE","damage_taken":0,"max_hp_gain":0,"max_hp_loss":0,"event_name":"Liars Game","floor":4,"gold_loss":0,"cards_obtained":["Doubt"]},{"damage_healed":0,"gold_gain":0,"player_choice":"Take Damage","damage_taken":25,"relics_obtained":["Golden Idol"],"max_hp_gain":0,"max_hp_loss":0,"event_name":"Golden Idol","floor":5,"gold_loss":0},{"damage_healed":0,"gold_gain":0,"player_choice":"Success","damage_taken":5,"relics_obtained":["Dream Catcher"],"max_hp_gain":0,"max_hp_loss":0,"event_name":"Scrap Ooze","floor":10,"gold_loss":0},{"damage_healed":0,"gold_gain":0,"player_choice":"Searched \u00271\u0027 times","damage_taken":0,"max_hp_gain":0,"max_hp_loss":0,"event_name":"Dead Adventurer","floor":12,"gold_loss":0}],"is_beta":false,"boss_relics":[],"items_purged_floors":[],"is_endless":false,"potions_floor_spawned":[1,7],"killed_by":"Looter","ascension_level":19}