{"gold_per_floor":[15,15,31,56,131,131,154,180,248,248,264,284,315,329,329,424,424,441,441,45,63,63,63,81,81,128,140,166,166,177,211,211,314,314,329,86,97,116,116,147,147,173,222,248,173,173,193,213,213,213,213,213,29,62,62],"floor_reached":56,"playtime":5771,"items_purged":[],"score":1494,"play_id":"1e8481bd-4dbb-4dbd-a851-e7b2f5b55b0c","local_time":"20190419174702","is_ascension_mode":true,"campfire_choices":[{"data":"Uppercut","floor":6,"key":"SMITH"},{"floor":10,"key":"REST"},{"data":"Offering","floor":15,"key":"SMITH"},{"data":"Flame Barrier","floor":23,"key":"SMITH"},{"floor":29,"key":"REST"},{"data":"Flame Barrier","floor":32,"key":"SMITH"},{"floor":41,"key":"RECALL"},{"data":"Corruption","floor":49,"key":"SMITH"},{"data":"Immolate","floor":52,"key":"SMITH"}],"neow_cost":"NO_GOLD","seed_source_timestamp":686204972489201,"circlet_count":0,"master_deck":["Evolve","Uppercut+1","Headbutt","Disarm","Intimidate","Corruption+1","Flame Barrier+1","Offering+1","Immolate","Exhume","Bludgeon","Immolate+1","Combust","Entrench","Havoc","Necronomicurse","Secret Technique","Intimidate","Panacea","Armaments","Armaments+1","RitualDagger","Rage","Shockwave","Flame Barrier+1","Double Tap","Havoc+1","Searing Blow+1","Spot Weakness+1","Armaments+1","Master of Strategy","Feel No Pain","Havoc+1","Warcry+1","Shrug It Off","Warcry+1","Feel No Pain","Battle Trance","Transmutation"],"relics":["Burning Blood","Dead Branch","Centennial Puzzle","Odd Mushroom","Art of War","StoneCalendar","Pandora\u0027s Box","Necronomicon","Oddly Smooth Stone","Blood Vial","Singing Bowl","Astrolabe","Pocketwatch","Potion Belt","Bag of Marbles","Bronze Scales","Meat on the Bone","Vajra"],"potions_floor_usage":[13,27,28,33,33,50,50,50,55],"damage_taken":[{"damage":2,"enemies":"Jaw Worm","floor":1,"turns":3},{"damage":7,"enemies":"Small Slimes","floor":3,"turns":3},{"damage":25,"enemies":"The Mushroom Lair","floor":7,"turns":5},{"damage":24,"enemies":"Gremlin Nob","floor":8,"turns":4},{"damage":1,"enemies":"2 Louse","floor":11,"turns":2},{"damage":0,"enemies":"2 Fungi Beasts","floor":12,"turns":3},{"damage":27,"enemies":"Lagavulin","floor":13,"turns":7},{"damage":0,"enemies":"3 Louse","floor":14,"turns":4},{"damage":25,"enemies":"Hexaghost","floor":16,"turns":8},{"damage":8,"enemies":"3 Byrds","floor":18,"turns":3},{"damage":5,"enemies":"Shell Parasite","floor":21,"turns":3},{"damage":15,"enemies":"Shelled Parasite and Fungi","floor":24,"turns":4},{"damage":6,"enemies":"Snake Plant","floor":27,"turns":2},{"damage":15,"enemies":"Book of Stabbing","floor":28,"turns":4},{"damage":0,"enemies":"3 Cultists","floor":30,"turns":2},{"damage":3,"enemies":"Gremlin Leader","floor":31,"turns":2},{"damage":6,"enemies":"Collector","floor":33,"turns":5},{"damage":0,"enemies":"3 Darklings","floor":35,"turns":1},{"damage":16,"enemies":"Orb Walker","floor":37,"turns":2},{"damage":6,"enemies":"Spire Growth","floor":38,"turns":2},{"damage":15,"enemies":"Reptomancer","floor":40,"turns":5},{"damage":5,"enemies":"Nemesis","floor":42,"turns":5},{"damage":8,"enemies":"Reptomancer","floor":44,"turns":4},{"damage":0,"enemies":"Maw","floor":47,"turns":7},{"damage":9,"enemies":"3 Darklings","floor":48,"turns":4},{"damage":23,"enemies":"Time Eater","floor":50,"turns":8},{"damage":11,"enemies":"Shield and Spear","floor":54,"turns":5},{"damage":24,"enemies":"The Heart","floor":55,"turns":6}],"seed_played":"-7126739298268750081","potions_obtained":[{"floor":7,"key":"Explosive Potion"},{"floor":8,"key":"Regen Potion"},{"floor":13,"key":"Energy Potion"},{"floor":16,"key":"AttackPotion"},{"floor":27,"key":"BloodPotion"},{"floor":28,"key":"FearPotion"},{"floor":30,"key":"AttackPotion"},{"floor":37,"key":"Poison Potion"},{"floor":42,"key":"SkillPotion"},{"floor":48,"key":"Poison Potion"},{"floor":54,"key":"SkillPotion"}],"is_trial":false,"path_per_floor":["M","?","M","T","?","R","?","E","T","R","M","M","E","M","R","B",null,"M","?","$","M","?","R","M","?","T","M","E","R","M","E","R","B",null,"M","$","M","M","?","E","R","E","T","E","$","T","M","M","R","B",null,"R","$","E","B",null],"character_chosen":"IRONCLAD","items_purchased":["Secret Technique","Intimidate","Panacea","Armaments","Master of Strategy","Feel No Pain","Feel No Pain","Transmutation"],"campfire_rested":2,"item_purchase_floors":[20,20,20,20,36,36,45,53],"current_hp_per_floor":[80,80,79,79,68,68,49,31,31,55,60,66,60,66,66,47,80,78,62,62,63,57,57,48,48,48,48,47,71,79,80,80,80,80,80,80,72,74,79,72,72,75,75,75,75,75,82,81,81,66,84,84,84,81,65],"gold":62,"neow_bonus":"ONE_RARE_RELIC","is_prod":false,"is_daily":false,"chose_seed":false,"campfire_upgraded":6,"win_rate":0,"timestamp":1555692422,"path_taken":["M","?","M","?","?","R","?","E","T","R","M","M","E","M","R","BOSS","M","?","$","M","?","R","M","?","T","?","E","R","M","E","R","BOSS","M","$","?","M","?","E","R","E","T","E","$","?","?","M","R","BOSS","R","$","E","BOSS"],"build_version":"2019-01-23","purchased_purges":0,"victory":true,"max_hp_per_floor":[80,80,80,80,80,80,80,80,80,80,80,80,80,80,80,80,80,80,80,80,80,80,80,80,80,80,80,80,80,80,80,80,80,80,80,80,82,82,82,82,82,82,82,82,82,82,82,84,84,84,84,84,84,86,86],"card_choices":[{"not_picked":["Dropkick","Flex"],"picked":"Pommel Strike","floor":1},{"not_picked":["Flex","Sword Boomerang"],"picked":"Uppercut","floor":3},{"not_picked":["Iron Wave","Entrench"],"picked":"Headbutt","floor":7},{"not_picked":["Cleave","Thunderclap"],"picked":"Disarm","floor":8},{"not_picked":["Whirlwind","Clothesline"],"picked":"Intimidate","floor":11},{"not_picked":["Searing Blow","Wild Strike"],"picked":"Corruption","floor":12},{"not_picked":["Heavy Blade","Whirlwind"],"picked":"Flame Barrier","floor":13},{"not_picked":["Heavy Blade","Body Slam"],"picked":"Offering","floor":14},{"not_picked":["Double Tap","Berserk"],"picked":"Immolate","floor":16},{"not_picked":["Inflame","Clash"],"picked":"Havoc","floor":18},{"not_picked":["Rupture","Twin Strike"],"picked":"Armaments+1","floor":21},{"not_picked":["Armaments","Searing Blow"],"picked":"Rage","floor":24},{"not_picked":["Spot Weakness","Reckless Charge","Heavy Blade"],"picked":"SKIP","floor":27},{"not_picked":["Flex","Heavy Blade"],"picked":"Shockwave","floor":28},{"not_picked":["Pummel","Pommel Strike","Wild Strike+1"],"picked":"SKIP","floor":30},{"not_picked":["Rampage","Wild Strike"],"picked":"Flame Barrier","floor":31},{"not_picked":["Limit Break","Dark Embrace"],"picked":"Double Tap","floor":33},{"not_picked":["Spot Weakness","Cleave"],"picked":"Armaments+1","floor":35},{"not_picked":["Cleave+1","Sword Boomerang+1","Body Slam+1"],"picked":"Singing Bowl","floor":37},{"not_picked":["Cleave","Pommel Strike"],"picked":"Havoc+1","floor":38},{"not_picked":["Whirlwind+1","Second Wind+1"],"picked":"Warcry+1","floor":40},{"not_picked":["Twin Strike+1","Thunderclap+1"],"picked":"Shrug It Off","floor":42},{"not_picked":["Dark Embrace","Sword Boomerang"],"picked":"Warcry+1","floor":44},{"not_picked":["Clash","Pommel Strike+1"],"picked":"Battle Trance","floor":47},{"not_picked":["Pummel+1","Headbutt","Rage+1"],"picked":"Singing Bowl","floor":48},{"not_picked":["Cleave","Reckless Charge","Wild Strike"],"picked":"Singing Bowl","floor":54}],"player_experience":158426,"relics_obtained":[{"floor":4,"key":"Centennial Puzzle"},{"floor":7,"key":"Odd Mushroom"},{"floor":8,"key":"Art of War"},{"floor":13,"key":"StoneCalendar"},{"floor":19,"key":"Necronomicon"},{"floor":26,"key":"Oddly Smooth Stone"},{"floor":28,"key":"Blood Vial"},{"floor":31,"key":"Singing Bowl"},{"floor":40,"key":"Pocketwatch"},{"floor":42,"key":"Potion Belt"},{"floor":43,"key":"Bag of Marbles"},{"floor":44,"key":"Bronze Scales"},{"floor":46,"key":"Meat on the Bone"},{"floor":54,"key":"Vajra"}],"event_choices":[{"damage_healed":0,"gold_gain":0,"cards_transformed":["Strike_R"],"player_choice":"Change","damage_taken":0,"max_hp_gain":0,"max_hp_loss":0,"event_name":"Living Wall","floor":2,"gold_loss":0,"cards_obtained":["Evolve"]},{"damage_healed":0,"gold_gain":75,"player_choice":"Gather Gold","damage_taken":11,"max_hp_gain":0,"max_hp_loss":0,"event_name":"World of Goop","floor":5,"gold_loss":0},{"damage_healed":0,"gold_gain":0,"player_choice":"Fought Mushrooms","damage_taken":0,"max_hp_gain":0,"max_hp_loss":0,"event_name":"Mushrooms","floor":7,"gold_loss":0},{"damage_healed":0,"gold_gain":0,"player_choice":"Obtained Book","damage_taken":16,"max_hp_gain":0,"max_hp_loss":0,"event_name":"Cursed Tome","floor":19,"gold_loss":0},{"damage_healed":0,"gold_gain":0,"player_choice":"Joined the Cult","damage_taken":6,"max_hp_gain":0,"max_hp_loss":0,"event_name":"Nest","floor":22,"gold_loss":0,"cards_obtained":["RitualDagger"]},{"cards_removed":["Bash"],"damage_healed":0,"gold_gain":0,"player_choice":"Purged","damage_taken":0,"max_hp_gain":0,"max_hp_loss":0,"event_name":"Purifier","floor":25,"gold_loss":0},{"cards_removed":["Twin Strike"],"damage_healed":5,"gold_gain":0,"player_choice":"Offered Common","damage_taken":0,"max_hp_gain":0,"max_hp_loss":0,"event_name":"Bonfire Elementals","floor":39,"gold_loss":0},{"cards_removed":["Twin Strike"],"damage_healed":5,"gold_gain":0,"player_choice":"Offered Special","damage_taken":0,"max_hp_gain":0,"max_hp_loss":0,"event_name":"Bonfire Elementals","floor":39,"gold_loss":0}],"is_beta":false,"boss_relics":[{"not_picked":["Runic Pyramid","Mark of Pain"],"picked":"Pandora\u0027s Box"},{"not_picked":["Lizard Tail","Eternal Feather"],"picked":"Astrolabe"}],"items_purged_floors":[],"is_endless":false,"potions_floor_spawned":[7,8,13,16,27,28,30,31,37,42,48,54],"ascension_level":3}