{"gold_per_floor":[109,34,49,59,71,71,98,157,232,299,299,299,334,351,351,351],"floor_reached":16,"playtime":643,"items_purged":["Strike_B"],"score":116,"play_id":"9c261597-27a1-4c3d-b3c4-f7434d915ba5","local_time":"20190502185007","is_ascension_mode":true,"campfire_choices":[{"data":"Dualcast","floor":6,"key":"SMITH"},{"data":"Genetic Algorithm","floor":12,"key":"SMITH"},{"data":"Machine Learning","floor":15,"key":"SMITH"}],"neow_cost":"TEN_PERCENT_HP_LOSS","seed_source_timestamp":33110249867407,"circlet_count":0,"master_deck":["Strike_B","Strike_B","Strike_B","Defend_B","Defend_B","Defend_B","Defend_B","Zap","Dualcast+1","Electrodynamics","Cold Snap","Doom and Gloom","Sweeping Beam","Genetic Algorithm+1","Machine Learning+1","Gash"],"relics":["Cracked Core","Question Card","Centennial Puzzle","Tiny Chest","Bottled Lightning"],"potions_floor_usage":[11,13,16],"damage_taken":[{"damage":1,"enemies":"Cultist","floor":1,"turns":3},{"damage":8,"enemies":"Small Slimes","floor":3,"turns":2},{"damage":0,"enemies":"2 Louse","floor":4,"turns":1},{"damage":1,"enemies":"Red Slaver","floor":5,"turns":3},{"damage":13,"enemies":"3 Sentries","floor":7,"turns":3},{"damage":11,"enemies":"Gremlin Nob","floor":8,"turns":3},{"damage":14,"enemies":"Gremlin Nob","floor":13,"turns":4},{"damage":1,"enemies":"Looter","floor":14,"turns":4},{"damage":26,"enemies":"Slime Boss","floor":16,"turns":3}],"seed_played":"1209603003083416138","potions_obtained":[{"floor":3,"key":"EssenceOfSteel"},{"floor":5,"key":"Poison Potion"},{"floor":8,"key":"Weak Potion"},{"floor":11,"key":"Fruit Juice"},{"floor":11,"key":"Ancient Potion"},{"floor":11,"key":"Dexterity Potion"}],"is_trial":false,"path_per_floor":["M","$","M","M","M","R","E","?","T","?","?","R","E","M","R","B"],"character_chosen":"DEFECT","items_purchased":[],"campfire_rested":0,"item_purchase_floors":[],"current_hp_per_floor":[67,67,59,59,58,58,45,34,34,34,39,39,25,24,24,0],"gold":351,"neow_bonus":"THREE_RARE_CARDS","is_prod":false,"is_daily":false,"chose_seed":false,"campfire_upgraded":3,"win_rate":0,"timestamp":1556815807,"path_taken":["M","$","?","M","M","R","E","?","T","?","?","R","E","?","R","BOSS"],"build_version":"2019-01-23","purchased_purges":1,"victory":false,"max_hp_per_floor":[68,68,68,68,68,68,68,68,68,68,73,73,73,73,73,73],"card_choices":[{"not_picked":["Seek","All For One"],"picked":"Electrodynamics","floor":0},{"not_picked":["Aggregate","Scrape"],"picked":"Cold Snap","floor":1},{"not_picked":["Compile Driver","Aggregate","Force Field"],"picked":"SKIP","floor":3},{"not_picked":["Hologram","Rebound"],"picked":"Doom and Gloom","floor":4},{"not_picked":["Compile Driver","Hologram"],"picked":"Sweeping Beam","floor":5},{"not_picked":["Redo","Stack","Compile Driver"],"picked":"SKIP","floor":7},{"not_picked":["Rebound","Hologram","Beam Cell"],"picked":"Genetic Algorithm","floor":8},{"not_picked":["Consume","Aggregate","Stack"],"picked":"Machine Learning","floor":13},{"not_picked":["Steam","Rebound","Go for the Eyes"],"picked":"Gash","floor":14}],"player_experience":316391,"relics_obtained":[{"floor":7,"key":"Question Card"},{"floor":9,"key":"Tiny Chest"},{"floor":13,"key":"Bottled Lightning"}],"event_choices":[{"damage_healed":0,"gold_gain":0,"player_choice":"Searched \u00273\u0027 times","damage_taken":0,"relics_obtained":["Centennial Puzzle"],"max_hp_gain":0,"max_hp_loss":0,"event_name":"Dead Adventurer","floor":8,"gold_loss":0},{"damage_healed":0,"gold_gain":67,"player_choice":"Gained Gold","damage_taken":0,"max_hp_gain":0,"max_hp_loss":0,"event_name":"Golden Wing","floor":10,"gold_loss":0},{"damage_healed":0,"gold_gain":0,"player_choice":"Got Potions","damage_taken":0,"max_hp_gain":0,"max_hp_loss":0,"event_name":"Lab","floor":11,"gold_loss":0}],"is_beta":false,"boss_relics":[],"items_purged_floors":[2],"is_endless":false,"potions_floor_spawned":[3,5,8],"killed_by":"Slime Boss","ascension_level":1}