{"gold_per_floor":[117,131,146,146,321,346,9,9,64,82,82,111,111,131,131,209,209,227,227,98,111,23,50,68,68],"floor_reached":25,"playtime":1419,"items_purged":["Doubt","Strike_B","Strike_B"],"score":393,"play_id":"e05396e1-501c-4dc4-ad5e-b99f43431db1","local_time":"20190323020244","is_ascension_mode":true,"campfire_choices":[{"data":"Hyperbeam","floor":8,"key":"SMITH"},{"data":"Zap","floor":11,"key":"SMITH"},{"data":"Hologram","floor":13,"key":"SMITH"},{"data":"Capacitor","floor":15,"key":"SMITH"}],"neow_cost":"NONE","seed_source_timestamp":519241538717342,"circlet_count":0,"master_deck":["AscendersBane","Strike_B","Strike_B","Defend_B","Defend_B","Defend_B","Defend_B","Zap+1","Dualcast","Cold Snap","Ball Lightning","Hologram+1","Conserve Battery","BootSequence","Capacitor+1","Hyperbeam+1","Undo","Cold Snap","Creative AI","Chill","Defragment","Glacier","Barrage","Storm"],"relics":["Black Star","Omamori","Matryoshka","Centennial Puzzle","Bronze Scales","Boot","Smiling Mask","Eternal Feather","Toxic Egg 2","Shuriken"],"potions_floor_usage":[16,16,21,23,23,23,23,24],"damage_taken":[{"damage":7,"enemies":"2 Louse","floor":1,"turns":4},{"damage":3,"enemies":"Cultist","floor":2,"turns":4},{"damage":2,"enemies":"Jaw Worm","floor":3,"turns":4},{"damage":20,"enemies":"Gremlin Nob","floor":6,"turns":4},{"damage":0,"enemies":"2 Fungi Beasts","floor":10,"turns":1},{"damage":10,"enemies":"3 Sentries","floor":12,"turns":3},{"damage":4,"enemies":"Exordium Wildlife","floor":14,"turns":3},{"damage":6,"enemies":"Hexaghost","floor":16,"turns":7},{"damage":5,"enemies":"2 Thieves","floor":18,"turns":3},{"damage":2,"enemies":"Chosen","floor":21,"turns":6},{"damage":13,"enemies":"Book of Stabbing","floor":23,"turns":8},{"damage":31,"enemies":"Centurion and Healer","floor":24,"turns":8},{"damage":13,"enemies":"Gremlin Leader","floor":25,"turns":5}],"seed_played":"-5900419711145528673","potions_obtained":[{"floor":3,"key":"SmokeBomb"},{"floor":6,"key":"Explosive Potion"},{"floor":10,"key":"PowerPotion"},{"floor":12,"key":"Ancient Potion"},{"floor":24,"key":"Strength Potion"}],"is_trial":false,"path_per_floor":["M","M","M","?","?","E","$","R","T","M","R","E","R","M","R","B",null,"M","?","$","M","$","E","M","E"],"character_chosen":"DEFECT","items_purchased":["BootSequence","Capacitor","Hyperbeam","Regen Potion","Glacier"],"campfire_rested":0,"item_purchase_floors":[7,7,7,20,22],"current_hp_per_floor":[57,54,52,57,57,37,37,37,37,37,37,27,27,23,23,17,61,56,42,42,55,55,42,11,0],"gold":68,"neow_bonus":"BOSS_RELIC","is_prod":false,"is_daily":false,"chose_seed":false,"campfire_upgraded":4,"win_rate":0,"timestamp":1553320964,"path_taken":["M","M","M","?","?","E","$","R","T","M","R","E","R","M","R","BOSS","M","?","?","M","$","E","M","E"],"build_version":"2019-01-23","purchased_purges":3,"victory":false,"max_hp_per_floor":[71,71,71,76,76,76,76,76,76,76,76,76,76,76,76,76,76,76,76,76,76,76,76,76,76],"card_choices":[{"not_picked":["Conserve Battery","Streamline"],"picked":"Cold Snap","floor":1},{"not_picked":["Steam","Lockon"],"picked":"Ball Lightning","floor":2},{"not_picked":["Skim","Genetic Algorithm"],"picked":"Hologram","floor":3},{"not_picked":["Beam Cell","Steam"],"picked":"Conserve Battery","floor":6},{"not_picked":["Heatsinks","Static Discharge","Chaos"],"picked":"SKIP","floor":10},{"not_picked":["Streamline","Meteor Strike"],"picked":"Undo","floor":12},{"not_picked":["Streamline","Stack"],"picked":"Cold Snap","floor":14},{"not_picked":["Hyperbeam","Meteor Strike"],"picked":"Creative AI","floor":16},{"not_picked":["Storm","Coolheaded"],"picked":"Chill","floor":18},{"not_picked":["Hologram","Chill"],"picked":"Defragment","floor":21},{"not_picked":["Recycle","Storm"],"picked":"Barrage","floor":23},{"not_picked":["Beam Cell","Scrape"],"picked":"Storm","floor":24}],"player_experience":1360683,"relics_obtained":[{"floor":6,"key":"Omamori"},{"floor":6,"key":"Matryoshka"},{"floor":9,"key":"Centennial Puzzle"},{"floor":9,"key":"Bronze Scales"},{"floor":12,"key":"Boot"},{"floor":12,"key":"Smiling Mask"},{"floor":23,"key":"Toxic Egg 2"},{"floor":23,"key":"Shuriken"}],"event_choices":[{"damage_healed":0,"gold_gain":0,"player_choice":"Donut","damage_taken":0,"max_hp_gain":5,"max_hp_loss":0,"event_name":"Big Fish","floor":4,"gold_loss":0},{"damage_healed":0,"gold_gain":175,"player_choice":"AGREE","damage_taken":0,"max_hp_gain":0,"max_hp_loss":0,"event_name":"Liars Game","floor":5,"gold_loss":0,"cards_obtained":["Doubt"]},{"damage_healed":0,"gold_gain":0,"player_choice":"POTION ","damage_taken":14,"max_hp_gain":0,"max_hp_loss":0,"event_name":"Knowing Skull","floor":19,"potions_obtained":["EntropicBrew"],"gold_loss":0,"cards_obtained":[]}],"is_beta":false,"boss_relics":[{"not_picked":["Lizard Tail","Pandora\u0027s Box"],"picked":"Eternal Feather"}],"items_purged_floors":[7,20,22],"is_endless":false,"potions_floor_spawned":[3,6,10,12,24],"killed_by":"Gremlin Leader","ascension_level":14}