{"gold_per_floor":[118,118,268,288,308,308,338,338,338,373,385,397,428,440],"floor_reached":14,"playtime":387,"items_purged":[],"score":196,"play_id":"88a77eca-dba3-4cf0-85df-b7cb281f2f28","local_time":"20190425004236","is_ascension_mode":true,"campfire_choices":[{"data":"Clothesline","floor":6,"key":"SMITH"},{"floor":8,"key":"REST"},{"data":"Hemokinesis","floor":12,"key":"SMITH"}],"neow_cost":"PERCENT_DAMAGE","seed_source_timestamp":197134323176200,"circlet_count":0,"master_deck":["AscendersBane","Strike_R","Strike_R","Strike_R+1","Strike_R","Strike_R","Defend_R","Defend_R","Defend_R","Defend_R","Bash+1","Flame Barrier","Doubt","Clothesline+1","Armaments+1","Hemokinesis+1","Rupture"],"relics":["Burning Blood","Toxic Egg 2","Potion Belt","MawBank"],"potions_floor_usage":[4,7],"damage_taken":[{"damage":11,"enemies":"Jaw Worm","floor":1,"turns":4},{"damage":1,"enemies":"Small Slimes","floor":4,"turns":5},{"damage":4,"enemies":"Cultist","floor":5,"turns":3},{"damage":24,"enemies":"Gremlin Nob","floor":7,"turns":4},{"damage":35,"enemies":"Lagavulin","floor":10,"turns":10},{"damage":2,"enemies":"3 Louse","floor":13,"turns":3},{"damage":21,"enemies":"Large Slime","floor":14,"turns":5}],"seed_played":"6020815398592780817","potions_obtained":[{"floor":1,"key":"Swift Potion"},{"floor":4,"key":"PowerPotion"},{"floor":5,"key":"LiquidBronze"}],"is_trial":false,"path_per_floor":["M","?","?","M","M","R","E","R","T","E","?","R","M","M"],"character_chosen":"IRONCLAD","items_purchased":[],"campfire_rested":1,"item_purchase_floors":[],"current_hp_per_floor":[59,32,32,37,39,39,21,47,47,18,7,7,11,0],"gold":440,"neow_bonus":"TWENTY_PERCENT_HP_BONUS","is_prod":false,"is_daily":false,"chose_seed":false,"campfire_upgraded":2,"win_rate":0,"timestamp":1556167356,"path_taken":["M","?","?","M","M","R","E","R","T","E","?","R","?","M"],"build_version":"2019-01-23","purchased_purges":0,"victory":false,"max_hp_per_floor":[89,89,89,89,89,89,89,89,89,89,89,89,89,89],"card_choices":[{"not_picked":["Bloodletting","Sever Soul"],"picked":"Flame Barrier","floor":1},{"not_picked":["Flame Barrier","Uppercut"],"picked":"Clothesline","floor":4},{"not_picked":["Body Slam","Heavy Blade","Havoc"],"picked":"SKIP","floor":5},{"not_picked":["Searing Blow","True Grit"],"picked":"Armaments","floor":7},{"not_picked":["Iron Wave","Sever Soul"],"picked":"Hemokinesis","floor":10},{"not_picked":["Perfected Strike","Wild Strike"],"picked":"Rupture","floor":13}],"player_experience":1929613,"relics_obtained":[{"floor":7,"key":"Toxic Egg 2"},{"floor":9,"key":"Potion Belt"},{"floor":10,"key":"MawBank"}],"event_choices":[{"damage_healed":0,"gold_gain":0,"player_choice":"Entered Light","damage_taken":27,"max_hp_gain":0,"max_hp_loss":0,"event_name":"Shining Light","floor":2,"gold_loss":0,"cards_upgraded":["Bash","Strike_R"]},{"damage_healed":0,"gold_gain":150,"player_choice":"AGREE","damage_taken":0,"max_hp_gain":0,"max_hp_loss":0,"event_name":"Liars Game","floor":3,"gold_loss":0,"cards_obtained":["Doubt"]},{"damage_healed":0,"gold_gain":0,"player_choice":"Fled","damage_taken":11,"max_hp_gain":0,"max_hp_loss":0,"event_name":"Scrap Ooze","floor":11,"gold_loss":0}],"is_beta":false,"boss_relics":[],"items_purged_floors":[],"is_endless":false,"potions_floor_spawned":[1,4,5],"killed_by":"Large Slime","ascension_level":20}