{"gold_per_floor":[109,109,159,169,169,197,197,16,16,16],"floor_reached":10,"playtime":334,"items_purged":["Pain"],"score":128,"play_id":"e968f156-e2f9-48a1-8d48-b1c13b73e973","local_time":"20190410035400","is_ascension_mode":true,"campfire_choices":[{"floor":7,"key":"REST"}],"neow_cost":"NONE","seed_source_timestamp":26475945926087,"circlet_count":0,"master_deck":["AscendersBane","Strike_B","Strike_B","Strike_B","Strike_B","Defend_B+1","Defend_B+1","Defend_B","Defend_B","Zap+1","Dualcast","Ball Lightning","Cold Snap","Compile Driver","Hologram","Defragment","Stack"],"relics":["Cracked Core","WarpedTongs","War Paint","Matryoshka"],"potions_floor_usage":[],"damage_taken":[{"damage":3,"enemies":"2 Louse","floor":1,"turns":2},{"damage":0,"enemies":"Small Slimes","floor":4,"turns":2},{"damage":44,"enemies":"Lagavulin","floor":6,"turns":7},{"damage":58,"enemies":"Gremlin Nob","floor":10,"turns":4}],"seed_played":"-6591817544676857","potions_obtained":[],"is_trial":false,"path_per_floor":["M","?","?","M","?","E","R","$","T","E"],"character_chosen":"DEFECT","items_purchased":["Defragment","Stack"],"campfire_rested":1,"item_purchase_floors":[8,8],"current_hp_per_floor":[61,61,54,54,54,10,31,31,31,0],"gold":16,"neow_bonus":"THREE_CARDS","is_prod":false,"is_daily":false,"chose_seed":false,"campfire_upgraded":0,"win_rate":0,"timestamp":1554882840,"path_taken":["M","?","?","?","?","E","R","$","T","E"],"build_version":"2019-01-23","purchased_purges":1,"victory":false,"max_hp_per_floor":[71,71,71,71,71,71,71,71,71,71],"card_choices":[{"not_picked":["Undo","Sweeping Beam"],"picked":"Ball Lightning","floor":0},{"not_picked":["Gash","Ball Lightning"],"picked":"Cold Snap","floor":1},{"not_picked":["Stack","Beam Cell"],"picked":"Compile Driver","floor":4},{"not_picked":["Go for the Eyes","Recycle"],"picked":"Hologram","floor":6}],"player_experience":1779470,"relics_obtained":[{"floor":6,"key":"War Paint"},{"floor":9,"key":"Matryoshka"}],"event_choices":[{"damage_healed":0,"gold_gain":0,"player_choice":"Grow","damage_taken":0,"max_hp_gain":0,"max_hp_loss":0,"event_name":"Living Wall","floor":2,"gold_loss":0,"cards_upgraded":["Zap"]},{"damage_healed":0,"gold_gain":50,"player_choice":"Touch","damage_taken":7,"max_hp_gain":0,"max_hp_loss":0,"event_name":"FaceTrader","floor":3,"gold_loss":0},{"damage_healed":0,"gold_gain":0,"player_choice":"Rummage","damage_taken":0,"relics_obtained":["WarpedTongs"],"max_hp_gain":0,"max_hp_loss":0,"event_name":"Accursed Blacksmith","floor":5,"gold_loss":0,"cards_obtained":["Pain"]}],"is_beta":false,"boss_relics":[],"items_purged_floors":[8],"is_endless":false,"potions_floor_spawned":[],"killed_by":"Gremlin Nob","ascension_level":20}