{"gold_per_floor":[117,135,235,235,251,286,286,296,296,311,24,55,72,72,72,169,169,187,197,297,314,327,327,362,362,362,22,22,41,54,68,68,172,172,186,235,2,21,21],"floor_reached":39,"playtime":5249,"items_purged":["Normality"],"score":440,"play_id":"fcb6c6d3-21a5-43d9-8d0a-64465ae9e51d","local_time":"20180707192507","is_ascension_mode":false,"campfire_choices":[{"floor":7,"key":"REST"},{"floor":15,"key":"REST"},{"data":"Barricade","floor":23,"key":"SMITH"},{"floor":28,"key":"REST"},{"floor":32,"key":"REST"}],"neow_cost":"NONE","seed_source_timestamp":63361649819037,"circlet_count":0,"master_deck":["Strike_R","Strike_R","Strike_R","Strike_R","Strike_R","Defend_R","Defend_R+1","Defend_R+1","Defend_R","Bash","Dark Embrace","Blood for Blood","Pommel Strike","Flex","Iron Wave","Perfected Strike","Bludgeon","Dropkick","Jack Of All Trades","Thunderclap","Perfected Strike","Barricade+1","Headbutt","Flex","Power Through+1","Rage+1","Ghostly Armor","Mind Blast","Armaments","Shrug It Off","Body Slam","Infernal Blade","Armaments","Anger","Reaper","Metallicize","Body Slam+1","Panache","Disarm+1"],"relics":["Burning Blood","Dodecahedron","Bag of Marbles","Bottled Lightning","War Paint","Happy Flower","Cursed Key","Dream Catcher","Bottled Tornado","Lantern","Mark of Pain","Ice Cream"],"potions_floor_usage":[6,6,16,18,22,24,30,36,38,38],"damage_taken":[{"damage":1,"enemies":"2 Louse","floor":1,"turns":3},{"damage":12,"enemies":"Cultist","floor":2,"turns":5},{"damage":11,"enemies":"Jaw Worm","floor":5,"turns":2},{"damage":45,"enemies":"Lagavulin","floor":6,"turns":6},{"damage":14,"enemies":"Blue Slaver","floor":8,"turns":3},{"damage":14,"enemies":"Lots of Slimes","floor":10,"turns":5},{"damage":17,"enemies":"3 Sentries","floor":12,"turns":6},{"damage":1,"enemies":"2 Fungi Beasts","floor":13,"turns":3},{"damage":8,"enemies":"Slime Boss","floor":16,"turns":8},{"damage":0,"enemies":"Chosen","floor":18,"turns":1},{"damage":12,"enemies":"Shell Parasite","floor":19,"turns":4},{"damage":22,"enemies":"Snecko","floor":21,"turns":4},{"damage":23,"enemies":"Sentry and Sphere","floor":22,"turns":5},{"damage":19,"enemies":"Slavers","floor":24,"turns":5},{"damage":0,"enemies":"Cultist and Chosen","floor":29,"turns":6},{"damage":37,"enemies":"Snake Plant","floor":30,"turns":4},{"damage":0,"enemies":"3 Cultists","floor":31,"turns":5},{"damage":45,"enemies":"Collector","floor":33,"turns":16},{"damage":53,"enemies":"3 Darklings","floor":35,"turns":7},{"damage":40,"floor":36,"turns":5},{"damage":2,"enemies":"Orb Walker","floor":38,"turns":2},{"damage":25,"enemies":"Maw","floor":39,"turns":2}],"seed_played":"-4416155224302317667","potions_obtained":[{"floor":2,"key":"SteroidPotion"},{"floor":5,"key":"AttackPotion"},{"floor":8,"key":"Dexterity Potion"},{"floor":16,"key":"AttackPotion"},{"floor":21,"key":"Weak Potion"},{"floor":22,"key":"Energy Potion"},{"floor":29,"key":"PowerPotion"},{"floor":33,"key":"SteroidPotion"},{"floor":36,"key":"Weak Potion"}],"is_trial":false,"path_per_floor":["M","M","?","?","M","E","R","M","T","M","$","E","M","?","R","B",null,"M","M","?","M","M","R","E","?","T","$","R","M","M","M","R","B",null,"M","?","$","M"],"character_chosen":"IRONCLAD","items_purchased":["Dropkick","War Paint","Jack Of All Trades","Lantern","Mind Blast","Armaments","Panache","Fire Potion"],"campfire_rested":4,"item_purchase_floors":[11,11,11,27,27,27,37,37],"current_hp_per_floor":[80,74,74,74,69,30,54,46,46,38,38,27,32,32,56,54,80,80,74,74,58,41,41,28,28,28,28,52,58,31,37,61,22,80,50,20,20,24,0],"gold":21,"neow_bonus":"ONE_RANDOM_RARE_CARD","is_prod":false,"is_daily":false,"chose_seed":false,"campfire_upgraded":1,"win_rate":1,"timestamp":1531005907,"path_taken":["M","M","?","?","M","E","R","M","T","?","$","E","M","?","R","BOSS","M","M","?","M","M","R","E","?","T","$","R","M","M","M","R","BOSS","M","?","$","M","?"],"build_version":"2018-06-28","purchased_purges":1,"victory":false,"max_hp_per_floor":[80,80,80,80,80,80,80,80,80,80,80,80,80,80,80,80,80,80,80,80,80,80,80,80,80,80,80,80,80,80,80,80,80,80,80,80,80,80,80],"card_choices":[{"not_picked":["Armaments","Feel No Pain"],"picked":"Blood for Blood","floor":1},{"not_picked":["Headbutt","Heavy Blade"],"picked":"Pommel Strike","floor":2},{"not_picked":["Whirlwind","Armaments"],"picked":"Flex","floor":5},{"not_picked":["Pommel Strike","Uppercut"],"picked":"Iron Wave","floor":6},{"not_picked":["True Grit","Warcry"],"picked":"Perfected Strike","floor":8},{"not_picked":["Twin Strike","Clash"],"picked":"Bludgeon","floor":10},{"not_picked":["Inflame","Cleave"],"picked":"Thunderclap","floor":12},{"not_picked":["Flex","True Grit"],"picked":"Perfected Strike","floor":13},{"not_picked":["Berserk","Limit Break"],"picked":"Barricade","floor":16},{"not_picked":["Heavy Blade","Inflame"],"picked":"Headbutt","floor":18},{"not_picked":["Warcry","Pummel"],"picked":"Flex","floor":19},{"not_picked":["Dropkick","Perfected Strike"],"picked":"Power Through+1","floor":21},{"not_picked":["Combust","Twin Strike+1"],"picked":"Rage+1","floor":22},{"not_picked":["Body Slam+1","Limit Break"],"picked":"Ghostly Armor","floor":24},{"not_picked":["True Grit","Clothesline+1"],"picked":"Shrug It Off","floor":28},{"not_picked":["Burning Pact","Hemokinesis+1"],"picked":"Body Slam","floor":29},{"not_picked":["Perfected Strike+1","True Grit"],"picked":"Infernal Blade","floor":30},{"not_picked":["Hemokinesis","Warcry"],"picked":"Armaments","floor":31},{"not_picked":["Feel No Pain","Bloodletting"],"picked":"Anger","floor":32},{"not_picked":["Limit Break","Double Tap"],"picked":"Reaper","floor":33},{"not_picked":["Whirlwind+1","Power Through"],"picked":"Metallicize","floor":35},{"not_picked":["Metallicize+1","Spot Weakness"],"picked":"Body Slam+1","floor":36},{"not_picked":["True Grit","Hemokinesis"],"picked":"Disarm+1","floor":38}],"player_experience":44946,"relics_obtained":[{"floor":6,"key":"Bag of Marbles"},{"floor":9,"key":"Bottled Lightning"},{"floor":12,"key":"Happy Flower"},{"floor":24,"key":"Dream Catcher"},{"floor":26,"key":"Bottled Tornado"},{"floor":36,"key":"Ice Cream"}],"event_choices":[{"event_name":"Wheel of Change","player_choice":"Gold","floor":3,"damage_taken":0},{"event_name":"Accursed Blacksmith","player_choice":"Rummage","floor":4,"damage_taken":0},{"event_name":"Living Wall","player_choice":"Forget","floor":14,"damage_taken":0},{"event_name":"Golden Shrine","player_choice":"Pray","floor":20,"damage_taken":0},{"event_name":"Ghosts","player_choice":"Ignored","floor":25,"damage_taken":0},{"event_name":"Mysterious Sphere","player_choice":"Fight","floor":36,"damage_taken":0}],"boss_relics":[{"not_picked":["Ectoplasm","Runic Cube"],"picked":"Cursed Key"},{"not_picked":["Runic Pyramid","Philosopher\u0027s Stone"],"picked":"Mark of Pain"}],"items_purged_floors":[27],"is_endless":false,"potions_floor_spawned":[2,5,8,16,21,22,29,33,36],"killed_by":"Maw","ascension_level":0}