{"gold_per_floor":[116,135,135,135,135,168,47,58,107,140,102,102,102,129,129,228,228,246,161,144,144,42,75,75,75,143,143,170,170,41,53,53,53],"floor_reached":33,"playtime":3283,"items_purged":["Strike_G"],"score":287,"play_id":"af31bf0f-091e-4c16-9558-910aee76d546","local_time":"20190508204950","is_ascension_mode":false,"campfire_choices":[{"floor":12,"key":"REST"},{"floor":13,"key":"REST"},{"data":"Neutralize","floor":15,"key":"SMITH"},{"data":"Crippling Poison","floor":25,"key":"SMITH"},{"data":"Flechettes","floor":29,"key":"SMITH"},{"floor":32,"key":"REST"}],"neow_cost":"NONE","seed_source_timestamp":345039235728464,"circlet_count":0,"master_deck":["Defend_G+1","Defend_G","Defend_G+1","Defend_G","Defend_G","Strike_G","Strike_G+1","Strike_G+1","Survivor","Neutralize+1","Outmaneuver+1","Poisoned Stab","Flechettes+1","Quick Slash+1","Footwork","Flying Knee+1","Burst+1","Sucker Punch+1","Crippling Poison+1","Bane+1","Underhanded Strike+1","Prepared","Underhanded Strike+1","Underhanded Strike+1","Riddle With Holes+1"],"relics":["Ring of the Snake","Oddly Smooth Stone","Molten Egg 2","Ancient Tea Set","WingedGreaves","Dream Catcher","HoveringKite","War Paint","Whetstone","Sundial","Bottled Lightning"],"potions_floor_usage":[0,6,6,10,10,33,33,33],"damage_taken":[{"damage":4,"enemies":"Jaw Worm","floor":1,"turns":6},{"damage":0,"enemies":"2 Louse","floor":2,"turns":3},{"damage":27,"enemies":"Gremlin Nob","floor":6,"turns":6},{"damage":6,"enemies":"Small Slimes","floor":8,"turns":2},{"damage":14,"enemies":"3 Sentries","floor":10,"turns":12},{"damage":27,"enemies":"Hexaghost","floor":16,"turns":13},{"damage":11,"enemies":"Shell Parasite","floor":18,"turns":11},{"damage":21,"enemies":"2 Thieves","floor":20,"turns":4},{"damage":26,"enemies":"Slavers","floor":23,"turns":7},{"damage":15,"enemies":"Gremlin Leader","floor":28,"turns":7},{"damage":11,"enemies":"Centurion and Healer","floor":31,"turns":5},{"damage":44,"enemies":"Collector","floor":33,"turns":8}],"seed_played":"-8960832027602980636","potions_obtained":[{"floor":0,"key":"Fruit Juice"},{"floor":0,"key":"Ancient Potion"},{"floor":0,"key":"Weak Potion"},{"floor":1,"key":"Dexterity Potion"},{"floor":10,"key":"SpeedPotion"},{"floor":23,"key":"SpeedPotion"},{"floor":31,"key":"Block Potion"}],"is_trial":false,"path_per_floor":["M","M","?","?","?","E","$","M","T","E","?","R","R","T","R","B",null,"M","?","M","?","$","E","?","R","T","?","E","R","$","M","R","B"],"character_chosen":"THE_SILENT","items_purchased":["GamblersBrew","AttackPotion","Bane+1","Explosive Potion","Underhanded Strike+1"],"campfire_rested":3,"item_purchase_floors":[7,7,22,22,30],"current_hp_per_floor":[71,71,71,56,53,26,26,20,20,6,6,28,50,50,50,23,75,64,64,43,43,43,17,42,42,42,42,27,27,27,16,38,0],"gold":53,"neow_bonus":"THREE_SMALL_POTIONS","is_prod":false,"is_daily":false,"chose_seed":false,"campfire_upgraded":3,"win_rate":0.0,"timestamp":1557366590,"path_taken":["M","M","?","?","?","E","?","?","T","E","?","R","R","?","R","BOSS","M","?","M","?","$","E","?","R","T","?","E","R","?","M","R","BOSS"],"build_version":"2019-01-23","purchased_purges":1,"victory":false,"max_hp_per_floor":[75,75,75,75,75,75,75,75,75,75,75,75,75,75,75,75,75,75,75,75,75,75,75,75,75,75,75,75,75,75,75,75,75],"card_choices":[{"not_picked":["Blade Dance","Tactician"],"picked":"Outmaneuver","floor":1},{"not_picked":["Outmaneuver","Blade Dance"],"picked":"Poisoned Stab","floor":2},{"not_picked":["Dagger Throw","Escape Plan"],"picked":"Quick Slash","floor":6},{"not_picked":["Backstab+1","Dagger Throw+1"],"picked":"Footwork","floor":8},{"not_picked":["Blur","Underhanded Strike+1"],"picked":"Flying Knee+1","floor":10},{"not_picked":["Phantasmal Killer","A Thousand Cuts"],"picked":"Burst","floor":16},{"not_picked":["Infinite Blades","Poisoned Stab+1"],"picked":"Sucker Punch+1","floor":18},{"not_picked":["Dagger Spray+1","Slice+1"],"picked":"Crippling Poison","floor":20},{"not_picked":["Dodge and Roll","Heel Hook+1"],"picked":"Underhanded Strike+1","floor":23},{"not_picked":["Noxious Fumes+1","Escape Plan"],"picked":"Prepared","floor":28},{"not_picked":["Deadly Poison","Infinite Blades"],"picked":"Underhanded Strike+1","floor":31},{"not_picked":["Leg Sweep+1","Distraction"],"picked":"Riddle With Holes+1","floor":32}],"player_experience":20605,"relics_obtained":[{"floor":6,"key":"Molten Egg 2"},{"floor":9,"key":"Ancient Tea Set"},{"floor":10,"key":"WingedGreaves"},{"floor":14,"key":"Dream Catcher"},{"floor":23,"key":"Whetstone"},{"floor":26,"key":"Sundial"},{"floor":28,"key":"Bottled Lightning"}],"event_choices":[{"damage_healed":0,"gold_gain":0,"cards_transformed":["Strike_G"],"player_choice":"Change","damage_taken":0,"max_hp_gain":0,"max_hp_loss":0,"event_name":"Living Wall","floor":3,"gold_loss":0,"cards_obtained":["Flechettes"]},{"damage_healed":0,"gold_gain":0,"player_choice":"Entered Light","damage_taken":15,"max_hp_gain":0,"max_hp_loss":0,"event_name":"Shining Light","floor":4,"gold_loss":0,"cards_upgraded":["Outmaneuver","Defend_G"]},{"damage_healed":0,"gold_gain":0,"player_choice":"Success","damage_taken":3,"relics_obtained":["Oddly Smooth Stone"],"max_hp_gain":0,"max_hp_loss":0,"event_name":"Scrap Ooze","floor":5,"gold_loss":0},{"damage_healed":0,"gold_gain":0,"player_choice":"Left Gold","damage_taken":0,"max_hp_gain":0,"max_hp_loss":0,"event_name":"World of Goop","floor":11,"gold_loss":38},{"damage_healed":0,"gold_gain":0,"player_choice":"Obtained Relic","damage_taken":0,"relics_obtained":["War Paint"],"max_hp_gain":0,"max_hp_loss":0,"event_name":"Addict","floor":19,"gold_loss":85},{"damage_healed":0,"gold_gain":0,"player_choice":"Ignored","damage_taken":0,"max_hp_gain":0,"max_hp_loss":0,"event_name":"Ghosts","floor":21,"gold_loss":0},{"damage_healed":25,"gold_gain":0,"player_choice":"Heal","damage_taken":0,"max_hp_gain":0,"max_hp_loss":0,"event_name":"The Library","floor":24,"gold_loss":0},{"damage_healed":0,"gold_gain":0,"player_choice":"Ignored","damage_taken":0,"max_hp_gain":0,"max_hp_loss":0,"event_name":"The Mausoleum","floor":27,"gold_loss":0}],"is_beta":false,"boss_relics":[{"not_picked":["Orrery","Lizard Tail"],"picked":"HoveringKite"}],"items_purged_floors":[30],"is_endless":false,"potions_floor_spawned":[1,10,23,31],"killed_by":"Collector","ascension_level":0}