{"gold_per_floor":[114,189,200,200,217,217,217,243,243,254,254,48,62,88,88,165,165,177,177,102,62,62,62,91,103,103,103,114,114,130,143,143,219,219,239,26,37,37,50,78,58,58,85,99,111,127,153,153,153,153,153],"floor_reached":51,"playtime":3430,"items_purged":[],"score":1574,"play_id":"122a80de-655a-4e8a-9a97-4b77954cffd3","local_time":"20190504184508","is_ascension_mode":true,"campfire_choices":[{"data":"Zap","floor":6,"key":"SMITH"},{"data":"Ball Lightning","floor":11,"key":"SMITH"},{"data":"Undo","floor":15,"key":"SMITH"},{"data":"Ghostly","floor":23,"key":"SMITH"},{"data":"Ghostly","floor":29,"key":"SMITH"},{"data":"Ghostly","floor":32,"key":"SMITH"},{"data":"Biased Cognition","floor":42,"key":"SMITH"},{"floor":49,"key":"RECALL"}],"neow_cost":"NONE","seed_source_timestamp":376162915209319,"circlet_count":0,"master_deck":["AscendersBane","Strike_B+1","Strike_B+1","Strike_B+1","Defend_B+1","Defend_B+1","Defend_B+1","Defend_B+1","Zap+1","Dualcast","Cold Snap","Undo+1","Rebound","Rainbow","Ball Lightning+1","FTL","Barrage","Echo Form","Biased Cognition+1","Static Discharge","Ghostly+1","Ghostly+1","Ghostly+1","FTL","Double Energy","Capacitor+1","Go for the Eyes","Clumsy","Cold Snap","Hologram","Loop+1"],"relics":["Cracked Core","Boot","GremlinMask","Kunai","Shuriken","PreservedInsect","Ginger","Runic Pyramid","Strawberry","Frozen Egg 2","Cursed Key","Lee\u0027s Waffle","Smiling Mask","Juzu Bracelet"],"potions_floor_usage":[8,24,24,39,44,46],"damage_taken":[{"damage":3,"enemies":"2 Louse","floor":1,"turns":3},{"damage":6,"enemies":"Small Slimes","floor":3,"turns":4},{"damage":0,"enemies":"Cultist","floor":5,"turns":3},{"damage":4,"enemies":"3 Sentries","floor":8,"turns":11},{"damage":4,"enemies":"Looter","floor":10,"turns":2},{"damage":5,"enemies":"2 Fungi Beasts","floor":13,"turns":4},{"damage":7,"enemies":"Lagavulin","floor":14,"turns":4},{"damage":0,"enemies":"Slime Boss","floor":16,"turns":7},{"damage":5,"enemies":"3 Byrds","floor":18,"turns":4},{"damage":15,"enemies":"Slavers","floor":24,"turns":4},{"damage":0,"enemies":"Chosen","floor":25,"turns":5},{"damage":1,"enemies":"Snake Plant","floor":28,"turns":6},{"damage":0,"enemies":"Snecko","floor":30,"turns":5},{"damage":0,"enemies":"Cultist and Chosen","floor":31,"turns":5},{"damage":12,"enemies":"Champ","floor":33,"turns":10},{"damage":1,"enemies":"Orb Walker","floor":35,"turns":3},{"damage":2,"enemies":"3 Shapes","floor":37,"turns":6},{"damage":0,"enemies":"Spire Growth","floor":39,"turns":6},{"damage":0,"enemies":"Nemesis","floor":40,"turns":9},{"damage":3,"enemies":"Jaw Worm Horde","floor":44,"turns":6},{"damage":12,"enemies":"Maw","floor":45,"turns":8},{"damage":6,"enemies":"Transient","floor":46,"turns":6},{"damage":5,"enemies":"Giant Head","floor":47,"turns":8},{"damage":3,"enemies":"Time Eater","floor":50,"turns":12},{"damage":16,"enemies":"Donu and Deca","floor":51,"turns":1}],"seed_played":"3311749462572614083","potions_obtained":[{"floor":5,"key":"EssenceOfSteel"},{"floor":8,"key":"Energy Potion"},{"floor":10,"key":"SkillPotion"},{"floor":14,"key":"Fire Potion"},{"floor":28,"key":"EssenceOfSteel"},{"floor":30,"key":"SteroidPotion"},{"floor":39,"key":"LiquidBronze"},{"floor":41,"key":"Fruit Juice"},{"floor":44,"key":"Weak Potion"}],"is_trial":false,"path_per_floor":["M","?","M","?","M","R","?","E","T","M","R","$","M","E","R","B",null,"M","?","?","$","?","R","E","M","T","?","M","R","M","M","R","B",null,"M","$","M","?","M","E","?","R","T","M","M","M","E","?","R","B","B"],"character_chosen":"DEFECT","items_purchased":["FTL","PreservedInsect","FTL","Lee\u0027s Waffle"],"campfire_rested":0,"item_purchase_floors":[12,12,21,36],"current_hp_per_floor":[61,50,44,67,67,67,67,63,63,59,59,59,54,47,47,47,65,60,35,35,35,35,35,27,27,27,27,26,26,26,26,26,14,35,34,49,47,47,47,47,47,47,47,49,37,31,26,18,18,15,0],"gold":153,"neow_bonus":"RANDOM_COMMON_RELIC","is_prod":false,"is_daily":false,"chose_seed":false,"campfire_upgraded":7,"win_rate":0,"timestamp":1557020708,"path_taken":["M","?","M","?","M","R","?","E","T","M","R","$","?","E","R","BOSS","M","?","?","$","?","R","E","M","T","?","?","R","M","M","R","BOSS","M","$","M","?","M","E","?","R","T","M","M","?","E","?","R","BOSS","BOSS"],"build_version":"2019-04-23","purchased_purges":0,"victory":false,"max_hp_per_floor":[71,71,71,71,71,71,71,71,71,71,71,71,71,71,71,71,71,71,35,35,35,35,35,42,42,42,42,42,42,42,42,42,42,42,42,49,49,49,49,49,49,49,49,54,54,54,54,54,54,54,54],"card_choices":[{"not_picked":["Force Field","Stack"],"picked":"Cold Snap","floor":1},{"not_picked":["Scrape","Hologram"],"picked":"Undo","floor":3},{"not_picked":["Scrape","Stack"],"picked":"Rebound","floor":5},{"not_picked":["Coolheaded","Barrage"],"picked":"Rainbow","floor":8},{"not_picked":["Rebound","Conserve Battery"],"picked":"Ball Lightning","floor":10},{"not_picked":["Lockon","Cold Snap"],"picked":"Barrage","floor":13},{"not_picked":["White Noise","Redo"],"picked":"Echo Form","floor":14},{"not_picked":["Core Surge","Hyperbeam"],"picked":"Biased Cognition","floor":16},{"not_picked":["Defragment","Undo"],"picked":"Static Discharge","floor":18},{"not_picked":["Fusion","Darkness+1"],"picked":"Double Energy","floor":24},{"not_picked":["Coolheaded","Barrage"],"picked":"Capacitor+1","floor":25},{"not_picked":["Beam Cell","Stack","Darkness"],"picked":"SKIP","floor":28},{"not_picked":["Barrage","Streamline"],"picked":"Cold Snap","floor":30},{"not_picked":["Melter","Steam"],"picked":"Go for the Eyes","floor":31},{"not_picked":["Leap","Redo","Rebound"],"picked":"SKIP","floor":35},{"not_picked":["Streamline","Beam Cell","Rebound"],"picked":"SKIP","floor":37},{"not_picked":["Chaos+1","Sweeping Beam+1","Blizzard"],"picked":"SKIP","floor":39},{"not_picked":["Auto Shields","Ball Lightning+1","Sunder"],"picked":"SKIP","floor":40},{"not_picked":["Fusion","Streamline+1"],"picked":"Cold Snap","floor":44},{"not_picked":["Ball Lightning+1","Auto Shields"],"picked":"Hologram","floor":45},{"not_picked":["Hello World+1","Scrape","Sweeping Beam"],"picked":"SKIP","floor":46},{"not_picked":["Hologram","Amplify"],"picked":"Loop+1","floor":47}],"player_experience":6141659,"relics_obtained":[{"floor":8,"key":"Kunai"},{"floor":9,"key":"Shuriken"},{"floor":14,"key":"Ginger"},{"floor":24,"key":"Strawberry"},{"floor":26,"key":"Frozen Egg 2"},{"floor":40,"key":"Smiling Mask"},{"floor":47,"key":"Juzu Bracelet"}],"event_choices":[{"damage_healed":0,"gold_gain":75,"player_choice":"Gather Gold","damage_taken":11,"max_hp_gain":0,"max_hp_loss":0,"event_name":"World of Goop","floor":2,"gold_loss":0},{"damage_healed":23,"gold_gain":0,"player_choice":"Banana","damage_taken":0,"max_hp_gain":0,"max_hp_loss":0,"event_name":"Big Fish","floor":4,"gold_loss":0},{"damage_healed":0,"gold_gain":0,"player_choice":"Trade","damage_taken":0,"relics_obtained":["GremlinMask"],"max_hp_gain":0,"max_hp_loss":0,"event_name":"FaceTrader","floor":7,"gold_loss":0},{"damage_healed":0,"gold_gain":0,"player_choice":"Became a Ghost","damage_taken":0,"max_hp_gain":0,"max_hp_loss":36,"event_name":"Ghosts","floor":19,"gold_loss":0,"cards_obtained":["Ghostly","Ghostly","Ghostly"]},{"cards_removed":["Strike_B"],"damage_healed":0,"gold_gain":0,"player_choice":"Gave Gold","damage_taken":0,"max_hp_gain":0,"max_hp_loss":0,"event_name":"Beggar","floor":20,"gold_loss":75},{"damage_healed":0,"gold_gain":0,"player_choice":"Simplicity","damage_taken":0,"max_hp_gain":0,"max_hp_loss":0,"event_name":"Back to Basics","floor":22,"gold_loss":0,"cards_upgraded":["Strike_B","Strike_B","Strike_B","Defend_B","Defend_B","Defend_B","Defend_B"]},{"damage_healed":0,"gold_gain":0,"player_choice":"Ignored","damage_taken":0,"max_hp_gain":0,"max_hp_loss":0,"event_name":"The Mausoleum","floor":27,"gold_loss":0},{"cards_removed":["Cold Snap"],"damage_healed":0,"gold_gain":0,"player_choice":"Removed Attack","damage_taken":0,"max_hp_gain":0,"max_hp_loss":0,"event_name":"Falling","floor":38,"gold_loss":0},{"damage_healed":0,"gold_gain":0,"player_choice":"Bought 1 Potion","damage_taken":0,"max_hp_gain":0,"max_hp_loss":0,"event_name":"The Woman in Blue","floor":41,"gold_loss":0},{"damage_healed":0,"gold_gain":0,"player_choice":"Damaged","damage_taken":8,"max_hp_gain":0,"max_hp_loss":0,"event_name":"Wheel of Change","floor":48,"gold_loss":0}],"is_beta":true,"boss_relics":[{"not_picked":["Nuclear Battery","Fusion Hammer"],"picked":"Runic Pyramid"},{"not_picked":["Snecko Eye","Velvet Choker"],"picked":"Cursed Key"}],"items_purged_floors":[],"is_endless":false,"potions_floor_spawned":[5,8,10,14,28,30,33,39,44],"killed_by":"Donu and Deca","ascension_level":20}