{"path_per_floor":["M","?","?","M","?","E","R","E","T","R","M","$","R","M","R"],"character_chosen":"IRONCLAD","items_purchased":["Armaments","Mango","Blood Vial"],"gold_per_floor":[363,438,363,376,376,406,406,440,465,465,480,17,17,31,31,31],"floor_reached":16,"campfire_rested":1,"playtime":571,"current_hp_per_floor":[55,44,44,35,35,17,39,31,31,31,22,36,36,36,36,0],"items_purged":[],"gold":31,"score":189,"play_id":"b37e8cd5-9b11-4521-a8f6-3a2d10a5bd2c","local_time":"20180414161713","is_prod":false,"is_daily":false,"chose_seed":false,"is_ascension_mode":true,"campfire_upgraded":3,"timestamp":1523737033,"path_taken":["M","?","?","?","?","E","R","E","T","R","M","?","R","M","R","BOSS"],"build_version":"2018-04-12","seed_source_timestamp":153637225467551,"purchased_purges":1,"victory":false,"master_deck":["Strike_R","Strike_R","Strike_R","Strike_R","Strike_R","Defend_R","Defend_R+1","Defend_R","Defend_R+1","Bash+1","AscendersBane","Sword Boomerang","Pommel Strike+1","Clothesline","Hemokinesis","Clothesline","Armaments+1","Reckless Charge"],"max_hp_per_floor":[75,75,75,75,75,75,75,75,75,75,75,89,89,89,89,89],"relics":["Burning Blood","Omamori","Darkstone Periapt","War Paint","Mango","Blood Vial"],"card_choices":[{"not_picked":["Flex","Entrench"],"picked":"Sword Boomerang","floor":1},{"not_picked":["Sword Boomerang","Burning Pact"],"picked":"Pommel Strike","floor":4},{"not_picked":["Rage","Second Wind"],"picked":"Clothesline","floor":6},{"not_picked":["Sword Boomerang","Flex"],"picked":"Hemokinesis","floor":8},{"not_picked":["Burning Pact","Flex"],"picked":"Clothesline","floor":11},{"not_picked":["Iron Wave","Sword Boomerang"],"picked":"Reckless Charge","floor":14}],"player_experience":868710,"potions_floor_usage":[6,6,8,8,14,16],"damage_taken":[{"damage":19,"enemies":"Jaw Worm","floor":1,"turns":5},{"damage":15,"enemies":"Small Slimes","floor":4,"turns":4},{"damage":24,"enemies":"Gremlin Nob","floor":6,"turns":4},{"damage":26,"enemies":"3 Sentries","floor":8,"turns":7},{"damage":15,"enemies":"2 Louse","floor":11,"turns":3},{"damage":8,"enemies":"Lots of Slimes","floor":14,"turns":6},{"damage":42,"enemies":"Hexaghost","floor":16,"turns":9}],"event_choices":[{"event_name":"World of Goop","player_choice":"Gather Gold","floor":2,"damage_taken":0},{"event_name":"The Cleric","player_choice":"Card Removal","floor":3,"damage_taken":0},{"event_name":"The Lab","player_choice":"Got Potions","floor":5,"damage_taken":0}],"boss_relics":[],"potions_floor_spawned":[4,6,11,14],"seed_played":"-6176326913276876355","killed_by":"Hexaghost","ascension_level":15,"is_trial":false}