{"gold_per_floor":[359,359,51,64,78,104,16,43,43,43,193,193,193,40,40,134,134,148,35,35,35,50,50,50],"floor_reached":24,"playtime":1241,"items_purged":["Doubt"],"score":400,"play_id":"3a624eed-0179-46a1-b82d-baa9adcdb40c","local_time":"20190430234334","is_ascension_mode":true,"campfire_choices":[{"data":"Barrage","floor":10,"key":"SMITH"},{"data":"Zap","floor":12,"key":"SMITH"},{"data":"FTL","floor":15,"key":"SMITH"},{"floor":23,"key":"RECALL"}],"neow_cost":"PERCENT_DAMAGE","seed_source_timestamp":711132004659647,"circlet_count":0,"master_deck":["AscendersBane","Strike_B","Strike_B","Strike_B","Strike_B","Defend_B","Defend_B","Defend_B+1","Defend_B","Zap+1","Dualcast+1","Rebound","Self Repair","Cold Snap","Coolheaded","FTL+1","Rainbow","Glacier","Barrage+1","All For One","Rainbow","Steam","Shame","Go for the Eyes"],"special_seed":0,"relics":["Cracked Core","War Paint","Toy Ornithopter","Darkstone Periapt","Meat on the Bone","Mummified Hand","Golden Idol","Fusion Hammer","Art of War","Dodecahedron"],"potions_floor_usage":[6,8,8],"damage_taken":[{"damage":2.0,"enemies":"Jaw Worm","floor":1.0,"turns":4.0},{"damage":9,"enemies":"Small Slimes","floor":4,"turns":4},{"damage":0,"enemies":"Cultist","floor":5,"turns":3},{"damage":9,"enemies":"Lagavulin","floor":6,"turns":8},{"damage":1,"enemies":"Gremlin Nob","floor":8,"turns":3},{"damage":21,"enemies":"The Guardian","floor":16,"turns":15},{"damage":16,"enemies":"3 Byrds","floor":18,"turns":4},{"damage":0,"enemies":"Spheric Guardian","floor":22,"turns":3},{"damage":70,"enemies":"Gremlin Leader","floor":24,"turns":7}],"seed_played":"-4701897967225913404","potions_obtained":[{"floor":4,"key":"AttackPotion"},{"floor":5,"key":"Dexterity Potion"},{"floor":6,"key":"Poison Potion"}],"is_trial":false,"path_per_floor":["M","?","$","M","M","E","$","E","T","R","?","R","?","$","R","B",null,"M","$","?","?","M","R","E"],"character_chosen":"DEFECT","items_purchased":["Toy Ornithopter","Self Repair","Cold Snap","Glacier","All For One","Steam","Strength Potion"],"campfire_rested":0,"item_purchase_floors":[3,3,3,7,14,19,19],"current_hp_per_floor":[44,39,39,37,37,40,40,56,56,56,62,62,36,36,36,34,66,57,57,63,63,70,70,0],"gold":50,"neow_bonus":"TWO_FIFTY_GOLD","is_prod":false,"is_daily":false,"chose_seed":false,"campfire_upgraded":3,"win_rate":0,"timestamp":1556682214,"path_taken":["M","?","$","M","M","E","$","E","T","R","?","R","?","?","R","BOSS","M","$","?","?","?","R","E"],"build_version":"2019-01-23","purchased_purges":1,"victory":false,"max_hp_per_floor":[71,71,71,71,71,71,71,71,71,71,77,77,77,77,77,77,77,77,77,83,83,83,83,83],"card_choices":[{"not_picked":["Turbo","Gash"],"picked":"Rebound","floor":1.0},{"not_picked":["Stack","Steam"],"picked":"Coolheaded","floor":4},{"not_picked":["Redo","Steam"],"picked":"FTL","floor":5},{"not_picked":["Redo","Stack"],"picked":"Rainbow","floor":6},{"not_picked":["Recycle","Aggregate"],"picked":"Barrage","floor":8},{"not_picked":["Buffer","Meteor Strike"],"picked":"Rainbow","floor":16},{"not_picked":["Leap","Redo","Barrage"],"picked":"SKIP","floor":18},{"not_picked":["Stack","Turbo"],"picked":"Go for the Eyes","floor":22}],"player_experience":2174159,"relics_obtained":[{"floor":6,"key":"Darkstone Periapt"},{"floor":8,"key":"Meat on the Bone"},{"floor":9,"key":"Mummified Hand"}],"event_choices":[{"damage_healed":0.0,"max_hp_gain":0.0,"max_hp_loss":0.0,"gold_gain":0.0,"event_name":"Scrap Ooze","player_choice":"Success","floor":2.0,"gold_loss":0.0,"damage_taken":5.0,"relics_obtained":["War Paint"]},{"damage_healed":0,"gold_gain":150,"player_choice":"AGREE","damage_taken":0,"max_hp_gain":0,"max_hp_loss":0,"event_name":"Liars Game","floor":11,"gold_loss":0,"cards_obtained":["Doubt"]},{"damage_healed":0,"gold_gain":0,"player_choice":"Take Damage","damage_taken":26,"relics_obtained":["Golden Idol"],"max_hp_gain":0,"max_hp_loss":0,"event_name":"Golden Idol","floor":13,"gold_loss":0},{"damage_healed":0,"gold_gain":0,"player_choice":"Stole Relic","damage_taken":0,"relics_obtained":["Art of War"],"max_hp_gain":0,"max_hp_loss":0,"event_name":"Addict","floor":20,"gold_loss":0,"cards_obtained":["Shame"]},{"damage_healed":0,"gold_gain":0,"player_choice":"Gave Potion","damage_taken":0,"relics_obtained":["Dodecahedron"],"max_hp_gain":0,"max_hp_loss":0,"event_name":"WeMeetAgain","floor":21,"gold_loss":0}],"is_beta":false,"boss_relics":[{"not_picked":["White Beast Statue","Ectoplasm"],"picked":"Fusion Hammer"}],"items_purged_floors":[14],"is_endless":false,"potions_floor_spawned":[4,5,6],"killed_by":"Gremlin Leader","ascension_level":20}