{"gold_per_floor":[110,18,18,18,18,35,35,363,413,448,50,60,70,87,87,158,158,177,202,252,167,221,255,267,330,356,356,385,385,397,16,16,90,90,101,117,132,150,160,187,202,202,202,202,29,29,79,90,90,90,90],"floor_reached":51,"playtime":3201,"items_purged":[],"score":1515,"play_id":"6bbc7e36-331a-49d8-aa1d-e7224eaf7be5","local_time":"20190511075245","is_ascension_mode":true,"campfire_choices":[{"data":"Clothesline","floor":7.0,"key":"SMITH"},{"data":"Limit Break","floor":15.0,"key":"SMITH"},{"data":"Dark Embrace","floor":27.0,"key":"SMITH"},{"data":"Feel No Pain","floor":29.0,"key":"SMITH"},{"data":"True Grit","floor":32.0,"key":"SMITH"},{"floor":44.0,"key":"RECALL"},{"floor":46.0,"key":"REST"},{"floor":49.0,"key":"REST"}],"neow_cost":"NONE","seed_source_timestamp":1602400103040837,"circlet_count":0,"master_deck":["AscendersBane","Strike_R","Strike_R","Strike_R","Strike_R","Strike_R","Defend_R","Defend_R","Defend_R","Defend_R","Bash+1","Reckless Charge","Clothesline+1","Seeing Red","Spot Weakness","Armaments","Limit Break+1","Battle Trance","Dark Embrace+1","Inflame","Headbutt","Twin Strike+1","Feel No Pain+1","Shrug It Off","True Grit+1","Reaper","Corruption","Body Slam+1","Metallicize","Exhume","Sentinel"],"special_seed":0,"relics":["Burning Blood","NeowsBlessing","Self Forming Clay","Old Coin","Red Skull","Happy Flower","Incense Burner","Black Star","Red Mask","Meat on the Bone","Smiling Mask","Mummified Hand","Turnip","Singing Bowl","Tiny Chest","Centennial Puzzle","Gremlin Horn","Bronze Scales","ClockworkSouvenir","Oddly Smooth Stone","Fusion Hammer","Pen Nib","Ornamental Fan"],"potions_floor_usage":[51],"damage_taken":[{"damage":0.0,"enemies":"Cultist","floor":1.0,"turns":1.0},{"damage":0.0,"enemies":"2 Louse","floor":6.0,"turns":1.0},{"damage":0.0,"enemies":"3 Sentries","floor":8.0,"turns":2.0},{"damage":37.0,"enemies":"Lagavulin","floor":10.0,"turns":8.0},{"damage":8.0,"enemies":"Small Slimes","floor":12.0,"turns":3.0},{"damage":3.0,"enemies":"Exordium Wildlife","floor":13.0,"turns":4.0},{"damage":14.0,"enemies":"Exordium Thugs","floor":14.0,"turns":5.0},{"damage":23.0,"enemies":"Slime Boss","floor":16.0,"turns":7.0},{"damage":17.0,"enemies":"Spheric Guardian","floor":18.0,"turns":4.0},{"damage":8.0,"enemies":"Masked Bandits","floor":19.0,"turns":5.0},{"damage":28.0,"enemies":"Gremlin Leader","floor":23.0,"turns":6.0},{"damage":21.0,"enemies":"Chosen","floor":24.0,"turns":4.0},{"damage":17.0,"enemies":"Book of Stabbing","floor":25.0,"turns":4.0},{"damage":18.0,"enemies":"Slavers","floor":28.0,"turns":5.0},{"damage":18.0,"enemies":"Shelled Parasite and Fungi","floor":30.0,"turns":4.0},{"damage":11.0,"enemies":"Collector","floor":33.0,"turns":6.0},{"damage":8.0,"enemies":"3 Shapes","floor":35.0,"turns":9.0},{"damage":41.0,"enemies":"3 Darklings","floor":36.0,"turns":5.0},{"damage":12.0,"enemies":"Jaw Worm Horde","floor":37.0,"turns":3.0},{"damage":17.0,"enemies":"Transient","floor":38.0,"turns":6.0},{"damage":15.0,"enemies":"Writhing Mass","floor":39.0,"turns":5.0},{"damage":5.0,"enemies":"Giant Head","floor":40.0,"turns":5.0},{"damage":0.0,"enemies":"Maw","floor":41.0,"turns":7.0},{"damage":7.0,"enemies":"Sphere and 2 Shapes","floor":48.0,"turns":8.0},{"damage":95.0,"enemies":"Awakened One","floor":50.0,"turns":11.0},{"damage":52,"enemies":"Time Eater","floor":51,"turns":3}],"seed_played":"-2398163722730815457","potions_obtained":[{"floor":1.0,"key":"GamblersBrew"},{"floor":8.0,"key":"Dexterity Potion"},{"floor":10.0,"key":"AttackPotion"},{"floor":16.0,"key":"Strength Potion"},{"floor":18.0,"key":"Block Potion"},{"floor":23.0,"key":"Poison Potion"},{"floor":24.0,"key":"Energy Potion"},{"floor":36.0,"key":"Explosive Potion"},{"floor":39.0,"key":"SteroidPotion"},{"floor":41.0,"key":"Energy Potion"}],"is_trial":false,"path_per_floor":["M","$","?","?","?","M","R","E","T","E","$","M","M","M","R","B",null,"M","?","?","?","T","E","M","E","T","R","E","R","M","$","R","B",null,"M","M","M","M","M","E","M","?","T","R","$","R","?","M","R","B","B"],"character_chosen":"IRONCLAD","items_purchased":["Clothesline","Seeing Red","Limit Break","Incense Burner","ClockworkSouvenir","Oddly Smooth Stone","Exhume","Sentinel"],"campfire_rested":2,"item_purchase_floors":[2,2,11,11,31,31,45,45],"current_hp_per_floor":[74,74,74,63,63,69,69,75,75,44,44,42,45,37,37,20,61,50,48,48,48,48,38,35,36,36,36,36,36,36,36,36,43,67,75,56,57,58,69,76,81,81,81,81,81,81,73,82,83,30,0],"gold":90,"neow_bonus":"THREE_ENEMY_KILL","is_prod":false,"is_daily":false,"chose_seed":false,"campfire_upgraded":5,"win_rate":0,"timestamp":1557575565,"path_taken":["M","$","?","?","?","?","R","E","T","E","$","M","M","M","R","BOSS","M","?","?","?","?","E","?","E","T","R","E","R","M","$","R","BOSS","M","M","?","M","M","E","M","?","T","R","$","R","?","M","R","BOSS","BOSS"],"build_version":"2019-01-23","purchased_purges":0,"victory":false,"max_hp_per_floor":[75,75,75,75,75,75,75,75,75,75,75,75,75,75,75,75,75,75,75,75,75,75,75,75,75,75,75,75,75,75,75,75,75,75,75,75,75,77,79,79,81,81,81,81,81,81,81,83,83,83,83],"card_choices":[{"not_picked":["Havoc","Sentinel"],"picked":"Reckless Charge","floor":1.0},{"not_picked":["Fire Breathing","Pommel Strike"],"picked":"Spot Weakness","floor":6.0},{"not_picked":["Twin Strike","Flex"],"picked":"Armaments","floor":8.0},{"not_picked":["Entrench","Searing Blow","Dual Wield"],"picked":"SKIP","floor":10.0},{"not_picked":["Thunderclap","Metallicize"],"picked":"Battle Trance","floor":12.0},{"not_picked":["Body Slam","Warcry","Perfected Strike"],"picked":"SKIP","floor":13.0},{"not_picked":["Wild Strike","Bludgeon","Bloodletting"],"picked":"SKIP","floor":14.0},{"not_picked":["Exhume","Juggernaut"],"picked":"Dark Embrace","floor":16.0},{"not_picked":["Perfected Strike","Rupture"],"picked":"Inflame","floor":18.0},{"not_picked":["Whirlwind","Limit Break"],"picked":"Headbutt","floor":23.0},{"not_picked":["Ghostly Armor","Infernal Blade"],"picked":"Twin Strike+1","floor":24.0},{"not_picked":["Sword Boomerang","Searing Blow+1"],"picked":"Feel No Pain","floor":25.0},{"not_picked":["Dual Wield+1","Headbutt+1"],"picked":"Shrug It Off","floor":28.0},{"not_picked":["Perfected Strike","Wild Strike"],"picked":"True Grit","floor":30.0},{"not_picked":["Double Tap","Limit Break"],"picked":"Reaper","floor":33.0},{"not_picked":["Ghostly Armor","Flex"],"picked":"Shrug It Off","floor":35.0},{"not_picked":["Flex","Evolve"],"picked":"Corruption","floor":36.0},{"not_picked":["Perfected Strike+1","Clash+1"],"picked":"Body Slam+1","floor":37.0},{"not_picked":["Reckless Charge","Carnage","Blood for Blood"],"picked":"Singing Bowl","floor":38.0},{"not_picked":["Blood for Blood","Infernal Blade+1","Wild Strike"],"picked":"Singing Bowl","floor":39.0},{"not_picked":["Rupture","Battle Trance"],"picked":"Metallicize","floor":40.0},{"not_picked":["Flex","Iron Wave","Armaments"],"picked":"Singing Bowl","floor":41.0},{"not_picked":["Thunderclap","Rupture","Headbutt"],"picked":"Singing Bowl","floor":48.0}],"player_experience":2556296,"relics_obtained":[{"floor":8.0,"key":"Old Coin"},{"floor":9.0,"key":"Red Skull"},{"floor":10.0,"key":"Happy Flower"},{"floor":19.0,"key":"Red Mask"},{"floor":22.0,"key":"Smiling Mask"},{"floor":23.0,"key":"Mummified Hand"},{"floor":23.0,"key":"Turnip"},{"floor":25.0,"key":"Singing Bowl"},{"floor":25.0,"key":"Tiny Chest"},{"floor":26.0,"key":"Centennial Puzzle"},{"floor":28.0,"key":"Gremlin Horn"},{"floor":28.0,"key":"Bronze Scales"},{"floor":40.0,"key":"Pen Nib"},{"floor":40.0,"key":"Ornamental Fan"}],"event_choices":[{"damage_healed":0.0,"max_hp_gain":0.0,"max_hp_loss":0.0,"gold_gain":0.0,"event_name":"The Cleric","player_choice":"Leave","floor":3.0,"gold_loss":0.0,"damage_taken":0.0},{"damage_healed":0.0,"max_hp_gain":0.0,"max_hp_loss":0.0,"gold_gain":0.0,"event_name":"Scrap Ooze","player_choice":"Success","floor":4.0,"gold_loss":0.0,"damage_taken":11.0,"relics_obtained":["Self Forming Clay"]},{"damage_healed":0.0,"max_hp_gain":0.0,"max_hp_loss":0.0,"gold_gain":0.0,"event_name":"Living Wall","player_choice":"Grow","floor":5.0,"gold_loss":0.0,"damage_taken":0.0,"cards_upgraded":["Bash"]},{"damage_healed":0.0,"max_hp_gain":0.0,"max_hp_loss":0.0,"gold_gain":0.0,"event_name":"Masked Bandits","player_choice":"Fought Bandits","floor":19.0,"gold_loss":0.0,"damage_taken":0.0},{"damage_healed":0.0,"max_hp_gain":0.0,"max_hp_loss":0.0,"gold_gain":50.0,"event_name":"Nest","player_choice":"Stole From Cult","floor":20.0,"gold_loss":0.0,"damage_taken":0.0},{"damage_healed":0.0,"max_hp_gain":0.0,"max_hp_loss":0.0,"gold_gain":0.0,"event_name":"Addict","player_choice":"Obtained Relic","floor":21.0,"gold_loss":85.0,"damage_taken":0.0,"relics_obtained":["Meat on the Bone"]},{"cards_removed":["Shrug It Off"],"damage_healed":0.0,"max_hp_gain":0.0,"max_hp_loss":0.0,"gold_gain":0.0,"event_name":"Falling","player_choice":"Removed Skill","floor":42.0,"gold_loss":0.0,"damage_taken":0.0},{"damage_healed":0.0,"max_hp_gain":0.0,"max_hp_loss":0.0,"gold_gain":50.0,"event_name":"FaceTrader","player_choice":"Touch","floor":47.0,"gold_loss":0.0,"damage_taken":8.0}],"is_beta":false,"boss_relics":[{"not_picked":["Empty Cage","Pandora\u0027s Box"],"picked":"Black Star"},{"not_picked":["Runic Cube","Cursed Key"],"picked":"Fusion Hammer"}],"items_purged_floors":[],"is_endless":false,"potions_floor_spawned":[1,8,10,16,18,23,24,36,39,41,48],"killed_by":"Time Eater","ascension_level":20}