{"gold_per_floor":[109,127,137,157,157,157,3,3,53,53,71,88,101,101,101,173,173,173,173,173,12,12,12,12,12,12,12,12,12,12,12,12,12],"floor_reached":33,"playtime":1217,"items_purged":["Strike_G"],"score":569,"play_id":"f4ccc808-a319-4388-b4f9-dce9c3a5d2db","local_time":"20180824104508","is_ascension_mode":true,"campfire_choices":[{"data":"Neutralize","floor":6.0,"key":"SMITH"},{"data":"Footwork","floor":8.0,"key":"SMITH"},{"data":"Defend_G","floor":10.0,"key":"SMITH"},{"data":"Dodge and Roll","floor":15.0,"key":"SMITH"},{"data":"Envenom","floor":23,"key":"SMITH"},{"floor":32,"key":"REST"}],"neow_cost":"NONE","seed_source_timestamp":780332131340063,"circlet_count":0,"master_deck":["Defend_G","Defend_G","Defend_G","Defend_G+1","Defend_G","Survivor","Neutralize+1","AscendersBane","Dagger Throw","Sucker Punch","Backflip","Backstab","Footwork+1","Poisoned Stab","Crippling Poison","Dodge and Roll+1","Tools of the Trade","Cloak And Dagger+1","Sucker Punch+1","Envenom+1","Cloak And Dagger","Acrobatics","Bite","Bite","Bite","Bite","Bite","Blur","Backstab","Doppelganger"],"special_seed":0,"relics":["Runic Dome","Happy Flower","Ectoplasm","Art of War","Bag of Marbles","Blue Candle","Oddly Smooth Stone"],"potions_floor_usage":[16,24,28,30,30],"damage_taken":[{"damage":3.0,"enemies":"Cultist","floor":1.0,"turns":4.0},{"damage":7.0,"enemies":"Jaw Worm","floor":2.0,"turns":3.0},{"damage":4.0,"enemies":"2 Louse","floor":3.0,"turns":3.0},{"damage":0.0,"enemies":"2 Fungi Beasts","floor":4.0,"turns":4.0},{"damage":0.0,"enemies":"Lots of Slimes","floor":11.0,"turns":6.0},{"damage":3.0,"enemies":"Blue Slaver","floor":12.0,"turns":5.0},{"damage":3.0,"enemies":"Looter","floor":13.0,"turns":3.0},{"damage":9,"enemies":"The Guardian","floor":16,"turns":16},{"damage":1,"enemies":"Spheric Guardian","floor":18,"turns":7},{"damage":4,"enemies":"Chosen","floor":19,"turns":7},{"damage":8,"enemies":"Snecko","floor":22,"turns":6},{"damage":21,"enemies":"Slavers","floor":24,"turns":8},{"damage":9,"enemies":"Snake Plant","floor":27,"turns":5},{"damage":14,"enemies":"Shelled Parasite and Fungi","floor":28,"turns":6},{"damage":11,"enemies":"Book of Stabbing","floor":30,"turns":5},{"damage":72,"enemies":"Champ","floor":33,"turns":20}],"seed_played":"8092695320176625263","potions_obtained":[{"floor":4.0,"key":"LiquidBronze"},{"floor":11.0,"key":"FearPotion"},{"floor":16,"key":"FearPotion"},{"floor":24,"key":"Swift Potion"},{"floor":28,"key":"Block Potion"}],"is_trial":false,"path_per_floor":["M","M","M","M","?","R","$","R","T","R","M","M","M","?","R","B",null,"M","M","?","$","M","R","E","?","T","M","M","T","E","?","R"],"character_chosen":"THE_SILENT","items_purchased":["Footwork","Envenom"],"campfire_rested":1,"item_purchase_floors":[7,21],"current_hp_per_floor":[56,49,45,45,45,45,45,45,45,45,45,42,39,61,61,52,63,62,58,58,58,50,50,29,29,29,26,26,26,25,25,38,0],"gold":12,"neow_bonus":"BOSS_RELIC","is_prod":false,"is_daily":false,"chose_seed":false,"campfire_upgraded":5,"win_rate":0,"timestamp":1535132708,"path_taken":["M","M","?","M","?","R","$","R","T","R","?","M","M","?","R","BOSS","M","M","?","$","M","R","E","?","T","?","M","?","E","?","R","BOSS"],"build_version":"2018-08-23v2","purchased_purges":1,"victory":false,"max_hp_per_floor":[66,66,66,66,66,66,66,66,66,66,66,66,66,66,66,66,66,66,66,66,66,66,66,66,46,46,46,46,46,46,46,46,46],"card_choices":[{"not_picked":["Flying Knee","Deadly Poison"],"picked":"Dagger Throw","floor":1.0},{"not_picked":["Heel Hook","Prepared"],"picked":"Sucker Punch","floor":2.0},{"not_picked":["Blur","Dodge and Roll"],"picked":"Backflip","floor":3.0},{"not_picked":["Sucker Punch","Catalyst"],"picked":"Backstab","floor":4.0},{"not_picked":["Deadly Poison","PiercingWail"],"picked":"Poisoned Stab","floor":11.0},{"not_picked":["Concentrate","Quick Slash"],"picked":"Crippling Poison","floor":12.0},{"not_picked":["Prepared","Unload"],"picked":"Dodge and Roll","floor":13.0},{"not_picked":["Corpse Explosion","Phantasmal Killer"],"picked":"Tools of the Trade","floor":16},{"not_picked":["Blade Dance","Bouncing Flask"],"picked":"Cloak And Dagger+1","floor":18},{"not_picked":["Heel Hook+1","All Out Attack"],"picked":"Sucker Punch+1","floor":19},{"not_picked":["Underhanded Strike","Deflect+1"],"picked":"Cloak And Dagger","floor":22},{"not_picked":["Sucker Punch","Flying Knee"],"picked":"Acrobatics","floor":24},{"not_picked":["Flying Knee","Deflect"],"picked":"Blur","floor":27},{"not_picked":["Poisoned Stab","Deflect"],"picked":"Backstab","floor":28},{"not_picked":["Poisoned Stab","Expertise"],"picked":"Doppelganger","floor":30}],"player_experience":896535,"relics_obtained":[{"floor":9.0,"key":"Happy Flower"},{"floor":24,"key":"Art of War"},{"floor":26,"key":"Bag of Marbles"},{"floor":29,"key":"Blue Candle"},{"floor":30,"key":"Oddly Smooth Stone"}],"event_choices":[{"event_name":"Living Wall","player_choice":"Forget","floor":5.0,"damage_taken":0.0},{"event_name":"Big Fish","player_choice":"Banana","floor":14.0,"damage_taken":0.0},{"event_name":"Purifier","player_choice":"One Purge","floor":20,"damage_taken":0},{"event_name":"Vampires","player_choice":"Became a vampire","floor":25,"damage_taken":0},{"event_name":"Nest","player_choice":"Stole From Cult","floor":31,"damage_taken":0}],"is_beta":true,"boss_relics":[{"not_picked":["Tiny House","Fusion Hammer"],"picked":"Ectoplasm"}],"items_purged_floors":[7],"is_endless":false,"potions_floor_spawned":[4,11,13,16,19,24,27,28],"killed_by":"Champ","ascension_level":19}