{"gold_per_floor":[112,130,141,152,152,152,186,186,216,234,70,70,86,167,167,167],"floor_reached":16,"playtime":723,"items_purged":[],"score":143,"play_id":"4f455e6e-0225-4f62-827d-d7580f4b6d7a","local_time":"20190315033702","is_ascension_mode":true,"campfire_choices":[{"data":"White Noise","floor":6,"key":"SMITH"},{"floor":8,"key":"REST"},{"floor":12,"key":"REST"},{"data":"Thunder Strike","floor":15,"key":"SMITH"}],"neow_cost":"NONE","seed_source_timestamp":145435542176573,"circlet_count":0,"master_deck":["Strike_B","Strike_B","Strike_B","Strike_B","Defend_B","Defend_B","Defend_B","Defend_B","Zap+1","Dualcast","Compile Driver","Hello World","White Noise+1","Conserve Battery","Melter","Loop","Thunder Strike+1","Genetic Algorithm"],"relics":["Cracked Core","Happy Flower","Tiny Chest","Question Card"],"potions_floor_usage":[10,16],"damage_taken":[{"damage":4,"enemies":"Small Slimes","floor":1,"turns":3},{"damage":2,"enemies":"Jaw Worm","floor":2,"turns":4},{"damage":3,"enemies":"2 Louse","floor":3,"turns":3},{"damage":27,"enemies":"2 Fungi Beasts","floor":4,"turns":4},{"damage":35,"enemies":"Lagavulin","floor":7,"turns":7},{"damage":15,"enemies":"3 Louse","floor":10,"turns":5},{"damage":18,"enemies":"Large Slime","floor":13,"turns":4},{"damage":23,"enemies":"The Guardian","floor":16,"turns":7}],"seed_played":"-8708341832648875955","potions_obtained":[{"floor":7,"key":"PowerPotion"},{"floor":13,"key":"Poison Potion"}],"is_trial":false,"path_per_floor":["M","M","M","M","?","R","E","R","T","M","$","R","M","T","R","B"],"character_chosen":"DEFECT","items_purchased":["Thunder Strike"],"campfire_rested":2,"item_purchase_floors":[11],"current_hp_per_floor":[71,69,66,39,39,39,4,28,28,13,13,37,19,19,19,0],"gold":167,"neow_bonus":"TEN_PERCENT_HP_BONUS","is_prod":false,"is_daily":false,"chose_seed":false,"campfire_upgraded":2,"win_rate":0,"timestamp":1552635422,"path_taken":["M","M","M","M","?","R","E","R","T","M","$","R","M","?","R","BOSS"],"build_version":"2019-01-23","purchased_purges":0,"victory":false,"max_hp_per_floor":[82,82,82,82,82,82,82,82,82,82,82,82,82,82,82,82],"card_choices":[{"not_picked":["Rebound","Streamline"],"picked":"Compile Driver","floor":1},{"not_picked":["Turbo","Heatsinks"],"picked":"Hello World","floor":2},{"not_picked":["Barrage","Compile Driver"],"picked":"White Noise","floor":3},{"not_picked":["Chill","Tempest"],"picked":"Conserve Battery","floor":4},{"not_picked":["Multi-Cast","Fission"],"picked":"Melter","floor":7},{"not_picked":["Beam Cell","Melter"],"picked":"Loop","floor":10},{"not_picked":["Turbo","Barrage"],"picked":"Genetic Algorithm","floor":13}],"player_experience":1132136,"relics_obtained":[{"floor":7,"key":"Happy Flower"},{"floor":9,"key":"Tiny Chest"},{"floor":14,"key":"Question Card"}],"event_choices":[{"damage_healed":0,"gold_gain":0,"player_choice":"Grow","damage_taken":0,"max_hp_gain":0,"max_hp_loss":0,"event_name":"Living Wall","floor":5,"gold_loss":0,"cards_upgraded":["Zap"]}],"is_beta":false,"boss_relics":[],"items_purged_floors":[],"is_endless":false,"potions_floor_spawned":[7,13],"killed_by":"The Guardian","ascension_level":8}