{"path_per_floor":["M","M","M","M","M","R","T","R","T","R","$","?","M","M","R","B",null,"M","?","?","M","?"],"character_chosen":"IRONCLAD","items_purchased":["Pummel"],"gold_per_floor":[115,126,141,161,180,180,180,180,180,180,37,37,50,69,69,174,204,218,218,218,236,236],"floor_reached":23,"campfire_rested":0,"playtime":710,"current_hp_per_floor":[72,78,78,77,78,78,78,78,78,78,78,75,75,75,75,29,72,51,51,51,36,36],"items_purged":["Strike_R"],"gold":236,"score":247,"play_id":"0ecd8c82-2b22-48bb-9d23-ca62e1aee7dc","local_time":"20180311002914","is_prod":false,"is_daily":false,"is_ascension_mode":true,"campfire_upgraded":2,"timestamp":1520746154,"path_taken":["M","?","?","M","M","R","?","R","T","R","$","?","?","M","R","BOSS","M","?","?","?","?","E"],"build_version":"2018-03-09","purchased_purges":1,"victory":false,"master_deck":["Strike_R","Strike_R","Defend_R","Defend_R","Defend_R","Defend_R","Bash+1","Rampage+1","Flex","Thunderclap+1","Seeing Red","Pummel","Heavy Blade","Headbutt+1","Spot Weakness+1"],"max_hp_per_floor":[80,80,80,80,80,80,80,80,80,80,80,80,80,80,80,80,85,85,85,85,85,85],"relics":["Burning Blood","Ornamental Fan","Girya","Omamori","Tiny House"],"card_choices":[{"not_picked":["Flex","Sword Boomerang"],"picked":"Rampage"},{"not_picked":["Clash","Anger"],"picked":"Flex"},{"not_picked":["Wild Strike","Armaments"],"picked":"Thunderclap"},{"not_picked":["Searing Blow","Barricade"],"picked":"Seeing Red"},{"not_picked":["Iron Wave","True Grit"],"picked":"Heavy Blade"},{"not_picked":["Whirlwind","Body Slam"],"picked":"Headbutt"},{"not_picked":["Clash","Dual Wield"],"picked":"Spot Weakness"}],"player_experience":443972,"potions_floor_usage":[4,5,16,16,21],"damage_taken":[{"damage":6,"enemies":"Cultist","floor":1,"turns":3},{"damage":0,"enemies":"Small Slimes","floor":2,"turns":3},{"damage":6,"enemies":"2 Louse","floor":3,"turns":3},{"damage":7,"enemies":"Exordium Wildlife","floor":4,"turns":3},{"damage":5,"enemies":"2 Fungi Beasts","floor":5,"turns":3},{"damage":6,"enemies":"Blue Slaver","floor":13,"turns":3},{"damage":6,"enemies":"Looter","floor":14,"turns":2},{"damage":52,"enemies":"Hexaghost","floor":16,"turns":5},{"damage":27,"enemies":"3 Byrds","floor":18,"turns":5},{"damage":21,"enemies":"Shell Parasite","floor":21,"turns":3},{"damage":40,"enemies":"Gremlin Leader","floor":23,"turns":4}],"event_choices":[{"event_name":"Scrap Ooze","player_choice":"success","floor":12,"damage_taken":3},{"event_name":"Vampires","player_choice":"Ignored","floor":19,"damage_taken":0},{"event_name":"Purifier","player_choice":"One Purge","floor":20,"damage_taken":0},{"event_name":"Forgotten Altar","player_choice":"Smashed Altar","floor":22,"damage_taken":0}],"boss_relics":[{"not_picked":["Philosopher\u0027s Stone","Pandora\u0027s Box"],"picked":"Tiny House"}],"potions_floor_spawned":[2,4,13,14,16,18],"seed_played":"3078508616530561921","killed_by":"Gremlin Leader","ascension_level":7,"is_trial":false}