{"path_per_floor":["M","?","M","?","$","R","E","M","T","E","?","M","$","$","R","B",null,"M","?","?","$","?","R","?","R","T","M","M","M","M","M","R"],"character_chosen":"THE_SILENT","items_purchased":["Toxic Egg 2","Fire Potion","Dodge and Roll","Backflip","Crippling Poison"],"gold_per_floor":[359,359,372,372,10,10,36,54,132,160,160,177,50,0,0,97,97,64,64,64,29,29,29,29,29,29,42,62,79,91,111,111],"floor_reached":33,"campfire_rested":1,"playtime":2101,"current_hp_per_floor":[57,50,50,37,37,37,37,37,37,35,35,34,34,34,34,34,56,46,46,46,46,46,46,46,46,46,55,47,17,6,6,24],"items_purged":["Strike_G","Strike_G","Defend_G"],"gold":111,"score":479,"play_id":"6307eb34-0ec7-48ee-bc5a-c4ad0c7fca5b","local_time":"20180313193216","is_prod":false,"is_daily":false,"is_ascension_mode":true,"campfire_upgraded":4,"timestamp":1520983936,"path_taken":["M","?","M","?","$","R","E","?","T","E","?","M","?","$","R","BOSS","M","?","?","$","?","R","?","R","T","M","M","M","?","M","R","BOSS"],"build_version":"2018-03-09","purchased_purges":6,"victory":false,"master_deck":["Defend_G","Defend_G","Defend_G+1","Strike_G+1","Survivor+1","Neutralize+1","Dagger Throw+1","Blur+1","PiercingWail+1","Backflip+1","Phantasmal Killer+1","Dodge and Roll+1","Backflip+1","Venomology+1","Bouncing Flask+1","Crippling Poison+1","Footwork+1","Blur+1","Flechettes+1"],"max_hp_per_floor":[63,63,63,63,63,63,63,63,63,63,63,63,63,63,63,63,63,63,63,63,63,63,63,63,63,63,63,63,63,63,63,63],"relics":["Ring of the Snake","Toxic Egg 2","Kunai","Smiling Mask","Omamori","Question Card","Tingsha"],"card_choices":[{"not_picked":["Backflip","Reflex"],"picked":"Dagger Throw"},{"not_picked":["Distraction","Eviscerate"],"picked":"Blur"},{"not_picked":["Accuracy","Distraction"],"picked":"PiercingWail"},{"not_picked":["Caltrops","Well Laid Plans"],"picked":"Backflip"},{"not_picked":["Escape Plan","All Out Attack"],"picked":"Phantasmal Killer"},{"not_picked":["After Image","Bullet Time"],"picked":"Venomology"},{"not_picked":["All Out Attack","Malaise","Cloak And Dagger"],"picked":"Bouncing Flask"},{"not_picked":["Choke","Acrobatics","Dash"],"picked":"Footwork"},{"not_picked":["Bouncing Flask","Prepared","Cloak And Dagger"],"picked":"Blur"},{"not_picked":["Backflip","Caltrops","Deflect"],"picked":"Flechettes"}],"player_experience":488924,"potions_floor_usage":[7,7,10,16,27,27,28,28,28,29,29,29,33],"damage_taken":[{"damage":6,"enemies":"Jaw Worm","floor":1,"turns":5},{"damage":0,"enemies":"Small Slimes","floor":3,"turns":4},{"damage":0,"enemies":"Gremlin Nob","floor":7,"turns":3},{"damage":0,"enemies":"2 Louse","floor":8,"turns":4},{"damage":2,"enemies":"3 Sentries","floor":10,"turns":13},{"damage":1,"enemies":"Blue Slaver","floor":12,"turns":3},{"damage":0,"enemies":"The Guardian","floor":16,"turns":18},{"damage":10,"enemies":"2 Thieves","floor":18,"turns":5},{"damage":6,"enemies":"3 Byrds","floor":27,"turns":6},{"damage":8,"enemies":"3 Cultists","floor":28,"turns":7},{"damage":30,"enemies":"Cultist and Chosen","floor":29,"turns":9},{"damage":11,"enemies":"Slaver and Parasite","floor":30,"turns":12},{"damage":0,"enemies":"Snecko","floor":31,"turns":7},{"damage":26,"enemies":"Collector","floor":33,"turns":3}],"event_choices":[{"event_name":"Golden Wing","player_choice":"Card Removal","floor":2,"damage_taken":0},{"event_name":"Shining Light","player_choice":"Entered Light","floor":4,"damage_taken":0},{"event_name":"Bonfire Elementals","player_choice":"BASIC","floor":11,"damage_taken":0},{"event_name":"Back to Basics","player_choice":"Elegance","floor":19,"damage_taken":0},{"event_name":"Match and Keep!","player_choice":"0 cards matched","floor":20,"damage_taken":0},{"event_name":"The Lab","player_choice":"Got Potions","floor":22,"damage_taken":0},{"event_name":"Drug Dealer","player_choice":"Ignored","floor":24,"damage_taken":0}],"boss_relics":[{"not_picked":["Runic Pyramid","Philosopher\u0027s Stone"],"picked":"Question Card"}],"potions_floor_spawned":[3,7,8,12,18,27,28,30],"seed_played":"-297042514972096408","killed_by":"Collector","ascension_level":9,"is_trial":false}