{"gold_per_floor":[119,136,101,121,44,44,73,73,97,129,145,220,247,247,247,323,323,243,258,104,116,116,116,136,149,149,162,162,187,187,201,201,272,272,286,1285,1300,1311,833,833,849,849,920,920,946,962,1034,1034,1034,1034],"floor_reached":50,"playtime":3572,"items_purged":["Normality"],"score":1220,"play_id":"2b29612b-2095-40f0-88e8-335c3e5712c3","local_time":"20190508134146","is_ascension_mode":true,"campfire_choices":[{"data":"Noxious Fumes","floor":6.0,"key":"SMITH"},{"data":"Neutralize","floor":8.0,"key":"SMITH"},{"data":"Footwork","floor":15.0,"key":"SMITH"},{"data":"After Image","floor":23.0,"key":"SMITH"},{"data":"Catalyst","floor":28.0,"key":"SMITH"},{"data":"Well Laid Plans","floor":30.0,"key":"SMITH"},{"data":"Catalyst","floor":32.0,"key":"SMITH"},{"data":"Envenom","floor":40.0,"key":"SMITH"},{"data":"Bouncing Flask","floor":42.0,"key":"SMITH"},{"floor":44.0,"key":"RECALL"},{"data":"After Image","floor":49.0,"key":"SMITH"}],"neow_cost":"NONE","seed_source_timestamp":1363269592483595,"circlet_count":0,"master_deck":["AscendersBane","Defend_G","Defend_G","Defend_G","Defend_G","Defend_G","Strike_G","Strike_G","Strike_G","Strike_G","Strike_G","Survivor","Neutralize+1","Well Laid Plans+1","Footwork+1","Calculated Gamble","Noxious Fumes+1","Flying Knee","Dodge and Roll","Deflect","After Image+1","Concentrate+1","Catalyst+1","Bouncing Flask+1","Die Die Die","Catalyst+1","PiercingWail","Envenom+1","PiercingWail+1","Normality","PiercingWail","Predator+1","After Image+1","PiercingWail","Clumsy"],"special_seed":0,"relics":["Ring of the Snake","Bag of Preparation","Snake Skull","Pen Nib","Kunai","Bird Faced Urn","Coffee Dripper","Darkstone Periapt","Pantograph","Eternal Feather","Meat on the Bone","The Specimen","The Courier"],"potions_floor_usage":[50],"damage_taken":[{"damage":0.0,"enemies":"2 Louse","floor":1.0,"turns":4.0},{"damage":6.0,"enemies":"Small Slimes","floor":2.0,"turns":5.0},{"damage":0.0,"enemies":"Cultist","floor":4.0,"turns":5.0},{"damage":2.0,"enemies":"Lagavulin","floor":7.0,"turns":8.0},{"damage":24.0,"enemies":"Gremlin Nob","floor":10.0,"turns":4.0},{"damage":5.0,"enemies":"Lots of Slimes","floor":11.0,"turns":4.0},{"damage":0.0,"enemies":"Lagavulin","floor":13.0,"turns":6.0},{"damage":12.0,"enemies":"The Guardian","floor":16.0,"turns":11.0},{"damage":0.0,"enemies":"2 Thieves","floor":18.0,"turns":4.0},{"damage":4.0,"enemies":"3 Byrds","floor":19.0,"turns":6.0},{"damage":4.0,"enemies":"Shelled Parasite and Fungi","floor":21.0,"turns":6.0},{"damage":0.0,"enemies":"Snake Plant","floor":24.0,"turns":4.0},{"damage":6.0,"enemies":"Centurion and Healer","floor":25.0,"turns":7.0},{"damage":10.0,"enemies":"Cultist and Chosen","floor":27.0,"turns":5.0},{"damage":3.0,"enemies":"Book of Stabbing","floor":29.0,"turns":3.0},{"damage":11.0,"enemies":"Sentry and Sphere","floor":31.0,"turns":5.0},{"damage":54.0,"enemies":"Collector","floor":33.0,"turns":11.0},{"damage":23.0,"enemies":"3 Darklings","floor":35.0,"turns":7.0},{"damage":18.0,"enemies":"Orb Walker","floor":37.0,"turns":4.0},{"damage":28.0,"enemies":"Spire Growth","floor":38.0,"turns":4.0},{"damage":16.0,"enemies":"3 Darklings","floor":41.0,"turns":7.0},{"damage":45.0,"enemies":"Giant Head","floor":45.0,"turns":7.0},{"damage":28.0,"enemies":"Transient","floor":46.0,"turns":6.0},{"damage":100,"enemies":"Awakened One","floor":50,"turns":8}],"seed_played":"562067716731350314","potions_obtained":[{"floor":1.0,"key":"SkillPotion"},{"floor":2.0,"key":"Dexterity Potion"},{"floor":16.0,"key":"Block Potion"},{"floor":19.0,"key":"SkillPotion"},{"floor":21.0,"key":"Dexterity Potion"},{"floor":27.0,"key":"Energy Potion"},{"floor":33.0,"key":"Block Potion"},{"floor":37.0,"key":"GhostInAJar"},{"floor":41.0,"key":"PowerPotion"},{"floor":46.0,"key":"Fruit Juice"}],"is_trial":false,"path_per_floor":["M","M","?","M","$","R","E","R","T","E","M","?","E","?","R","B",null,"M","M","$","M","?","R","M","M","T","M","R","E","R","M","R","B",null,"M","?","M","M","$","R","M","R","T","R","E","M","T","?","R","B"],"character_chosen":"THE_SILENT","items_purchased":["Noxious Fumes","Catalyst","Bouncing Flask","Meat on the Bone","PiercingWail","SteroidPotion","AttackPotion"],"campfire_rested":0,"item_purchase_floors":[5,20,20,39,39,39,39],"current_hp_per_floor":[59,53,66,66,66,66,64,64,64,40,35,24,24,29,29,23,59,67,67,67,67,67,67,71,65,65,63,63,68,68,62,62,21,59,46,58,50,32,32,50,42,60,60,78,50,44,44,50,71,0],"gold":1034,"neow_bonus":"RANDOM_COMMON_RELIC","is_prod":false,"is_daily":false,"chose_seed":false,"campfire_upgraded":10,"win_rate":0,"timestamp":1557337306,"path_taken":["M","M","?","M","$","R","E","R","T","E","M","?","E","?","R","BOSS","M","M","$","M","?","R","?","?","T","M","R","E","R","M","R","BOSS","M","?","M","M","$","R","M","R","T","R","E","M","?","?","R","BOSS"],"build_version":"2019-01-23","purchased_purges":1,"victory":false,"max_hp_per_floor":[66,66,66,66,66,66,66,66,66,66,66,66,66,71,71,71,71,71,71,71,71,71,71,71,71,71,71,71,71,71,71,71,71,71,71,83,83,83,83,83,83,83,83,83,83,83,83,89,89,94],"card_choices":[{"not_picked":["Blur","Eviscerate"],"picked":"Well Laid Plans","floor":1.0},{"not_picked":["PiercingWail","Riddle With Holes"],"picked":"Footwork","floor":2.0},{"not_picked":["Blade Dance","Sucker Punch"],"picked":"Calculated Gamble","floor":4.0},{"not_picked":["Endless Agony","Underhanded Strike"],"picked":"Flying Knee","floor":7.0},{"not_picked":["Distraction","Flying Knee","Sucker Punch"],"picked":"SKIP","floor":10.0},{"not_picked":["Bane","Outmaneuver"],"picked":"Dodge and Roll","floor":11.0},{"not_picked":["Quick Slash","Tools of the Trade"],"picked":"Deflect","floor":13.0},{"not_picked":["Glass Knife","Unload"],"picked":"After Image","floor":16.0},{"not_picked":["Outmaneuver","Flying Knee","Setup"],"picked":"SKIP","floor":18.0},{"not_picked":["Flying Knee","Outmaneuver"],"picked":"Concentrate+1","floor":19.0},{"not_picked":["Deflect","Flying Knee","Bane"],"picked":"SKIP","floor":21.0},{"not_picked":["Expertise","Outmaneuver"],"picked":"Die Die Die","floor":24.0},{"not_picked":["Dagger Throw","Dagger Spray","Bane"],"picked":"SKIP","floor":25.0},{"not_picked":["Setup","Caltrops"],"picked":"Catalyst","floor":27.0},{"not_picked":["Bane","Deflect"],"picked":"PiercingWail","floor":29.0},{"not_picked":["Quick Slash","Bane","Outmaneuver"],"picked":"SKIP","floor":31.0},{"not_picked":["A Thousand Cuts","After Image"],"picked":"Envenom","floor":33.0},{"not_picked":["Poisoned Stab","Dagger Throw+1"],"picked":"PiercingWail+1","floor":35.0},{"not_picked":["Flying Knee+1","All Out Attack","Backstab"],"picked":"SKIP","floor":37.0},{"not_picked":["Masterful Stab+1","Slice","Quick Slash"],"picked":"SKIP","floor":38.0},{"not_picked":["Bane","Deadly Poison","Slice"],"picked":"SKIP","floor":41.0},{"not_picked":["Flying Knee+1","Bane"],"picked":"Predator+1","floor":45.0},{"not_picked":["PiercingWail","Slice"],"picked":"After Image","floor":46.0}],"player_experience":2470222,"relics_obtained":[{"floor":7.0,"key":"Snake Skull"},{"floor":9.0,"key":"Pen Nib"},{"floor":10.0,"key":"Kunai"},{"floor":13.0,"key":"Bird Faced Urn"},{"floor":26.0,"key":"Darkstone Periapt"},{"floor":29.0,"key":"Pantograph"},{"floor":45.0,"key":"The Specimen"},{"floor":47.0,"key":"The Courier"}],"event_choices":[{"damage_healed":16.0,"max_hp_gain":0.0,"max_hp_loss":0.0,"gold_gain":0.0,"event_name":"The Cleric","player_choice":"Healed","floor":3.0,"gold_loss":35.0,"damage_taken":0.0},{"damage_healed":0.0,"max_hp_gain":0.0,"max_hp_loss":0.0,"gold_gain":75.0,"event_name":"World of Goop","player_choice":"Gather Gold","floor":12.0,"gold_loss":0.0,"damage_taken":11.0},{"damage_healed":0.0,"max_hp_gain":5.0,"max_hp_loss":0.0,"gold_gain":0.0,"event_name":"Big Fish","player_choice":"Donut","floor":14.0,"gold_loss":0.0,"damage_taken":0.0},{"damage_healed":0.0,"max_hp_gain":0.0,"max_hp_loss":0.0,"gold_gain":0.0,"event_name":"Lab","player_choice":"Got Potions","floor":22.0,"gold_loss":0.0,"damage_taken":0.0},{"damage_healed":0.0,"max_hp_gain":0.0,"max_hp_loss":0.0,"gold_gain":999.0,"event_name":"MindBloom","player_choice":"Gold","floor":36.0,"gold_loss":0.0,"damage_taken":0.0,"cards_obtained":["Normality","Normality"]},{"damage_healed":0.0,"max_hp_gain":0.0,"max_hp_loss":0.0,"gold_gain":0.0,"event_name":"Match and Keep!","player_choice":"2 cards matched","floor":48.0,"gold_loss":0.0,"damage_taken":0.0,"cards_obtained":["PiercingWail","Clumsy"]}],"is_beta":false,"boss_relics":[{"not_picked":["Astrolabe","Snecko Eye"],"picked":"Coffee Dripper"},{"not_picked":["Philosopher\u0027s Stone","Pandora\u0027s Box"],"picked":"Eternal Feather"}],"items_purged_floors":[39],"is_endless":false,"potions_floor_spawned":[1,2,16,19,21,27,29,33,37,41,46],"killed_by":"Awakened One","ascension_level":20}