{"gold_per_floor":[109,127,140,140,140,140,180,203,228,228,263,279,304,318,318,407,407,427,427,427,452,466,466,54,54,54,89,89,104,127,170,170,269,269,284,284,107,107,126,126,166,166,166,206,272,272,312,17,17,17],"floor_reached":51,"playtime":4152,"items_purged":["Injury","Strike_G","Strike_G"],"score":1524,"play_id":"8b15f0b4-50a1-48d9-9c3b-e283392d8565","local_time":"20190319233204","is_ascension_mode":true,"campfire_choices":[{"data":"Poisoned Stab","floor":6,"key":"SMITH"},{"data":"Noxious Fumes","floor":10,"key":"SMITH"},{"data":"Bouncing Flask","floor":15,"key":"SMITH"},{"data":"Caltrops","floor":23,"key":"SMITH"},{"floor":25,"key":"REST"},{"floor":32,"key":"REST"},{"data":"Well Laid Plans","floor":40,"key":"SMITH"},{"data":"Glass Knife","floor":42,"key":"SMITH"},{"data":"Noxious Fumes","floor":46,"key":"SMITH"},{"data":"Doppelganger","floor":49,"key":"SMITH"}],"neow_cost":"NONE","seed_source_timestamp":248230253035509,"circlet_count":0,"master_deck":["AscendersBane","Defend_G","Defend_G","Defend_G","Defend_G","Defend_G+1","Strike_G","Strike_G","Strike_G","Survivor","Neutralize","Poisoned Stab+1","Calculated Gamble","Cloak And Dagger+1","Escape Plan","Noxious Fumes+1","Escape Plan","Caltrops+1","Bouncing Flask+1","Corpse Explosion","Burst","PiercingWail","Acrobatics+1","PiercingWail","PiercingWail","Blur+1","Noxious Fumes+1","Backflip","Glass Knife+1","Well Laid Plans+1","Expertise","Leg Sweep","Leg Sweep","Acrobatics+1","Dodge and Roll","Doppelganger+1"],"relics":["Ring of the Snake","Golden Idol","Bronze Scales","Snake Skull","War Paint","Omamori","HoveringKite","MutagenicStrength","WarpedTongs","Letter Opener","Pocketwatch","Smiling Mask","Anchor","Kunai","Eternal Feather","Incense Burner","Question Card","Mango","Turnip","Blood Vial","Oddly Smooth Stone"],"potions_floor_usage":[7,16,33,41,45,50],"damage_taken":[{"damage":0,"enemies":"Jaw Worm","floor":1,"turns":5},{"damage":2,"enemies":"2 Louse","floor":2,"turns":3},{"damage":0,"enemies":"Cultist","floor":3,"turns":4},{"damage":20,"enemies":"3 Sentries","floor":7,"turns":8},{"damage":0,"enemies":"3 Louse","floor":8,"turns":3},{"damage":15,"enemies":"Lagavulin","floor":11,"turns":7},{"damage":2,"enemies":"Gremlin Gang","floor":12,"turns":4},{"damage":10,"enemies":"Exordium Wildlife","floor":13,"turns":4},{"damage":0,"enemies":"Looter","floor":14,"turns":3},{"damage":1,"enemies":"Hexaghost","floor":16,"turns":6},{"damage":12,"enemies":"3 Byrds","floor":18,"turns":2},{"damage":1,"enemies":"Shell Parasite","floor":21,"turns":4},{"damage":0,"enemies":"Chosen and Byrds","floor":22,"turns":4},{"damage":10,"enemies":"Gremlin Leader","floor":27,"turns":4},{"damage":0,"enemies":"Cultist and Chosen","floor":29,"turns":3},{"damage":6,"enemies":"Shelled Parasite and Fungi","floor":30,"turns":3},{"damage":8,"enemies":"Book of Stabbing","floor":31,"turns":4},{"damage":0,"enemies":"Automaton","floor":33,"turns":10},{"damage":3,"enemies":"3 Shapes","floor":35,"turns":4},{"damage":6,"enemies":"Orb Walker","floor":39,"turns":3},{"damage":7,"enemies":"Reptomancer","floor":41,"turns":7},{"damage":0,"enemies":"Nemesis","floor":44,"turns":7},{"damage":18,"enemies":"2 Orb Walkers","floor":45,"turns":4},{"damage":2,"enemies":"Reptomancer","floor":47,"turns":8},{"damage":14,"enemies":"Donu and Deca","floor":50,"turns":8}],"seed_played":"7176665740432633156","potions_obtained":[{"floor":2,"key":"LiquidBronze"},{"floor":3,"key":"Strength Potion"},{"floor":13,"key":"SkillPotion"},{"floor":22,"key":"EssenceOfSteel"},{"floor":27,"key":"Strength Potion"},{"floor":30,"key":"GhostInAJar"},{"floor":33,"key":"SteroidPotion"},{"floor":41,"key":"Fire Potion"},{"floor":45,"key":"Explosive Potion"}],"is_trial":false,"path_per_floor":["M","M","M","?","?","R","E","M","T","R","E","M","M","M","R","B",null,"M","?","?","M","M","R","$","R","T","E","?","M","M","E","R","B",null,"M","?","$","?","M","R","E","R","T","E","?","R","E","$","R","B",null],"character_chosen":"THE_SILENT","items_purchased":["PiercingWail","Letter Opener","Well Laid Plans","Expertise","Oddly Smooth Stone","Regen Potion"],"campfire_rested":2,"item_purchase_floors":[24,24,37,37,48,48],"current_hp_per_floor":[65,63,63,63,63,63,43,43,43,43,28,26,16,16,16,15,58,46,46,46,45,45,45,45,66,66,56,56,56,50,42,63,63,70,67,67,67,67,61,68,61,68,68,82,64,82,80,80,82,82],"gold":17,"neow_bonus":"TEN_PERCENT_HP_BONUS","is_prod":false,"is_daily":false,"chose_seed":false,"campfire_upgraded":8,"win_rate":0,"timestamp":1553052724,"path_taken":["M","M","M","?","?","R","E","M","T","R","E","M","M","M","R","BOSS","M","?","?","?","M","R","$","R","T","E","?","M","M","E","R","BOSS","M","?","$","?","?","R","E","R","T","E","?","R","E","$","R","BOSS"],"build_version":"2019-01-23","purchased_purges":3,"victory":true,"max_hp_per_floor":[72,72,72,72,72,72,72,72,72,72,72,72,72,72,72,72,72,72,72,72,72,72,72,72,72,72,72,72,72,72,72,72,72,72,72,68,68,68,68,68,68,68,68,82,82,82,82,82,82,82],"card_choices":[{"not_picked":["Prepared","Tactician"],"picked":"Poisoned Stab","floor":1},{"not_picked":["Quick Slash","Flying Knee"],"picked":"Calculated Gamble","floor":2},{"not_picked":["Escape Plan","Sucker Punch"],"picked":"Cloak And Dagger","floor":3},{"not_picked":["Phantasmal Killer","Quick Slash"],"picked":"Escape Plan","floor":7},{"not_picked":["Cloak And Dagger","Blade Dance"],"picked":"Noxious Fumes","floor":8},{"not_picked":["Terror","Underhanded Strike"],"picked":"Escape Plan","floor":11},{"not_picked":["Slice","Dagger Spray"],"picked":"Caltrops","floor":12},{"not_picked":["Bane","Choke"],"picked":"Bouncing Flask","floor":13},{"not_picked":["PiercingWail","Cloak And Dagger"],"picked":"Corpse Explosion","floor":14},{"not_picked":["Glass Knife","Unload"],"picked":"Burst","floor":16},{"not_picked":["Expertise","Blade Dance"],"picked":"PiercingWail","floor":18},{"not_picked":["Dagger Throw","Calculated Gamble"],"picked":"Acrobatics+1","floor":21},{"not_picked":["Dagger Spray","Poisoned Stab"],"picked":"PiercingWail","floor":22},{"not_picked":["Prepared","Wraith Form v2"],"picked":"Blur+1","floor":27},{"not_picked":["Underhanded Strike","Calculated Gamble"],"picked":"Noxious Fumes","floor":29},{"not_picked":["Accuracy","All Out Attack","Backstab"],"picked":"SKIP","floor":30},{"not_picked":["Dagger Spray","Bane"],"picked":"Backflip","floor":31},{"not_picked":["Die Die Die","Storm of Steel"],"picked":"Glass Knife","floor":33},{"not_picked":["Sucker Punch+1","Quick Slash","Blade Dance"],"picked":"SKIP","floor":35},{"not_picked":["Dodge and Roll","Underhanded Strike"],"picked":"Leg Sweep","floor":39},{"not_picked":["Corpse Explosion","Endless Agony"],"picked":"Leg Sweep","floor":41},{"not_picked":["Underhanded Strike","Sucker Punch","Masterful Stab+1"],"picked":"Acrobatics+1","floor":44},{"not_picked":["Backflip","Deadly Poison","Slice"],"picked":"Dodge and Roll","floor":45},{"not_picked":["Endless Agony","Poisoned Stab","Heel Hook"],"picked":"Doppelganger","floor":47}],"player_experience":1271148,"relics_obtained":[{"floor":5,"key":"Bronze Scales"},{"floor":7,"key":"Snake Skull"},{"floor":9,"key":"War Paint"},{"floor":11,"key":"Omamori"},{"floor":26,"key":"Pocketwatch"},{"floor":27,"key":"Smiling Mask"},{"floor":31,"key":"Kunai"},{"floor":41,"key":"Incense Burner"},{"floor":43,"key":"Question Card"},{"floor":44,"key":"Mango"},{"floor":45,"key":"Turnip"},{"floor":47,"key":"Blood Vial"}],"event_choices":[{"damage_healed":0,"gold_gain":0,"player_choice":"Take Wound","damage_taken":0,"relics_obtained":["Golden Idol"],"max_hp_gain":0,"max_hp_loss":0,"event_name":"Golden Idol","floor":4,"gold_loss":0,"cards_obtained":["Injury"]},{"damage_healed":0,"gold_gain":0,"player_choice":"Relic","damage_taken":0,"max_hp_gain":0,"max_hp_loss":0,"event_name":"Wheel of Change","floor":5,"gold_loss":0},{"damage_healed":0,"gold_gain":0,"player_choice":"Inject Mutagens","damage_taken":0,"relics_obtained":["MutagenicStrength"],"max_hp_gain":0,"max_hp_loss":0,"event_name":"Drug Dealer","floor":19,"gold_loss":0},{"damage_healed":0,"gold_gain":0,"player_choice":"Rummage","damage_taken":0,"relics_obtained":["WarpedTongs"],"max_hp_gain":0,"max_hp_loss":0,"event_name":"Accursed Blacksmith","floor":20,"gold_loss":0,"cards_obtained":["Pain"]},{"damage_healed":0,"gold_gain":0,"player_choice":"Stole Relic","damage_taken":0,"relics_obtained":["Anchor"],"max_hp_gain":0,"max_hp_loss":0,"event_name":"Addict","floor":28,"gold_loss":0,"cards_obtained":["Shame"]},{"damage_healed":0,"gold_gain":0,"player_choice":"Max HP","damage_taken":0,"max_hp_gain":0,"max_hp_loss":4,"event_name":"Winding Halls","floor":36,"gold_loss":0},{"damage_healed":0,"gold_gain":0,"player_choice":"Ignored","damage_taken":0,"max_hp_gain":0,"max_hp_loss":0,"event_name":"SecretPortal","floor":38,"gold_loss":0},{"damage_healed":0,"gold_gain":0,"player_choice":"Fight","damage_taken":0,"max_hp_gain":0,"max_hp_loss":0,"event_name":"Mysterious Sphere","floor":45,"gold_loss":0}],"is_beta":false,"boss_relics":[{"not_picked":["Velvet Choker","Tiny House"],"picked":"HoveringKite"},{"not_picked":["Orrery","Fusion Hammer"],"picked":"Eternal Feather"}],"items_purged_floors":[24,37,48],"is_endless":false,"potions_floor_spawned":[2,3,13,22,27,30,31,33,39,41,45],"ascension_level":16}