{"gold_per_floor":[365,440,8,27,37,68,68,101,128,148,148],"floor_reached":11,"playtime":472,"items_purged":["Strike_R"],"score":166,"play_id":"e3a9c238-4150-413a-b2b1-9bd71a39af4c","local_time":"20190317170330","is_ascension_mode":true,"campfire_choices":[{"data":"Heavy Blade","floor":7,"key":"SMITH"}],"neow_cost":"TEN_PERCENT_HP_LOSS","seed_source_timestamp":55787103633817,"circlet_count":0,"master_deck":["AscendersBane","Strike_R","Strike_R","Strike_R","Strike_R","Defend_R","Defend_R","Defend_R","Defend_R","Bash","Evolve","Inflame","Heavy Blade+1","Flame Barrier","Power Through","Clothesline"],"relics":["Burning Blood","Medical Kit","Orichalcum","PreservedInsect","Ancient Tea Set"],"potions_floor_usage":[5,6,11],"damage_taken":[{"damage":14,"enemies":"Small Slimes","floor":1,"turns":5},{"damage":7,"enemies":"Jaw Worm","floor":4,"turns":5},{"damage":2,"enemies":"Cultist","floor":5,"turns":4},{"damage":35,"enemies":"Lagavulin","floor":6,"turns":7},{"damage":20,"enemies":"Gremlin Nob","floor":8,"turns":4},{"damage":17,"enemies":"Exordium Wildlife","floor":10,"turns":6},{"damage":11,"enemies":"Lagavulin","floor":11,"turns":5}],"seed_played":"-4596337132886003334","potions_obtained":[{"floor":4,"key":"Regen Potion"},{"floor":10,"key":"Dexterity Potion"}],"is_trial":false,"path_per_floor":["M","?","$","M","M","E","R","E","T","M","E"],"character_chosen":"IRONCLAD","items_purchased":["Medical Kit","Inflame","Poison Potion"],"campfire_rested":0,"item_purchase_floors":[3,3,3],"current_hp_per_floor":[60,49,49,48,64,35,35,21,21,10,0],"gold":148,"neow_bonus":"TWO_FIFTY_GOLD","is_prod":false,"is_daily":false,"chose_seed":false,"campfire_upgraded":1,"win_rate":0,"timestamp":1552856610,"path_taken":["M","?","$","M","M","E","R","E","T","M","E"],"build_version":"2019-01-23","purchased_purges":1,"victory":false,"max_hp_per_floor":[68,68,68,68,68,68,68,68,68,68,68],"card_choices":[{"not_picked":["Anger","Infernal Blade"],"picked":"Evolve","floor":1},{"not_picked":["Infernal Blade","Wild Strike"],"picked":"Heavy Blade","floor":4},{"not_picked":["Twin Strike","Thunderclap"],"picked":"Flame Barrier","floor":5},{"not_picked":["Perfected Strike","Anger","Thunderclap"],"picked":"SKIP","floor":6},{"not_picked":["Warcry","Pommel Strike"],"picked":"Power Through","floor":8},{"not_picked":["Headbutt","Battle Trance"],"picked":"Clothesline","floor":10}],"player_experience":1176828,"relics_obtained":[{"floor":6,"key":"Orichalcum"},{"floor":8,"key":"PreservedInsect"},{"floor":9,"key":"Ancient Tea Set"}],"event_choices":[{"damage_healed":0,"gold_gain":75,"player_choice":"Gather Gold","damage_taken":11,"max_hp_gain":0,"max_hp_loss":0,"event_name":"World of Goop","floor":2,"gold_loss":0}],"is_beta":false,"boss_relics":[],"items_purged_floors":[3],"is_endless":false,"potions_floor_spawned":[4,10],"killed_by":"Lagavulin","ascension_level":20}