{"path_per_floor":["M","M","?","M","?","R","E","R","T","E","?","?","R","E","R","B",null,"M","?","?","M","M","R","E","R","T","R","$","E","R","$","R","B",null,"M","M","?","M","$","R","E","?","T","M","?","M","M","M","R"],"character_chosen":"IRONCLAD","items_purchased":["Ornamental Fan","Block Potion","Molten Egg 2","Bag of Preparation"],"gold_per_floor":[110,121,121,131,131,131,157,157,157,189,189,219,219,247,247,321,321,339,339,339,359,371,371,399,399,467,467,172,198,198,3,3,79,79,93,112,112,129,5,5,33,33,33,43,43,57,71,91,91,91],"floor_reached":50,"campfire_rested":4,"playtime":2260,"current_hp_per_floor":[72,75,68,67,67,67,58,58,58,47,52,52,52,33,33,17,64,61,61,61,53,45,45,31,31,31,31,31,35,59,59,80,27,67,62,83,83,72,72,88,30,48,48,69,69,75,72,77,92,0],"items_purged":["Strike_R"],"gold":91,"score":921,"play_id":"3a21f93b-8c6d-4f6a-a367-0ef201824f09","local_time":"20180428110752","is_prod":false,"is_daily":false,"chose_seed":false,"is_ascension_mode":true,"campfire_upgraded":7,"timestamp":1524928072,"path_taken":["M","M","?","?","?","R","E","R","T","E","?","?","R","E","R","BOSS","M","?","?","?","M","R","E","R","T","R","$","E","R","$","R","BOSS","M","M","?","M","$","R","E","?","T","M","?","M","?","M","R","BOSS"],"build_version":"2018-04-26","seed_source_timestamp":37973190681118,"purchased_purges":1,"victory":false,"master_deck":["Strike_R","Strike_R","Strike_R","Defend_R","Defend_R","Defend_R","Defend_R","Bash+1","AscendersBane","Uppercut+1","Spot Weakness+1","Pommel Strike+1","Dual Wield+1","Thunderclap+1","Reaper+1","Double Tap+1","Feed+1","True Grit+1","Exhume+1","Sword Boomerang+1","Heavy Blade+1","True Grit+1","Pummel+1","Writhe","Shockwave+1","Headbutt+1","Heavy Blade+1","True Grit+1"],"max_hp_per_floor":[75,75,75,75,75,75,75,75,75,75,80,80,80,80,80,80,80,80,80,80,80,80,80,80,80,80,80,80,80,80,80,80,80,80,84,88,88,88,88,88,88,88,88,88,88,92,92,92,92,92],"relics":["Burning Blood","Mercury Hourglass","The Courier","Bottled Flame","Toxic Egg 2","Runic Dome","Happy Flower","Dodecahedron","Ornamental Fan","Vajra","Molten Egg 2","Philosopher\u0027s Stone","Bag of Preparation","Matryoshka","Blue Candle","Gremlin Horn"],"card_choices":[{"not_picked":["Perfected Strike","Warcry"],"picked":"Uppercut","floor":1},{"not_picked":["Flex","Seeing Red"],"picked":"Spot Weakness","floor":2},{"not_picked":["Havoc","Warcry"],"picked":"Pommel Strike","floor":4},{"not_picked":["Berserk","Iron Wave"],"picked":"Dual Wield","floor":7},{"not_picked":["Body Slam","Twin Strike"],"picked":"Thunderclap","floor":10},{"not_picked":["Combust","Infernal Blade"],"picked":"Reaper","floor":14},{"not_picked":["Brutality","Juggernaut"],"picked":"Double Tap","floor":16},{"not_picked":["Dropkick","Warcry"],"picked":"Shrug It Off","floor":21},{"not_picked":["Pommel Strike","Heavy Blade"],"picked":"Feed","floor":24},{"not_picked":["Power Through","Flame Barrier"],"picked":"True Grit","floor":29},{"not_picked":["Berserk","Brutality"],"picked":"Exhume","floor":33},{"not_picked":["Hemokinesis","Twin Strike"],"picked":"Sword Boomerang","floor":35},{"not_picked":["Armaments","Blood for Blood"],"picked":"Heavy Blade","floor":36},{"not_picked":["Clash","Shrug It Off"],"picked":"True Grit","floor":38},{"not_picked":["Heavy Blade","Reckless Charge"],"picked":"Pummel","floor":41},{"not_picked":["Twin Strike","Dark Embrace"],"picked":"Shockwave","floor":44},{"not_picked":["Perfected Strike","Fire Breathing"],"picked":"Headbutt","floor":46},{"not_picked":["Wild Strike","Anger"],"picked":"Heavy Blade","floor":47},{"not_picked":["Clothesline","Seeing Red"],"picked":"True Grit","floor":48}],"player_experience":913348,"potions_floor_usage":[7,16,22,29,29,36,36,41,41],"damage_taken":[{"damage":2,"enemies":"2 Louse","floor":1,"turns":3},{"damage":0,"enemies":"Small Slimes","floor":2,"turns":3},{"damage":7,"enemies":"Jaw Worm","floor":4,"turns":3},{"damage":15,"enemies":"Lagavulin","floor":7,"turns":5},{"damage":17,"enemies":"3 Sentries","floor":10,"turns":6},{"damage":25,"enemies":"Lagavulin","floor":14,"turns":5},{"damage":34,"enemies":"The Guardian","floor":16,"turns":9},{"damage":15,"enemies":"Chosen","floor":18,"turns":3},{"damage":14,"enemies":"Shell Parasite","floor":21,"turns":3},{"damage":36,"enemies":"Chosen and Byrds","floor":22,"turns":6},{"damage":44,"enemies":"Book of Stabbing","floor":24,"turns":4},{"damage":15,"enemies":"Gremlin Leader","floor":29,"turns":5},{"damage":59,"enemies":"Champ","floor":33,"turns":12},{"damage":28,"enemies":"3 Darklings","floor":35,"turns":3},{"damage":7,"enemies":"3 Shapes","floor":36,"turns":3},{"damage":17,"enemies":"Maw","floor":38,"turns":5},{"damage":77,"enemies":"Nemesis","floor":41,"turns":9},{"damage":20,"enemies":"3 Darklings","floor":44,"turns":3},{"damage":4,"enemies":"4 Shapes","floor":46,"turns":2},{"damage":9,"enemies":"Maw","floor":47,"turns":5},{"damage":24,"enemies":"3 Darklings","floor":48,"turns":3},{"damage":105,"enemies":"Time Eater","floor":50,"turns":8}],"event_choices":[{"event_name":"Golden Wing","player_choice":"Card Removal","floor":3,"damage_taken":0},{"event_name":"Living Wall","player_choice":"Grow","floor":5,"damage_taken":0},{"event_name":"Big Fish","player_choice":"Donut","floor":11,"damage_taken":0},{"event_name":"Dead Adventurer","player_choice":"Searched \u00272\u0027 times","floor":12,"damage_taken":0},{"event_name":"The Mausoleum","player_choice":"No","floor":19,"damage_taken":0},{"event_name":"Ghosts","player_choice":"Ignored","floor":20,"damage_taken":0},{"event_name":"SecretPortal","player_choice":"Rejected Portal.","floor":37,"damage_taken":0},{"event_name":"Winding Halls","player_choice":"Writhe","floor":42,"damage_taken":0}],"boss_relics":[{"not_picked":["Black Blood","Astrolabe"],"picked":"Runic Dome"},{"not_picked":["Snecko Eye","Runic Cube"],"picked":"Philosopher\u0027s Stone"}],"potions_floor_spawned":[1,14,16,24,29,33,35,38,48],"seed_played":"8060736406193745900","killed_by":"Time Eater","ascension_level":15,"is_trial":false}