{"gold_per_floor":[117,117,117,82,42,42,77,94,94,129,19,19,29,93,93,93],"floor_reached":16,"playtime":698,"items_purged":[],"score":282,"play_id":"6e220fd2-fe35-433b-aad0-e508ec003e04","local_time":"20190509115644","is_ascension_mode":true,"campfire_choices":[{"data":"Battle Trance","floor":6,"key":"SMITH"},{"data":"Clothesline","floor":12,"key":"SMITH"},{"floor":15,"key":"RECALL"}],"neow_cost":"NONE","seed_source_timestamp":1447002301412941,"circlet_count":0,"master_deck":["AscendersBane","Strike_R","Strike_R","Strike_R","Strike_R","Strike_R","Defend_R","Defend_R","Defend_R","Defend_R","Bash+1","Seeing Red+1","Battle Trance+1","Offering","Clothesline+1","Shrug It Off","Shrug It Off","Offering"],"relics":["Burning Blood","Mercury Hourglass","Bottled Lightning","Question Card","Tiny Chest"],"potions_floor_usage":[7,10,14,16],"damage_taken":[{"damage":2,"enemies":"Cultist","floor":1,"turns":4},{"damage":43,"enemies":"3 Sentries","floor":7,"turns":15},{"damage":6,"enemies":"Jaw Worm","floor":8,"turns":1},{"damage":6,"enemies":"Gremlin Nob","floor":10,"turns":3},{"damage":1,"enemies":"Small Slimes","floor":13,"turns":3},{"damage":9,"enemies":"3 Sentries","floor":14,"turns":5},{"damage":39,"enemies":"Hexaghost","floor":16,"turns":9}],"seed_played":"-8915433221666137350","potions_obtained":[{"floor":0,"key":"Block Potion"},{"floor":0,"key":"Energy Potion"},{"floor":8,"key":"Explosive Potion"},{"floor":14,"key":"Fire Potion"}],"is_trial":false,"path_per_floor":["M","?","?","?","$","R","E","M","T","E","$","R","M","E","R","B"],"character_chosen":"IRONCLAD","items_purchased":["Battle Trance","Shrug It Off","PowerPotion"],"campfire_rested":0,"item_purchase_floors":[5,11,11],"current_hp_per_floor":[72,49,54,74,74,74,37,37,37,37,37,37,42,39,39,0],"gold":93,"neow_bonus":"THREE_SMALL_POTIONS","is_prod":false,"is_daily":false,"chose_seed":false,"campfire_upgraded":2,"win_rate":0,"timestamp":1557417404,"path_taken":["M","?","?","?","$","R","E","M","T","E","$","R","?","E","R","BOSS"],"build_version":"2019-01-23","purchased_purges":0,"victory":false,"max_hp_per_floor":[75,75,80,80,80,80,80,80,80,80,80,80,80,80,80,80],"card_choices":[{"not_picked":["Sword Boomerang","Heavy Blade"],"picked":"Seeing Red","floor":1},{"not_picked":["Pommel Strike","Second Wind"],"picked":"Offering","floor":7},{"not_picked":["True Grit","Evolve"],"picked":"Clothesline","floor":8},{"not_picked":["Warcry","Cleave"],"picked":"Shrug It Off","floor":10},{"not_picked":["Armaments","Headbutt","Sever Soul"],"picked":"Offering","floor":13},{"not_picked":["Sword Boomerang","Body Slam","Battle Trance","Anger"],"picked":"SKIP","floor":14}],"player_experience":2497166,"relics_obtained":[{"floor":7,"key":"Mercury Hourglass"},{"floor":9,"key":"Bottled Lightning"},{"floor":10,"key":"Question Card"},{"floor":14,"key":"Tiny Chest"}],"event_choices":[{"damage_healed":0,"gold_gain":0,"player_choice":"Entered Light","damage_taken":23,"max_hp_gain":0,"max_hp_loss":0,"event_name":"Shining Light","floor":2,"gold_loss":0,"cards_upgraded":["Bash","Seeing Red"]},{"damage_healed":0,"gold_gain":0,"player_choice":"Donut","damage_taken":0,"max_hp_gain":5,"max_hp_loss":0,"event_name":"Big Fish","floor":3,"gold_loss":0},{"damage_healed":20,"gold_gain":0,"player_choice":"Healed","damage_taken":0,"max_hp_gain":0,"max_hp_loss":0,"event_name":"The Cleric","floor":4,"gold_loss":35}],"is_beta":false,"boss_relics":[],"items_purged_floors":[],"is_endless":false,"potions_floor_spawned":[8,14],"killed_by":"Hexaghost","ascension_level":20}