{"gold_per_floor":[109,34,109,125,125,166,191,191,191,191,26,26,26,49,49,145,145,169,128,128,2,2],"floor_reached":22,"playtime":762,"items_purged":[],"score":414,"play_id":"699a3269-922d-4c84-b9bc-38e029db7f9f","local_time":"20181121002803","is_ascension_mode":true,"campfire_choices":[{"data":"Neutralize","floor":8,"key":"SMITH"},{"floor":12,"key":"REST"},{"data":"Footwork","floor":15,"key":"SMITH"}],"neow_cost":"NONE","seed_source_timestamp":533188834898702,"circlet_count":0,"master_deck":["AscendersBane","Defend_G+1","Defend_G","Defend_G","Defend_G+1","Defend_G","Strike_G","Strike_G","Strike_G","Strike_G","Survivor","Neutralize+1","Quick Slash","Well Laid Plans","Poisoned Stab","Tools of the Trade","Footwork+1","Infinite Blades","Dash","Noxious Fumes","Cloak And Dagger"],"relics":["Ring of the Snake","NeowsBlessing","Golden Idol","Gremlin Horn","Kunai","Runic Dome"],"potions_floor_usage":[16,19,22],"damage_taken":[{"damage":0,"enemies":"2 Louse","floor":1,"turns":1},{"damage":0,"enemies":"Small Slimes","floor":4,"turns":1},{"damage":0,"enemies":"3 Sentries","floor":6,"turns":1},{"damage":4,"enemies":"Cultist","floor":7,"turns":4},{"damage":0,"enemies":"Large Slime","floor":14,"turns":6},{"damage":15,"enemies":"The Guardian","floor":16,"turns":18},{"damage":12,"enemies":"Chosen","floor":18,"turns":7},{"damage":17,"enemies":"2 Thieves","floor":19,"turns":5},{"damage":24,"enemies":"Colosseum Slavers","floor":20,"turns":8},{"damage":7,"enemies":"Sentry and Sphere","floor":22,"turns":3}],"seed_played":"3890003127720926265","potions_obtained":[{"floor":6,"key":"SpeedPotion"},{"floor":16,"key":"Fire Potion"}],"is_trial":false,"path_per_floor":["M","?","?","M","?","E","M","R","T","?","$","R","$","M","R","B",null,"M","M","?","$","M"],"character_chosen":"THE_SILENT","items_purchased":["Footwork","Regen Potion","Noxious Fumes","Cloak And Dagger"],"campfire_rested":1,"item_purchase_floors":[11,11,21,21],"current_hp_per_floor":[59,59,48,48,48,48,44,44,44,26,26,44,44,44,44,44,56,44,27,3,3,0],"gold":2,"neow_bonus":"THREE_ENEMY_KILL","is_prod":false,"is_daily":false,"chose_seed":false,"campfire_upgraded":2,"win_rate":0,"timestamp":1542785283,"path_taken":["M","?","?","M","?","E","M","R","T","?","$","R","?","M","R","BOSS","M","M","?","$","M"],"build_version":"2018-11-15","purchased_purges":0,"victory":false,"max_hp_per_floor":[66,66,66,66,60,60,60,60,60,60,60,60,60,60,60,60,60,60,60,60,60,60],"card_choices":[{"not_picked":["Blade Dance","Endless Agony"],"picked":"Quick Slash","floor":1},{"not_picked":["Quick Slash","Backflip"],"picked":"Well Laid Plans","floor":4},{"not_picked":["Dagger Throw","Concentrate"],"picked":"Poisoned Stab","floor":6},{"not_picked":["Prepared","Bane"],"picked":"Tools of the Trade","floor":7},{"not_picked":["Accuracy","Underhanded Strike","Blade Dance"],"picked":"SKIP","floor":14},{"not_picked":["Blade Dance","Endless Agony"],"picked":"Infinite Blades","floor":18},{"not_picked":["Well Laid Plans","Caltrops"],"picked":"Dash","floor":19}],"player_experience":966672,"relics_obtained":[{"floor":6,"key":"Gremlin Horn"},{"floor":9,"key":"Kunai"}],"event_choices":[{"cards_removed":["Strike_G"],"damage_healed":0,"gold_gain":0,"player_choice":"Card Removal","damage_taken":0,"max_hp_gain":0,"max_hp_loss":0,"event_name":"The Cleric","floor":2,"gold_loss":75},{"damage_healed":0,"gold_gain":75,"player_choice":"Gather Gold","damage_taken":11,"max_hp_gain":0,"max_hp_loss":0,"event_name":"World of Goop","floor":3,"gold_loss":0},{"damage_healed":0,"gold_gain":0,"player_choice":"Lose Max HP","damage_taken":0,"relics_obtained":["Golden Idol"],"max_hp_gain":0,"max_hp_loss":6,"event_name":"Golden Idol","floor":5,"gold_loss":0},{"damage_healed":0,"gold_gain":0,"player_choice":"Entered Light","damage_taken":18,"max_hp_gain":0,"max_hp_loss":0,"event_name":"Shining Light","floor":10,"gold_loss":0,"cards_upgraded":["Defend_G","Defend_G"]},{"damage_healed":0,"gold_gain":0,"player_choice":"Fight","damage_taken":0,"max_hp_gain":0,"max_hp_loss":0,"event_name":"Colosseum","floor":20,"gold_loss":0},{"damage_healed":0,"gold_gain":0,"player_choice":"Fled From Nobs","damage_taken":0,"max_hp_gain":0,"max_hp_loss":0,"event_name":"Colosseum","floor":20,"gold_loss":0}],"is_beta":true,"boss_relics":[{"not_picked":["Fusion Hammer","Empty Cage"],"picked":"Runic Dome"}],"items_purged_floors":[],"is_endless":false,"potions_floor_spawned":[6,16,20],"killed_by":"Sentry and Sphere","ascension_level":20}