{"gold_per_floor":[365,365,390,390,408,443,443,461,486,486,511,511,22,53,53,149,149,163,183,207,207,225,225,268,168,168,191,191,191,191,223,223,301,301,316,316,371,386,396,429,448,467,494,529,311,311,324,324,324,324,324,324,324,12,41,41],"floor_reached":57,"playtime":7060,"items_purged":["Strike_B","Strike_B"],"score":2849,"play_id":"c8818ef4-1be1-497b-b755-d2ab71bd1592","local_time":"20190414154143","is_ascension_mode":true,"campfire_choices":[{"floor":7.0,"key":"REST"},{"data":"Undo","floor":10.0,"key":"SMITH"},{"data":"Barrage","floor":12.0,"key":"SMITH"},{"data":"Static Discharge","floor":15.0,"key":"SMITH"},{"data":"Fission","floor":23.0,"key":"SMITH"},{"data":"Defragment","floor":29.0,"key":"SMITH"},{"data":"Thunder Strike","floor":32.0,"key":"SMITH"},{"floor":46.0,"key":"RECALL"},{"data":"Consume","floor":49.0,"key":"SMITH"},{"data":"Loop","floor":53.0,"key":"SMITH"}],"neow_cost":"TEN_PERCENT_HP_LOSS","seed_source_timestamp":135082024936,"circlet_count":0,"master_deck":["AscendersBane","Defend_B","Defend_B+1","Defend_B","Defend_B","Zap+1","Dualcast","Compile Driver","Electrodynamics","BootSequence","Conserve Battery+1","Undo+1","Barrage+1","Static Discharge+1","Dark Shackles","Thunder Strike+1","Seek","Melter+1","Conserve Battery+1","BootSequence","Fission+1","Defragment+1","Consume+1","Echo Form","Fission","Tempest","Force Field","Go for the Eyes","Loop+1","Echo Form","Reprogram+1","Stack","Loop","Capacitor"],"special_seed":0,"relics":["FrozenCore","Bloody Idol","War Paint","Orichalcum","Runic Capacitor","Oddly Smooth Stone","Runic Pyramid","Happy Flower","Bottled Tornado","Symbiotic Virus","Peace Pipe","Bronze Scales","Centennial Puzzle","Dodecahedron","Medical Kit","Pen Nib","Lantern"],"potions_floor_usage":[56],"damage_taken":[{"damage":2.0,"enemies":"Jaw Worm","floor":1.0,"turns":3.0},{"damage":1.0,"enemies":"Cultist","floor":3.0,"turns":3.0},{"damage":0.0,"enemies":"2 Louse","floor":5.0,"turns":2.0},{"damage":10.0,"enemies":"3 Sentries","floor":6.0,"turns":3.0},{"damage":1.0,"enemies":"Blue Slaver","floor":8.0,"turns":3.0},{"damage":0.0,"enemies":"Looter","floor":11.0,"turns":3.0},{"damage":5.0,"enemies":"Lagavulin","floor":14.0,"turns":7.0},{"damage":9.0,"enemies":"Hexaghost","floor":16.0,"turns":7.0},{"damage":6.0,"enemies":"Shell Parasite","floor":18.0,"turns":6.0},{"damage":0.0,"enemies":"Chosen","floor":19.0,"turns":4.0},{"damage":1.0,"enemies":"3 Cultists","floor":20.0,"turns":3.0},{"damage":0.0,"enemies":"Cultist and Chosen","floor":22.0,"turns":6.0},{"damage":5.0,"enemies":"Book of Stabbing","floor":24.0,"turns":5.0},{"damage":0.0,"enemies":"Centurion and Healer","floor":27.0,"turns":5.0},{"damage":3.0,"enemies":"Slavers","floor":31.0,"turns":3.0},{"damage":2.0,"enemies":"Automaton","floor":33.0,"turns":6.0},{"damage":0.0,"enemies":"Orb Walker","floor":35.0,"turns":4.0},{"damage":2.0,"enemies":"2 Orb Walkers","floor":37.0,"turns":5.0},{"damage":4.0,"enemies":"3 Darklings","floor":38.0,"turns":4.0},{"damage":3.0,"enemies":"Writhing Mass","floor":39.0,"turns":7.0},{"damage":2.0,"enemies":"Giant Head","floor":40.0,"turns":7.0},{"damage":0.0,"enemies":"Maw","floor":41.0,"turns":5.0},{"damage":0.0,"enemies":"4 Shapes","floor":42.0,"turns":7.0},{"damage":0.0,"enemies":"Reptomancer","floor":44.0,"turns":6.0},{"damage":0.0,"enemies":"Transient","floor":47.0,"turns":6.0},{"damage":0.0,"enemies":"Time Eater","floor":50.0,"turns":11.0},{"damage":2.0,"enemies":"Donu and Deca","floor":51.0,"turns":15.0},{"damage":26.0,"enemies":"Shield and Spear","floor":55.0,"turns":6.0},{"damage":40,"enemies":"The Heart","floor":56,"turns":11}],"seed_played":"-1924855059451098611","potions_obtained":[{"floor":3.0,"key":"Explosive Potion"},{"floor":6.0,"key":"Block Potion"},{"floor":11.0,"key":"Ancient Potion"},{"floor":16.0,"key":"GamblersBrew"},{"floor":18.0,"key":"Strength Potion"},{"floor":19.0,"key":"Fire Potion"},{"floor":20.0,"key":"SteroidPotion"},{"floor":40.0,"key":"FearPotion"},{"floor":41.0,"key":"Block Potion"},{"floor":47.0,"key":"FearPotion"},{"floor":48.0,"key":"EntropicBrew"}],"is_trial":false,"path_per_floor":["M","?","M","?","M","E","R","M","T","R","M","R","$","E","R","B",null,"M","M","M","?","M","R","E","$","T","M","?","R","T","E","R","B",null,"M","?","?","M","M","E","M","M","T","E","$","R","M","?","R","B","B",null,"R","$","E","B",null],"character_chosen":"DEFECT","items_purchased":["Runic Capacitor","Static Discharge","Dark Shackles","Medical Kit","Pen Nib","Loop","Weak Potion"],"campfire_rested":1,"item_purchase_floors":[13,13,13,45,54,54,54],"current_hp_per_floor":[62,40,39,39,39,29,48,47,47,47,47,47,47,42,42,33,56,50,50,49,49,49,49,44,44,44,44,44,44,44,46,46,49,60,64,64,64,64,64,64,64,64,64,64,64,64,64,64,64,64,62,64,64,64,43,3],"gold":41,"neow_bonus":"TWO_FIFTY_GOLD","is_prod":false,"is_daily":false,"chose_seed":false,"campfire_upgraded":8,"win_rate":0,"timestamp":1555281703,"path_taken":["M","?","M","?","?","E","R","M","T","R","M","R","$","E","R","BOSS","M","?","M","?","M","R","E","$","T","M","?","R","?","E","R","BOSS","M","?","?","M","M","E","M","M","T","E","?","R","M","?","R","BOSS","BOSS","R","$","E","BOSS"],"build_version":"2019-04-04","purchased_purges":2,"victory":true,"max_hp_per_floor":[64,64,64,64,64,64,64,64,64,64,64,64,64,64,64,64,64,64,64,64,64,64,64,64,64,64,64,64,64,64,64,64,64,64,64,64,64,64,64,64,64,64,64,64,64,64,64,64,64,64,64,64,64,64,64,64],"card_choices":[{"not_picked":["Hologram","Conserve Battery"],"picked":"Compile Driver","floor":1.0},{"not_picked":["Beam Cell","Barrage"],"picked":"Electrodynamics","floor":3.0},{"not_picked":["Sweeping Beam","Auto Shields"],"picked":"BootSequence","floor":5.0},{"not_picked":["Compile Driver","All For One"],"picked":"Conserve Battery","floor":6.0},{"not_picked":["Stack","Tempest"],"picked":"Undo","floor":8.0},{"not_picked":["Leap","Force Field"],"picked":"Barrage","floor":11.0},{"not_picked":["Ball Lightning","Machine Learning"],"picked":"Thunder Strike","floor":14.0},{"not_picked":["Thunder Strike","Rainbow"],"picked":"Seek","floor":16.0},{"not_picked":["Hologram","Ball Lightning"],"picked":"Melter+1","floor":18.0},{"not_picked":["Rebound","Sweeping Beam"],"picked":"Conserve Battery+1","floor":19.0},{"not_picked":["Undo","Static Discharge"],"picked":"BootSequence","floor":20.0},{"not_picked":["Barrage","Blizzard+1"],"picked":"Defragment","floor":22.0},{"not_picked":["Ball Lightning","Fusion"],"picked":"Consume","floor":24.0},{"not_picked":["Conserve Battery","Barrage","Sunder+1"],"picked":"SKIP","floor":27.0},{"not_picked":["Steam Power","All For One"],"picked":"Echo Form","floor":31.0},{"not_picked":["Hyperbeam","All For One"],"picked":"Fission","floor":33.0},{"not_picked":["Gash+1","Hologram","Doom and Gloom"],"picked":"SKIP","floor":35.0},{"not_picked":["Steam","Scrape"],"picked":"Tempest","floor":37.0},{"not_picked":["Redo","Cold Snap","Darkness"],"picked":"SKIP","floor":38.0},{"not_picked":["Compile Driver","Beam Cell"],"picked":"Force Field","floor":39.0},{"not_picked":["Stack","Barrage"],"picked":"Go for the Eyes","floor":40.0},{"not_picked":["Sweeping Beam","Barrage+1"],"picked":"Loop","floor":41.0},{"not_picked":["BootSequence","Loop"],"picked":"Echo Form","floor":42.0},{"not_picked":["Chill","Gash"],"picked":"Reprogram+1","floor":44.0},{"not_picked":["Cold Snap","Hologram"],"picked":"Stack","floor":47.0},{"not_picked":["Leap+1","Echo Form"],"picked":"Capacitor","floor":55.0}],"player_experience":1460507,"relics_obtained":[{"floor":6.0,"key":"War Paint"},{"floor":9.0,"key":"Orichalcum"},{"floor":14.0,"key":"Oddly Smooth Stone"},{"floor":24.0,"key":"Happy Flower"},{"floor":26.0,"key":"Bottled Tornado"},{"floor":31.0,"key":"Symbiotic Virus"},{"floor":37.0,"key":"Peace Pipe"},{"floor":40.0,"key":"Bronze Scales"},{"floor":43.0,"key":"Centennial Puzzle"},{"floor":44.0,"key":"Dodecahedron"},{"floor":55.0,"key":"Lantern"}],"event_choices":[{"damage_healed":0.0,"max_hp_gain":0.0,"max_hp_loss":0.0,"gold_gain":0.0,"event_name":"Golden Idol","player_choice":"Take Damage","floor":2.0,"gold_loss":0.0,"damage_taken":22.0,"relics_obtained":["Golden Idol"]},{"damage_healed":0.0,"max_hp_gain":0.0,"max_hp_loss":0.0,"gold_gain":0.0,"event_name":"Upgrade Shrine","player_choice":"Upgraded","floor":4.0,"gold_loss":0.0,"damage_taken":0.0,"cards_upgraded":["Zap"]},{"damage_healed":0.0,"max_hp_gain":0.0,"max_hp_loss":0.0,"gold_gain":0.0,"cards_transformed":["Strike_B","Strike_B"],"event_name":"Drug Dealer","player_choice":"Became Test Subject","floor":21.0,"gold_loss":0.0,"damage_taken":0.0,"cards_obtained":["Fission","Sweeping Beam"]},{"damage_healed":0.0,"max_hp_gain":0.0,"max_hp_loss":0.0,"gold_gain":0.0,"event_name":"Forgotten Altar","player_choice":"Gave Idol","floor":28.0,"relics_lost":["Golden Idol"],"gold_loss":0.0,"damage_taken":0.0,"relics_obtained":["Bloody Idol"]},{"cards_removed":["Sweeping Beam"],"damage_healed":0.0,"max_hp_gain":0.0,"max_hp_loss":0.0,"gold_gain":0.0,"event_name":"Falling","player_choice":"Removed Attack","floor":36.0,"gold_loss":0.0,"damage_taken":0.0},{"damage_healed":0.0,"max_hp_gain":0.0,"max_hp_loss":0.0,"gold_gain":0.0,"event_name":"Mysterious Sphere","player_choice":"Fight","floor":37.0,"gold_loss":0.0,"damage_taken":0.0},{"damage_healed":0.0,"max_hp_gain":0.0,"max_hp_loss":0.0,"gold_gain":0.0,"event_name":"Lab","player_choice":"Got Potions","floor":48.0,"gold_loss":0.0,"damage_taken":0.0}],"is_beta":true,"boss_relics":[{"not_picked":["Philosopher\u0027s Stone","Pandora\u0027s Box"],"picked":"Runic Pyramid"},{"not_picked":["Tiny House","Coffee Dripper"],"picked":"FrozenCore"}],"items_purged_floors":[13,25],"is_endless":false,"potions_floor_spawned":[3,6,11,16,18,19,20,24,40,41,42,47],"ascension_level":20}