{"gold_per_floor":[119,137,148,148,163,20,20,55,102,142,142,142,142,166,166,296,296,311,311,311,330,351,382,382,402,448,254,290,0,19,19],"floor_reached":31,"playtime":6327,"items_purged":["Normality"],"score":285,"play_id":"a9a175fc-924f-4d54-ae9a-d9e9ceb1be7a","local_time":"20190228231805","is_ascension_mode":false,"campfire_choices":[{"data":"Footwork","floor":11,"key":"SMITH"},{"data":"Dodge and Roll","floor":13,"key":"SMITH"},{"data":"Noxious Fumes","floor":15,"key":"SMITH"},{"data":"Noxious Fumes","floor":24,"key":"SMITH"}],"neow_cost":"CURSE","seed_source_timestamp":100512367688136,"circlet_count":0,"master_deck":["Survivor","Neutralize","Bullet Time","Blur+1","Sucker Punch","Deadly Poison","Dagger Spray","Footwork+1","All Out Attack","Dodge and Roll+1","Burst","Noxious Fumes+1","After Image","Crippling Poison","Unload+1","Poisoned Stab","Burst","Choke","Quick Slash","Dodge and Roll","Skewer","Footwork","Noxious Fumes+1","Flechettes+1","Terror","Caltrops+1","Bouncing Flask","Corpse Explosion","Catalyst","Corpse Explosion","Deadly Poison"],"relics":["Ring of the Snake","Golden Idol","Mummified Hand","PreservedInsect","Smiling Mask","Pandora\u0027s Box","Snake Skull","Incense Burner","Whetstone","Ancient Tea Set"],"potions_floor_usage":[8,8,8,16,22,22,23],"damage_taken":[{"damage":0,"enemies":"Small Slimes","floor":1,"turns":6},{"damage":0,"enemies":"Cultist","floor":2,"turns":5},{"damage":3,"enemies":"Jaw Worm","floor":3,"turns":5},{"damage":0,"enemies":"3 Louse","floor":5,"turns":3},{"damage":1,"enemies":"Lagavulin","floor":8,"turns":7},{"damage":9,"enemies":"3 Sentries","floor":10,"turns":6},{"damage":0,"enemies":"Blue Slaver","floor":14,"turns":4},{"damage":12,"enemies":"Slime Boss","floor":16,"turns":11},{"damage":0,"enemies":"Chosen","floor":18,"turns":5},{"damage":3,"enemies":"Shell Parasite","floor":21,"turns":7},{"damage":5,"enemies":"Shelled Parasite and Fungi","floor":22,"turns":5},{"damage":17,"enemies":"Gremlin Leader","floor":23,"turns":5},{"damage":0,"enemies":"Sentry and Sphere","floor":25,"turns":3},{"damage":18,"enemies":"Slavers","floor":28,"turns":2},{"damage":9,"enemies":"Cultist and Chosen","floor":30,"turns":4},{"damage":18,"enemies":"Colosseum Slavers","floor":31,"turns":1}],"seed_played":"5592385868711754059","potions_obtained":[{"floor":2,"key":"FearPotion"},{"floor":4,"key":"SkillPotion"},{"floor":4,"key":"Block Potion"},{"floor":8,"key":"Swift Potion"},{"floor":14,"key":"Dexterity Potion"},{"floor":16,"key":"EssenceOfSteel"},{"floor":21,"key":"Weak Potion"},{"floor":23,"key":"Dexterity Potion"},{"floor":28,"key":"Strength Potion"}],"is_trial":false,"path_per_floor":["M","M","M","?","M","$","?","E","T","E","R","?","R","M","R","B",null,"M","?","?","M","M","E","R","M","T","$","E","$","M","?"],"character_chosen":"THE_SILENT","items_purchased":["All Out Attack","Corpse Explosion","Catalyst","Whetstone","Ancient Tea Set"],"campfire_rested":0,"item_purchase_floors":[6,27,27,29,29],"current_hp_per_floor":[70,70,67,67,67,67,65,64,64,55,55,55,55,55,55,43,65,65,65,65,62,57,40,40,40,40,40,22,22,13,0],"gold":19,"neow_bonus":"TRANSFORM_TWO_CARDS","is_prod":false,"is_daily":false,"chose_seed":false,"campfire_upgraded":4,"win_rate":0,"timestamp":1551413885,"path_taken":["M","M","M","?","?","$","?","E","T","E","R","?","R","M","R","BOSS","M","?","?","M","M","E","R","M","T","?","E","$","?","?"],"build_version":"2019-01-23","purchased_purges":1,"victory":false,"max_hp_per_floor":[70,70,70,70,70,70,65,65,65,65,65,65,65,65,65,65,65,65,65,65,65,65,65,65,65,65,65,65,65,65,65],"card_choices":[{"not_picked":["Leg Sweep","Dagger Throw"],"picked":"Sucker Punch","floor":1},{"not_picked":["Acrobatics","Slice"],"picked":"Deadly Poison","floor":2},{"not_picked":["Deflect","Quick Slash"],"picked":"Dagger Spray","floor":3},{"not_picked":["Backflip","Acrobatics"],"picked":"Footwork","floor":5},{"not_picked":["Flying Knee","Well Laid Plans"],"picked":"Dodge and Roll","floor":8},{"not_picked":["Sucker Punch","Distraction"],"picked":"Burst","floor":10},{"not_picked":["Flying Knee","Outmaneuver"],"picked":"Noxious Fumes","floor":14},{"not_picked":["Wraith Form v2","Venomology"],"picked":"After Image","floor":16},{"not_picked":["Deadly Poison","Escape Plan+1"],"picked":"Footwork","floor":18},{"not_picked":["Crippling Poison","PiercingWail"],"picked":"Flechettes","floor":21},{"not_picked":["Poisoned Stab","Sucker Punch+1"],"picked":"Terror","floor":22},{"not_picked":["Heel Hook","Deflect"],"picked":"Caltrops+1","floor":23},{"not_picked":["Footwork","Reflex"],"picked":"Bouncing Flask","floor":25},{"not_picked":["Cloak And Dagger","Storm of Steel"],"picked":"Corpse Explosion","floor":28},{"not_picked":["Dash","Leg Sweep+1"],"picked":"Deadly Poison","floor":30}],"player_experience":613475,"relics_obtained":[{"floor":8,"key":"Mummified Hand"},{"floor":9,"key":"PreservedInsect"},{"floor":10,"key":"Smiling Mask"},{"floor":23,"key":"Snake Skull"},{"floor":28,"key":"Incense Burner"}],"event_choices":[{"damage_healed":0,"gold_gain":0,"player_choice":"Got Potions","damage_taken":0,"max_hp_gain":0,"max_hp_loss":0,"event_name":"Lab","floor":4,"gold_loss":0},{"damage_healed":0,"gold_gain":0,"player_choice":"Lose Max HP","damage_taken":0,"relics_obtained":["Golden Idol"],"max_hp_gain":0,"max_hp_loss":5,"event_name":"Golden Idol","floor":7,"gold_loss":0},{"damage_healed":0,"gold_gain":0,"player_choice":"Grow","damage_taken":0,"max_hp_gain":0,"max_hp_loss":0,"event_name":"Living Wall","floor":12,"gold_loss":0,"cards_upgraded":["Blur"]},{"damage_healed":0,"gold_gain":0,"player_choice":"Ignored","damage_taken":0,"max_hp_gain":0,"max_hp_loss":0,"event_name":"Beggar","floor":19,"gold_loss":0},{"damage_healed":0,"gold_gain":0,"player_choice":"Read","damage_taken":0,"max_hp_gain":0,"max_hp_loss":0,"event_name":"The Library","floor":20,"gold_loss":0,"cards_obtained":["Noxious Fumes"]},{"damage_healed":0,"gold_gain":0,"player_choice":"Fight","damage_taken":0,"max_hp_gain":0,"max_hp_loss":0,"event_name":"Colosseum","floor":31,"gold_loss":0}],"is_beta":false,"boss_relics":[{"not_picked":["Orrery","White Beast Statue"],"picked":"Pandora\u0027s Box"}],"items_purged_floors":[6],"is_endless":false,"potions_floor_spawned":[2,8,14,16,21,23,28],"killed_by":"Colosseum Slavers","ascension_level":0}