{"gold_per_floor":[112,112,26,38,38,38,51,16,16,16,16,37,37,71,71,170,170,191,81,94,114,133,133,172,172],"floor_reached":25,"playtime":911,"items_purged":[],"score":442,"play_id":"e7e77bcf-6f6b-42af-b087-f167ed45a208","local_time":"20190422165955","is_ascension_mode":true,"campfire_choices":[{"data":"Zap","floor":6,"key":"SMITH"},{"data":"Go for the Eyes","floor":11,"key":"SMITH"},{"data":"Ball Lightning","floor":13,"key":"SMITH"},{"data":"Hologram","floor":15,"key":"SMITH"},{"data":"Static Discharge","floor":23,"key":"SMITH"}],"neow_cost":"NONE","seed_source_timestamp":945007171780888,"circlet_count":0,"master_deck":["AscendersBane","Strike_B","Strike_B","Defend_B","Defend_B+1","Defend_B","Defend_B","Zap+1","Dualcast","Conserve Battery","Defragment+1","Ball Lightning+1","Go for the Eyes+1","Cold Snap+1","Hologram+1","Thunder Strike+1","Hologram+1","Ball Lightning+1","Static Discharge+1"],"relics":["Cracked Core","Omamori","Golden Idol","Molten Egg 2","Singing Bowl","Sozu","Prayer Wheel"],"potions_floor_usage":[14,16],"damage_taken":[{"damage":3,"enemies":"2 Louse","floor":1,"turns":2},{"damage":9,"enemies":"Small Slimes","floor":4,"turns":4},{"damage":1,"enemies":"Cultist","floor":7,"turns":3},{"damage":12,"enemies":"Lots of Slimes","floor":12,"turns":3},{"damage":4,"enemies":"Gremlin Nob","floor":14,"turns":3},{"damage":12,"enemies":"Hexaghost","floor":16,"turns":9},{"damage":0,"enemies":"Spheric Guardian","floor":18,"turns":3},{"damage":2,"enemies":"3 Byrds","floor":20,"turns":4},{"damage":19,"enemies":"Snake Plant","floor":21,"turns":4},{"damage":6,"enemies":"Centurion and Healer","floor":22,"turns":6},{"damage":24,"enemies":"Gremlin Leader","floor":24,"turns":4},{"damage":10,"enemies":"Cultist and Chosen","floor":25,"turns":3}],"seed_played":"-94467034838049342","potions_obtained":[{"floor":7,"key":"GamblersBrew"},{"floor":14,"key":"PowerPotion"}],"is_trial":false,"path_per_floor":["M","?","$","M","?","R","M","?","T","?","R","M","R","E","R","B",null,"M","?","M","M","M","R","E","M"],"character_chosen":"DEFECT","items_purchased":["Defragment"],"campfire_rested":0,"item_purchase_floors":[3],"current_hp_per_floor":[61,54,54,45,45,45,44,60,60,60,60,48,48,44,44,32,56,56,56,54,37,31,31,9,0],"gold":172,"neow_bonus":"RANDOM_COMMON_RELIC","is_prod":false,"is_daily":false,"chose_seed":false,"campfire_upgraded":5,"win_rate":0,"timestamp":1555966795,"path_taken":["M","?","$","M","?","R","M","?","T","?","R","M","R","E","R","BOSS","M","?","M","M","?","R","E","M"],"build_version":"2019-01-23","purchased_purges":0,"victory":false,"max_hp_per_floor":[71,71,71,71,64,64,64,64,64,64,64,64,64,64,64,64,64,64,64,64,66,66,66,68,68],"card_choices":[{"not_picked":["Steam","Stack"],"picked":"Conserve Battery","floor":1},{"not_picked":["Leap","Lockon"],"picked":"Ball Lightning","floor":4},{"not_picked":["Stack","Steam"],"picked":"Go for the Eyes","floor":7},{"not_picked":["Gash+1","Creative AI"],"picked":"Cold Snap+1","floor":12},{"not_picked":["Coolheaded","Beam Cell+1"],"picked":"Hologram","floor":14},{"not_picked":["Hyperbeam+1","Reboot"],"picked":"Thunder Strike+1","floor":16},{"not_picked":["Lockon+1","Turbo"],"picked":"Hologram+1","floor":18},{"not_picked":["Undo","Aggregate"],"picked":"Ball Lightning+1","floor":20},{"not_picked":["Streamline+1","Coolheaded","Go for the Eyes+1"],"picked":"Singing Bowl","floor":21},{"not_picked":["Skim","Steam"],"picked":"Static Discharge","floor":22},{"not_picked":["Go for the Eyes+1","Conserve Battery","Turbo"],"picked":"Singing Bowl","floor":24}],"player_experience":1873311,"relics_obtained":[{"floor":9,"key":"Molten Egg 2"},{"floor":14,"key":"Singing Bowl"},{"floor":24,"key":"Prayer Wheel"}],"event_choices":[{"cards_removed":["Strike_B"],"damage_healed":0,"gold_gain":0,"player_choice":"Card Removal","damage_taken":7,"max_hp_gain":0,"max_hp_loss":0,"event_name":"Golden Wing","floor":2,"gold_loss":0},{"damage_healed":0,"gold_gain":0,"player_choice":"Lose Max HP","damage_taken":0,"relics_obtained":["Golden Idol"],"max_hp_gain":0,"max_hp_loss":7,"event_name":"Golden Idol","floor":5,"gold_loss":0},{"damage_healed":16,"gold_gain":0,"player_choice":"Healed","damage_taken":0,"max_hp_gain":0,"max_hp_loss":0,"event_name":"The Cleric","floor":8,"gold_loss":35},{"damage_healed":0,"gold_gain":0,"player_choice":"Grow","damage_taken":0,"max_hp_gain":0,"max_hp_loss":0,"event_name":"Living Wall","floor":10,"gold_loss":0,"cards_upgraded":["Defragment"]},{"cards_removed":["Strike_B"],"damage_healed":0,"gold_gain":0,"player_choice":"Upgrade and Remove","damage_taken":0,"max_hp_gain":0,"max_hp_loss":0,"event_name":"Designer","floor":19,"gold_loss":110,"cards_upgraded":["Defend_B"]}],"is_beta":false,"boss_relics":[{"not_picked":["Calling Bell","Tiny House"],"picked":"Sozu"}],"items_purged_floors":[],"is_endless":false,"potions_floor_spawned":[7,14,18,24],"killed_by":"Cultist and Chosen","ascension_level":20}