{"path_per_floor":["M","M","?","?","M","R","?","R","T","R","E","$","M","$","R","B",null,"M","?","?","M","$","R","?","R","T","$","?","M","M","M","R"],"character_chosen":"DEFECT","items_purchased":["FTL","Go for the Eyes","Sunder","Static Discharge","Capacitor"],"gold_per_floor":[111,129,129,129,149,149,149,149,149,149,180,53,69,30,30,159,159,177,177,177,195,126,126,126,126,126,73,73,89,113,127,127,127],"floor_reached":33,"campfire_rested":1,"playtime":1003,"current_hp_per_floor":[52,50,50,50,50,50,55,55,55,55,35,35,35,35,35,17,60,53,53,37,35,35,35,35,35,35,35,60,39,21,17,40,0],"items_purged":[],"gold":127,"score":365,"play_id":"8a729a3e-cf9a-4846-be16-c1ae728beb98","local_time":"20180505121156","is_prod":false,"is_daily":false,"chose_seed":false,"is_ascension_mode":true,"campfire_upgraded":6,"timestamp":1525547516,"path_taken":["M","M","?","?","M","R","?","R","T","R","E","$","M","?","R","BOSS","M","?","?","?","$","R","?","R","T","$","?","?","M","M","R","BOSS"],"build_version":"2018-05-03","seed_source_timestamp":416586070361675,"purchased_purges":0,"victory":false,"master_deck":["Strike_B","Strike_B","Strike_B","Strike_B","Defend_B","Defend_B","Defend_B","Defend_B","Zap+1","Dualcast+1","Leap","Leap","Leap","Impulse+1","Ball Lightning","FTL","Go for the Eyes+1","Ball Lightning","Sunder","All For One","Stack+1","Static Discharge+1","Capacitor","Ball Lightning","Leap"],"max_hp_per_floor":[75,75,69,69,69,69,74,74,74,74,74,74,74,74,74,74,74,76,76,76,76,76,76,76,76,76,76,76,76,76,78,78,78],"relics":["Cracked Core","Golden Idol","Singing Bowl","Question Card","Nuclear Battery","Nilry\u0027s Codex","Bottled Tornado"],"card_choices":[{"not_picked":["White Noise","Coolheaded"],"picked":"Leap","floor":0},{"not_picked":["Rip and Tear","Streamline"],"picked":"Leap","floor":1},{"not_picked":["Blizzard","Capacitor"],"picked":"Leap","floor":2},{"not_picked":["Skim","Rebound"],"picked":"Impulse","floor":5},{"not_picked":["Sweeping Beam","Multi-Cast"],"picked":"Ball Lightning","floor":11},{"not_picked":["Beam Cell","Lockon","Rebound"],"picked":"Ball Lightning","floor":13},{"not_picked":["Fusion","Redo","Fission"],"picked":"All For One","floor":16},{"not_picked":["Skim","Axe Kick","Impulse"],"picked":"Stack","floor":21},{"not_picked":["Beam Cell","Heatsinks","Turbo"],"picked":"Ball Lightning","floor":29},{"not_picked":["Fission","Lockon","Axe Kick"],"picked":"Leap","floor":30}],"player_experience":578974,"potions_floor_usage":[21,29,33,33],"damage_taken":[{"damage":16,"enemies":"Small Slimes","floor":1,"turns":5},{"damage":2,"enemies":"Jaw Worm","floor":2,"turns":5},{"damage":0,"enemies":"2 Louse","floor":5,"turns":3},{"damage":20,"enemies":"Lagavulin","floor":11,"turns":8},{"damage":0,"enemies":"Red Slaver","floor":13,"turns":3},{"damage":18,"enemies":"The Guardian","floor":16,"turns":12},{"damage":9,"enemies":"Shell Parasite","floor":18,"turns":5},{"damage":2,"enemies":"Spheric Guardian","floor":21,"turns":3},{"damage":21,"enemies":"Slaver and Parasite","floor":29,"turns":4},{"damage":18,"enemies":"Snake Plant","floor":30,"turns":3},{"damage":6,"enemies":"Chosen and Byrds","floor":31,"turns":2},{"damage":50,"enemies":"Automaton","floor":33,"turns":8}],"event_choices":[{"event_name":"Golden Idol","player_choice":"Lose Max HP","floor":3,"damage_taken":0},{"event_name":"Liars Game","player_choice":"disagreed","floor":4,"damage_taken":0},{"event_name":"Big Fish","player_choice":"Donut","floor":7,"damage_taken":0},{"event_name":"Match and Keep!","player_choice":"0 cards matched","floor":19,"damage_taken":0},{"event_name":"Cursed Tome","player_choice":"Obtained Book","floor":20,"damage_taken":0},{"event_name":"Drug Dealer","player_choice":"Ignored","floor":24,"damage_taken":0},{"event_name":"The Library","player_choice":"Heal","floor":28,"damage_taken":0}],"boss_relics":[{"not_picked":["Ectoplasm","Lizard Tail"],"picked":"Nuclear Battery"}],"potions_floor_spawned":[1,5,21,29],"seed_played":"-2738833218446244051","killed_by":"Automaton","ascension_level":8,"is_trial":false}