{"gold_per_floor":[114,114,114,125,125,154,170,170,170,24,24,44,44,73,73,73],"floor_reached":16,"playtime":348,"items_purged":["Strike_R"],"score":233,"play_id":"ad6497cd-62ad-4c50-8b8a-1bcf992b986a","local_time":"20181109142522","is_ascension_mode":true,"campfire_choices":[{"data":"Bash","floor":11,"key":"SMITH"},{"data":"True Grit","floor":15,"key":"SMITH"}],"neow_cost":"NONE","seed_source_timestamp":493355500970557,"circlet_count":0,"master_deck":["AscendersBane","Strike_R","Strike_R","Defend_R","Defend_R+1","Defend_R","Defend_R+1","Bash+1","Headbutt","True Grit+1","Uppercut","Flex","Havoc","Armaments","Clothesline","Feel No Pain"],"relics":["Burning Blood","NeowsBlessing","NlothsMask","War Paint","Bird Faced Urn"],"potions_floor_usage":[14,16],"damage_taken":[{"damage":0,"enemies":"Small Slimes","floor":1,"turns":1},{"damage":0,"enemies":"2 Louse","floor":4,"turns":1},{"damage":0,"enemies":"Lagavulin","floor":6,"turns":1},{"damage":0,"enemies":"Cultist","floor":7,"turns":3},{"damage":2,"enemies":"Large Slime","floor":12,"turns":6},{"damage":30,"enemies":"Gremlin Nob","floor":14,"turns":4},{"damage":56,"enemies":"Hexaghost","floor":16,"turns":14}],"seed_played":"-4849150596160513344","potions_obtained":[{"floor":1,"key":"PowerPotion"},{"floor":6,"key":"Block Potion"}],"is_trial":false,"path_per_floor":["M","?","?","M","?","E","M","?","T","$","R","M","?","E","R","B"],"character_chosen":"IRONCLAD","items_purchased":["Havoc","Armaments"],"campfire_rested":0,"item_purchase_floors":[10,10],"current_hp_per_floor":[74,79,79,80,80,80,80,73,73,73,73,77,77,53,53,0],"gold":73,"neow_bonus":"THREE_ENEMY_KILL","is_prod":false,"is_daily":false,"chose_seed":false,"campfire_upgraded":2,"win_rate":0,"timestamp":1541798722,"path_taken":["M","?","?","?","?","E","?","?","T","$","R","M","?","E","R","BOSS"],"build_version":"2018-11-08","purchased_purges":1,"victory":false,"max_hp_per_floor":[75,80,80,80,80,80,80,80,80,80,80,80,80,80,80,80],"card_choices":[{"not_picked":["Flex","Fire Breathing"],"picked":"Headbutt","floor":1},{"not_picked":["Evolve","Flame Barrier"],"picked":"True Grit","floor":4},{"not_picked":["Dropkick","Heavy Blade"],"picked":"Uppercut","floor":6},{"not_picked":["Wild Strike","Fire Breathing"],"picked":"Flex","floor":7},{"not_picked":["Pommel Strike","Sever Soul"],"picked":"Clothesline","floor":12},{"not_picked":["Inflame","Sentinel"],"picked":"Feel No Pain","floor":14}],"player_experience":959688,"relics_obtained":[{"floor":6,"key":"War Paint"},{"floor":14,"key":"Bird Faced Urn"}],"event_choices":[{"damage_healed":0,"gold_gain":0,"player_choice":"Donut","damage_taken":0,"max_hp_gain":5,"max_hp_loss":0,"event_name":"Big Fish","floor":2,"gold_loss":0},{"damage_healed":0,"gold_gain":0,"player_choice":"Trade","damage_taken":0,"relics_obtained":["NlothsMask"],"max_hp_gain":0,"max_hp_loss":0,"event_name":"FaceTrader","floor":3,"gold_loss":0},{"cards_removed":["Strike_R"],"damage_healed":0,"gold_gain":0,"player_choice":"Card Removal","damage_taken":0,"max_hp_gain":0,"max_hp_loss":0,"event_name":"Wheel of Change","floor":5,"gold_loss":0},{"cards_removed":["Strike_R"],"damage_healed":0,"gold_gain":0,"player_choice":"Card Removal","damage_taken":7,"max_hp_gain":0,"max_hp_loss":0,"event_name":"Golden Wing","floor":8,"gold_loss":0},{"damage_healed":0,"gold_gain":0,"player_choice":"Leave","damage_taken":0,"max_hp_gain":0,"max_hp_loss":0,"event_name":"The Cleric","floor":13,"gold_loss":0}],"is_beta":true,"boss_relics":[],"items_purged_floors":[10],"is_endless":false,"potions_floor_spawned":[1,6,7],"killed_by":"Hexaghost","ascension_level":15}