{"path_per_floor":["M","M","?","?","?","R","E","R","T","R","M","M","M","M","R","B",null,"M","$"],"character_chosen":"IRONCLAD","items_purchased":["Barricade","Pen Nib"],"gold_per_floor":[12,30,105,105,105,105,134,134,134,134,150,168,183,193,193,297,297,316,5],"floor_reached":20,"campfire_rested":0,"playtime":877,"current_hp_per_floor":[76,70,59,59,64,64,45,45,45,45,44,42,37,38,38,11,64,45,45],"items_purged":[],"gold":5,"score":261,"play_id":"3cdd8798-380d-40e0-8aaf-0960a0f86681","local_time":"20180317143215","is_prod":false,"is_daily":false,"is_ascension_mode":true,"campfire_upgraded":4,"timestamp":1521311535,"path_taken":["M","M","?","?","?","R","E","R","T","R","M","?","M","M","R","BOSS","M","$","M"],"build_version":"2018-03-15v2","purchased_purges":1,"victory":false,"master_deck":["Strike_R","Strike_R","Strike_R","Strike_R","Strike_R","Defend_R","Defend_R","Defend_R","Defend_R","Bash","Immolate","Body Slam+1","Juggernaut+1","Body Slam+1","Metallicize","Evolve","True Grit+1","Fiend Fire","Armaments+1","Barricade"],"max_hp_per_floor":[80,80,80,77,82,82,82,82,82,82,82,82,82,82,82,82,82,82,82],"relics":["Burning Blood","Self Forming Clay","Unceasing Top","Philosopher\u0027s Stone","Pen Nib"],"card_choices":[{"not_picked":["Demon Form","Juggernaut"],"picked":"Immolate"},{"not_picked":["Warcry","Entrench"],"picked":"Body Slam"},{"not_picked":["Sword Boomerang","Battle Trance"],"picked":"Juggernaut"},{"not_picked":["Wild Strike","Power Through"],"picked":"Body Slam"},{"not_picked":["Perfected Strike","Clash"],"picked":"Metallicize"},{"not_picked":["Warcry","Pummel"],"picked":"Evolve"},{"not_picked":["Whirlwind","Seeing Red"],"picked":"True Grit"},{"not_picked":["Brutality","Double Tap"],"picked":"Fiend Fire"},{"not_picked":["Havoc","Thunderclap"],"picked":"Armaments"}],"player_experience":538725,"potions_floor_usage":[13,16,18,20],"damage_taken":[{"damage":2,"enemies":"2 Louse","floor":1,"turns":2},{"damage":12,"enemies":"Small Slimes","floor":2,"turns":4},{"damage":25,"enemies":"3 Sentries","floor":7,"turns":9},{"damage":7,"enemies":"Jaw Worm","floor":11,"turns":3},{"damage":8,"enemies":"Large Slime","floor":12,"turns":6},{"damage":11,"enemies":"3 Louse","floor":13,"turns":4},{"damage":5,"enemies":"2 Fungi Beasts","floor":14,"turns":5},{"damage":33,"enemies":"Slime Boss","floor":16,"turns":10},{"damage":25,"enemies":"Shell Parasite","floor":18,"turns":6},{"damage":59,"enemies":"3 Byrds","floor":20,"turns":4}],"event_choices":[{"event_name":"World of Goop","player_choice":"Gather Gold","floor":3,"damage_taken":0},{"event_name":"Living Wall","player_choice":"Forget","floor":4,"damage_taken":0},{"event_name":"Big Fish","player_choice":"Donut","floor":5,"damage_taken":0}],"boss_relics":[{"not_picked":["Black Blood","Question Card"],"picked":"Philosopher\u0027s Stone"}],"potions_floor_spawned":[11,14,16,18],"seed_played":"-8629692813580900741","killed_by":"3 Byrds","ascension_level":10,"is_trial":false}