{"gold_per_floor":[210,228,228,25,49,49,88,88,164,208,208,252,212,212,212,306,306,321,321,321,371,286,286],"floor_reached":23,"playtime":1216,"items_purged":[],"score":406,"play_id":"2a1e9c2a-00d0-492a-b89e-cbc8d122b02b","local_time":"20190505040323","is_ascension_mode":true,"campfire_choices":[{"data":"Zap","floor":6,"key":"SMITH"},{"floor":15,"key":"REST"}],"neow_cost":"NONE","seed_source_timestamp":1072422655932085,"circlet_count":0,"master_deck":["AscendersBane","Strike_B","Strike_B","Strike_B","Strike_B","Defend_B","Defend_B","Defend_B","Defend_B","Zap+1","Dualcast","FTL","Glacier","Reinforced Body","Compile Driver","Hologram","Steam","Creative AI+1","Chill","Electrodynamics","Barrage+1"],"relics":["Cracked Core","Golden Idol","Omamori","Juzu Bracelet","Tiny Chest","Dodecahedron","Cables","WarpedTongs","Philosopher\u0027s Stone","Mercury Hourglass","Nilry\u0027s Codex","Bag of Marbles"],"potions_floor_usage":[7,10,12,16,23,23],"damage_taken":[{"damage":11,"enemies":"Small Slimes","floor":1,"turns":3},{"damage":2,"enemies":"Jaw Worm","floor":2,"turns":3},{"damage":0,"enemies":"Cultist","floor":5,"turns":3},{"damage":11,"enemies":"Lagavulin","floor":7,"turns":6},{"damage":21,"enemies":"Gremlin Nob","floor":10,"turns":4},{"damage":2,"enemies":"Lagavulin","floor":12,"turns":9},{"damage":13,"enemies":"Hexaghost","floor":16,"turns":9},{"damage":19,"enemies":"Chosen","floor":18,"turns":5},{"damage":19,"enemies":"Gremlin Leader","floor":23,"turns":2}],"seed_played":"-461422839095014520","potions_obtained":[{"floor":1,"key":"Block Potion"},{"floor":5,"key":"Poison Potion"},{"floor":7,"key":"SpeedPotion"},{"floor":13,"key":"LiquidBronze"},{"floor":13,"key":"SkillPotion"},{"floor":18,"key":"Energy Potion"}],"is_trial":false,"path_per_floor":["M","M","?","$","M","R","E","?","T","E","?","E","?","?","R","B",null,"M","T","?","?","?","E"],"character_chosen":"DEFECT","items_purchased":["Omamori","Reinforced Body"],"campfire_rested":1,"item_purchase_floors":[4,4],"current_hp_per_floor":[53,51,51,51,51,51,40,40,40,19,19,17,17,17,36,23,54,35,35,14,14,14,0],"gold":286,"neow_bonus":"HUNDRED_GOLD","is_prod":false,"is_daily":false,"chose_seed":false,"campfire_upgraded":1,"win_rate":0,"timestamp":1557043403,"path_taken":["M","M","?","$","M","R","E","?","T","E","?","E","?","?","R","BOSS","M","?","?","?","?","E"],"build_version":"2019-01-23","purchased_purges":0,"victory":false,"max_hp_per_floor":[71,71,64,64,64,64,64,64,64,64,64,64,64,64,64,64,64,64,64,64,64,64,64],"card_choices":[{"not_picked":["Conserve Battery","Compile Driver"],"picked":"FTL","floor":1},{"not_picked":["Stack","Redo"],"picked":"Glacier","floor":2},{"not_picked":["Aggregate","Conserve Battery"],"picked":"Compile Driver","floor":5},{"not_picked":["Go for the Eyes","Coolheaded"],"picked":"Hologram","floor":7},{"not_picked":["Amplify","White Noise"],"picked":"Creative AI","floor":10},{"not_picked":["Barrage","Go for the Eyes"],"picked":"Chill","floor":12},{"not_picked":["Amplify","Thunder Strike"],"picked":"Electrodynamics","floor":16},{"not_picked":["Beam Cell+1","Redo+1"],"picked":"Barrage+1","floor":18}],"player_experience":2376790,"relics_obtained":[{"floor":7,"key":"Juzu Bracelet"},{"floor":9,"key":"Tiny Chest"},{"floor":10,"key":"Dodecahedron"},{"floor":12,"key":"Cables"},{"floor":19,"key":"Mercury Hourglass"},{"floor":20,"key":"Nilry\u0027s Codex"}],"event_choices":[{"damage_healed":0,"gold_gain":0,"player_choice":"Lose Max HP","damage_taken":0,"relics_obtained":["Golden Idol"],"max_hp_gain":0,"max_hp_loss":7,"event_name":"Golden Idol","floor":3,"gold_loss":0},{"damage_healed":0,"gold_gain":0,"player_choice":"1 cards matched","damage_taken":0,"max_hp_gain":0,"max_hp_loss":0,"event_name":"Match and Keep!","floor":8,"gold_loss":0,"cards_obtained":["Steam"]},{"damage_healed":0,"gold_gain":0,"player_choice":"Grow","damage_taken":0,"max_hp_gain":0,"max_hp_loss":0,"event_name":"Living Wall","floor":11,"gold_loss":0,"cards_upgraded":["Creative AI"]},{"damage_healed":0,"gold_gain":0,"player_choice":"Bought 3 Potions","damage_taken":0,"max_hp_gain":0,"max_hp_loss":0,"event_name":"The Woman in Blue","floor":13,"gold_loss":0},{"damage_healed":0,"gold_gain":0,"player_choice":"Rummage","damage_taken":0,"relics_obtained":["WarpedTongs"],"max_hp_gain":0,"max_hp_loss":0,"event_name":"Accursed Blacksmith","floor":14,"gold_loss":0,"cards_obtained":["Pain"]},{"damage_healed":0,"gold_gain":0,"player_choice":"Obtained Book","damage_taken":21,"max_hp_gain":0,"max_hp_loss":0,"event_name":"Cursed Tome","floor":20,"gold_loss":0},{"damage_healed":0,"gold_gain":50,"player_choice":"Stole From Cult","damage_taken":0,"max_hp_gain":0,"max_hp_loss":0,"event_name":"Nest","floor":21,"gold_loss":0},{"damage_healed":0,"gold_gain":0,"player_choice":"Obtained Relic","damage_taken":0,"relics_obtained":["Bag of Marbles"],"max_hp_gain":0,"max_hp_loss":0,"event_name":"Addict","floor":22,"gold_loss":85}],"is_beta":false,"boss_relics":[{"not_picked":["Runic Pyramid","Pandora\u0027s Box"],"picked":"Philosopher\u0027s Stone"}],"items_purged_floors":[],"is_endless":false,"potions_floor_spawned":[1,5,7,18],"killed_by":"Gremlin Leader","ascension_level":20}