{"gold_per_floor":[118,134,84,94,94,121,121,121],"floor_reached":8,"playtime":289,"items_purged":[],"score":67,"play_id":"4cb8b713-b93e-45de-8c49-ea1ce5dfe810","local_time":"20190312001926","is_ascension_mode":true,"campfire_choices":[],"neow_cost":"PERCENT_DAMAGE","seed_source_timestamp":739291423720003,"circlet_count":0,"master_deck":["Strike_B","Defend_B","Defend_B","Defend_B","Defend_B","Zap+1","Dualcast","Doom and Gloom+1","Go for the Eyes","Fusion+1","Ball Lightning"],"relics":["Cracked Core","Pen Nib"],"potions_floor_usage":[6],"damage_taken":[{"damage":4,"enemies":"Jaw Worm","floor":1,"turns":5},{"damage":0,"enemies":"2 Louse","floor":2,"turns":2},{"damage":4,"enemies":"Small Slimes","floor":4,"turns":3},{"damage":24,"enemies":"Gremlin Nob","floor":6,"turns":4},{"damage":10,"enemies":"3 Sentries","floor":8,"turns":2}],"seed_played":"-6007100561132033004","potions_obtained":[{"floor":1,"key":"Swift Potion"},{"floor":6,"key":"Dexterity Potion"}],"is_trial":false,"path_per_floor":["M","M","?","M","?","E","?","E"],"character_chosen":"DEFECT","items_purchased":[],"campfire_rested":0,"item_purchase_floors":[],"current_hp_per_floor":[50,50,50,46,46,22,7,0],"gold":121,"neow_bonus":"REMOVE_TWO","is_prod":false,"is_daily":false,"chose_seed":false,"campfire_upgraded":0,"win_rate":0,"timestamp":1552364366,"path_taken":["M","M","?","M","?","E","?","E"],"build_version":"2019-01-23","purchased_purges":0,"victory":false,"max_hp_per_floor":[75,75,75,75,75,75,75,75],"card_choices":[{"not_picked":["Genetic Algorithm","Leap"],"picked":"Doom and Gloom","floor":1},{"not_picked":["Glacier","Hologram"],"picked":"Go for the Eyes","floor":2},{"not_picked":["Rebound","Barrage"],"picked":"Fusion","floor":4},{"not_picked":["Reprogram","Stack"],"picked":"Ball Lightning","floor":6}],"player_experience":1033220,"relics_obtained":[{"floor":6,"key":"Pen Nib"}],"event_choices":[{"cards_removed":["Strike_B"],"damage_healed":0,"gold_gain":0,"player_choice":"Card Removal","damage_taken":0,"max_hp_gain":0,"max_hp_loss":0,"event_name":"The Cleric","floor":3,"gold_loss":50},{"damage_healed":0,"gold_gain":0,"player_choice":"Grow","damage_taken":0,"max_hp_gain":0,"max_hp_loss":0,"event_name":"Living Wall","floor":5,"gold_loss":0,"cards_upgraded":["Fusion"]},{"damage_healed":0,"gold_gain":0,"player_choice":"Entered Light","damage_taken":15,"max_hp_gain":0,"max_hp_loss":0,"event_name":"Shining Light","floor":7,"gold_loss":0,"cards_upgraded":["Zap","Doom and Gloom"]}],"is_beta":false,"boss_relics":[],"items_purged_floors":[],"is_endless":false,"potions_floor_spawned":[1,6],"killed_by":"3 Sentries","ascension_level":4}