{"path_per_floor":["M","?","M","$","?","R","?","E","T","E","R","M","?","M","R","B",null,"M","M","?","$","M","R","M","R","T","$","R","E","M","M","R"],"character_chosen":"DEFECT","items_purchased":["Go for the Eyes","Buffer","Blood Vial","Sunder","Stack"],"gold_per_floor":[113,113,128,28,128,128,128,162,162,190,190,209,209,234,234,364,364,378,403,403,143,161,161,180,180,180,132,132,160,180,193,193,193],"floor_reached":33,"campfire_rested":3,"playtime":938,"current_hp_per_floor":[68,53,52,52,52,52,57,49,49,41,41,41,41,17,17,6,57,38,24,24,24,13,35,24,24,24,24,46,24,35,32,54,0],"items_purged":["Dualcast"],"gold":193,"score":344,"play_id":"0772b3ee-35f4-4bf5-8b64-7a0f313f5cc8","local_time":"20180429110220","is_prod":false,"is_daily":false,"chose_seed":false,"is_ascension_mode":true,"campfire_upgraded":4,"timestamp":1525024940,"path_taken":["M","?","M","$","?","R","?","E","T","E","R","?","?","M","R","BOSS","M","M","?","$","M","R","M","R","T","$","R","E","M","M","R","BOSS"],"build_version":"2018-04-27v3","seed_source_timestamp":322728106127212,"purchased_purges":1,"victory":false,"master_deck":["Strike_B+1","Strike_B+1","Strike_B","Strike_B+1","Defend_B+1","Defend_B","Defend_B","Defend_B","Zap+1","Streamline+1","Cold Snap","Go for the Eyes+1","Ball Lightning","Barrage","Sweeping Beam","Loop+1","Machine Learning","Ball Lightning","Leap","Buffer+1","Sunder","Barrage+1","Impulse+1","FTL","Stack","Defragment","Self Repair+1","Self Repair","Leap"],"max_hp_per_floor":[75,75,75,75,75,75,80,80,80,80,80,80,74,74,74,74,74,74,74,74,74,74,74,74,74,74,74,74,74,74,74,74,74],"relics":["Cracked Core","Whetstone","Unceasing Top","Dream Catcher","Bloody Idol","Sozu","Blood Vial","Bottled Flame","Symbiotic Virus"],"card_choices":[{"not_picked":["Skim","Rebound"],"picked":"Streamline","floor":1},{"not_picked":["Melter","Turbo"],"picked":"Cold Snap","floor":3},{"not_picked":["Chaos","Melter"],"picked":"Ball Lightning","floor":8},{"not_picked":["Undo","Beam Cell"],"picked":"Barrage","floor":10},{"not_picked":["Auto Shields","Barrage"],"picked":"Sweeping Beam","floor":12},{"not_picked":["Doom and Gloom","Undo"],"picked":"Loop","floor":14},{"not_picked":["Redo","Fusion"],"picked":"Machine Learning","floor":16},{"not_picked":["Sweeping Beam","Axe Kick"],"picked":"Ball Lightning","floor":18},{"not_picked":["Axe Kick","Go for the Eyes"],"picked":"Leap","floor":19},{"not_picked":["Streamline","Reinforced Body"],"picked":"Barrage","floor":22},{"not_picked":["Hologram","Rebound"],"picked":"Impulse","floor":23},{"not_picked":["Rainbow","Streamline"],"picked":"FTL","floor":24},{"not_picked":["Rebound","Coolheaded"],"picked":"Defragment","floor":28},{"not_picked":["Auto Shields","Beam Cell"],"picked":"Self Repair","floor":29},{"not_picked":["Impulse","Beam Cell"],"picked":"Self Repair","floor":30},{"not_picked":["Turbo","Skim"],"picked":"Leap","floor":31}],"player_experience":552604,"potions_floor_usage":[10,19,19],"damage_taken":[{"damage":7,"enemies":"Jaw Worm","floor":1,"turns":4},{"damage":1,"enemies":"2 Louse","floor":3,"turns":2},{"damage":8,"enemies":"Lagavulin","floor":8,"turns":7},{"damage":8,"enemies":"Gremlin Nob","floor":10,"turns":3},{"damage":0,"enemies":"Small Slimes","floor":12,"turns":2},{"damage":24,"enemies":"Exordium Thugs","floor":14,"turns":3},{"damage":11,"enemies":"Hexaghost","floor":16,"turns":8},{"damage":19,"enemies":"2 Thieves","floor":18,"turns":3},{"damage":14,"enemies":"Chosen","floor":19,"turns":3},{"damage":18,"enemies":"Centurion and Healer","floor":22,"turns":4},{"damage":18,"enemies":"Snake Plant","floor":24,"turns":5},{"damage":29,"enemies":"Gremlin Leader","floor":29,"turns":7},{"damage":6,"enemies":"Sentry and Sphere","floor":30,"turns":5},{"damage":27,"enemies":"Centurion and Healer","floor":31,"turns":4},{"damage":65,"enemies":"Collector","floor":33,"turns":5}],"event_choices":[{"event_name":"Shining Light","player_choice":"Entered Light","floor":2,"damage_taken":0},{"event_name":"Golden Shrine","player_choice":"Pray","floor":5,"damage_taken":0},{"event_name":"Big Fish","player_choice":"Donut","floor":7,"damage_taken":0},{"event_name":"Golden Idol","player_choice":"Lose Max HP","floor":13,"damage_taken":0},{"event_name":"Forgotten Altar","player_choice":"Gave Idol","floor":20,"damage_taken":0}],"boss_relics":[{"not_picked":["White Beast Statue","Black Star"],"picked":"Sozu"}],"potions_floor_spawned":[8,14,16,19,30],"seed_played":"5365348997535410838","killed_by":"Collector","ascension_level":5,"is_trial":false}