{"gold_per_floor":[112,126,201,219,231,231,406,406,485,495,495],"floor_reached":11,"playtime":362,"items_purged":[],"score":78,"play_id":"d812df1f-32ab-437b-a1b6-184d595a2414","local_time":"20180908223934","is_ascension_mode":true,"campfire_choices":[{"data":"Chaos","floor":6,"key":"SMITH"}],"neow_cost":"PERCENT_DAMAGE","seed_source_timestamp":533865708779304,"circlet_count":0,"master_deck":["Strike_B","Strike_B","Defend_B","Defend_B","Defend_B","Defend_B","Zap","Dualcast","Redo","Sweeping Beam","Doom and Gloom","Chaos+1","Doubt"],"relics":["Cracked Core","Bronze Scales","Cables"],"potions_floor_usage":[4,10],"damage_taken":[{"damage":0,"enemies":"2 Louse","floor":1,"turns":1},{"damage":1,"enemies":"Cultist","floor":2,"turns":3},{"damage":7,"enemies":"Small Slimes","floor":4,"turns":3},{"damage":6,"enemies":"Blue Slaver","floor":5,"turns":4},{"damage":13,"enemies":"Large Slime","floor":10,"turns":3},{"damage":21,"enemies":"Lagavulin","floor":11,"turns":3}],"seed_played":"3476464009597065544","potions_obtained":[{"floor":2,"key":"Fruit Juice"},{"floor":5,"key":"SkillPotion"},{"floor":10,"key":"SteroidPotion"}],"is_trial":false,"path_per_floor":["M","M","?","M","M","R","?","?","T","M"],"character_chosen":"DEFECT","items_purchased":[],"campfire_rested":0,"item_purchase_floors":[],"current_hp_per_floor":[54,53,42,40,34,34,34,34,34,21,0],"gold":495,"neow_bonus":"REMOVE_TWO","is_prod":false,"is_daily":false,"chose_seed":false,"campfire_upgraded":1,"win_rate":0,"timestamp":1536460774,"path_taken":["M","M","?","M","?","R","?","?","T","M","E"],"build_version":"2018-09-06","purchased_purges":0,"victory":false,"max_hp_per_floor":[75,75,75,80,80,80,80,80,80,80,80],"card_choices":[{"not_picked":["Go for the Eyes","Gash"],"picked":"Redo","floor":1},{"not_picked":["FTL","Streamline"],"picked":"Sweeping Beam","floor":2},{"not_picked":["Beam Cell","Skim"],"picked":"Doom and Gloom","floor":4},{"not_picked":["Cold Snap","Streamline"],"picked":"Chaos","floor":5},{"not_picked":["Stack","Leap","Gash"],"picked":"SKIP","floor":10}],"player_experience":988615,"relics_obtained":[{"floor":9,"key":"Cables"}],"event_choices":[{"event_name":"World of Goop","player_choice":"Gather Gold","floor":3,"damage_taken":0},{"event_name":"Liars Game","player_choice":"agreed","floor":7,"damage_taken":0},{"event_name":"Dead Adventurer","player_choice":"Searched \u00272\u0027 times","floor":8,"damage_taken":0}],"is_beta":false,"boss_relics":[],"items_purged_floors":[],"is_endless":false,"potions_floor_spawned":[2,5,10],"killed_by":"Lagavulin","ascension_level":4}