{"gold_per_floor":[113,130,130,144,219,219,254,254,254,272,291,291,326,326,326,400,400,417,692,272,284,1,1,26,26,26,40,40,40,40],"floor_reached":30,"playtime":1243,"items_purged":[],"score":512,"play_id":"582979e9-080b-4bda-892e-e19c9369eecf","local_time":"20190506081328","is_ascension_mode":true,"campfire_choices":[{"data":"Carnage","floor":6,"key":"SMITH"},{"data":"Bash","floor":8,"key":"SMITH"},{"floor":12,"key":"REST"},{"floor":15,"key":"REST"},{"data":"Disarm","floor":23,"key":"SMITH"},{"floor":25,"key":"REST"}],"neow_cost":"PERCENT_DAMAGE","seed_source_timestamp":1173821841846056,"circlet_count":0,"master_deck":["AscendersBane","Strike_R","Strike_R","Strike_R","Strike_R","Strike_R","Defend_R","Defend_R","Defend_R","Defend_R","Bash+1","Disarm+1","Clothesline","Carnage+1","Brutality+1","Evolve+1","Juggernaut+1","Shrug It Off","Uppercut","Power Through","Evolve+1","Shrug It Off","Spot Weakness","Corruption+1"],"relics":["Burning Blood","Shovel","Matryoshka","Orichalcum","Frozen Egg 2","Anchor","Omamori","Mark of Pain","PreservedInsect","Bottled Tornado","Regal Pillow","Vajra","Pantograph"],"potions_floor_usage":[7,7,10,24,30],"damage_taken":[{"damage":7,"enemies":"Cultist","floor":1,"turns":4},{"damage":12,"enemies":"Jaw Worm","floor":2,"turns":5},{"damage":6,"enemies":"Small Slimes","floor":4,"turns":4},{"damage":30,"enemies":"Lagavulin","floor":7,"turns":6},{"damage":0,"enemies":"Looter","floor":10,"turns":3},{"damage":13,"enemies":"Lots of Slimes","floor":11,"turns":6},{"damage":21,"enemies":"3 Sentries","floor":13,"turns":6},{"damage":23,"enemies":"Hexaghost","floor":16,"turns":9},{"damage":7,"enemies":"Shell Parasite","floor":18,"turns":5},{"damage":20,"enemies":"3 Byrds","floor":21,"turns":6},{"damage":43,"enemies":"Gremlin Leader","floor":24,"turns":6},{"damage":31,"enemies":"Sentry and Sphere","floor":27,"turns":5},{"damage":24,"enemies":"Slavers","floor":30,"turns":2}],"seed_played":"2833356499386484295","potions_obtained":[{"floor":1,"key":"Fire Potion"},{"floor":4,"key":"EssenceOfSteel"},{"floor":7,"key":"Weak Potion"},{"floor":16,"key":"PowerPotion"},{"floor":27,"key":"GamblersBrew"}],"is_trial":false,"path_per_floor":["M","M","?","M","?","R","E","R","T","M","M","R","E","?","R","B",null,"M","?","$","M","$","R","E","R","T","M","?","$","E"],"character_chosen":"IRONCLAD","items_purchased":["PreservedInsect","Shrug It Off","Uppercut","Power Through","Evolve+1","Bottled Tornado"],"campfire_rested":3,"item_purchase_floors":[20,20,20,20,20,22],"current_hp_per_floor":[49,43,43,43,32,32,8,8,8,14,7,29,14,9,31,14,60,59,59,59,45,45,45,8,45,45,20,20,20,0],"gold":40,"neow_bonus":"ONE_RARE_RELIC","is_prod":false,"is_daily":false,"chose_seed":false,"campfire_upgraded":3,"win_rate":0,"timestamp":1557144808,"path_taken":["M","?","?","M","?","R","E","R","T","M","?","R","E","?","R","BOSS","M","?","$","M","$","R","E","R","T","?","?","?","E"],"build_version":"2019-01-23","purchased_purges":0,"victory":false,"max_hp_per_floor":[75,75,75,75,75,75,75,75,75,75,75,75,75,75,75,75,75,75,75,75,75,75,75,75,75,75,75,75,75,75],"card_choices":[{"not_picked":["Reckless Charge","Shockwave"],"picked":"Disarm","floor":1},{"not_picked":["Body Slam","Entrench"],"picked":"Clothesline","floor":2},{"not_picked":["Flex","Battle Trance"],"picked":"Carnage","floor":4},{"not_picked":["Twin Strike","Corruption","Searing Blow"],"picked":"SKIP","floor":7},{"not_picked":["Carnage","Armaments"],"picked":"Brutality+1","floor":10},{"not_picked":["Perfected Strike","Clothesline"],"picked":"Evolve+1","floor":11},{"not_picked":["Wild Strike","Havoc","Flex"],"picked":"SKIP","floor":13},{"not_picked":["Berserk+1","Double Tap"],"picked":"Juggernaut+1","floor":16},{"not_picked":["Anger","Sentinel","Thunderclap"],"picked":"SKIP","floor":18},{"not_picked":["Body Slam","Havoc"],"picked":"Shrug It Off","floor":21},{"not_picked":["Fire Breathing+1","Seeing Red+1"],"picked":"Spot Weakness","floor":24},{"not_picked":["Spot Weakness","Clash"],"picked":"Corruption+1","floor":27}],"player_experience":2390543,"relics_obtained":[{"floor":7,"key":"Matryoshka"},{"floor":9,"key":"Orichalcum"},{"floor":9,"key":"Frozen Egg 2"},{"floor":13,"key":"Anchor"},{"floor":24,"key":"Regal Pillow"},{"floor":26,"key":"Vajra"},{"floor":26,"key":"Pantograph"}],"event_choices":[{"damage_healed":0,"gold_gain":0,"player_choice":"Ignored","damage_taken":0,"max_hp_gain":0,"max_hp_loss":0,"event_name":"Liars Game","floor":3,"gold_loss":0},{"damage_healed":0,"gold_gain":75,"player_choice":"Gather Gold","damage_taken":11,"max_hp_gain":0,"max_hp_loss":0,"event_name":"World of Goop","floor":5,"gold_loss":0},{"damage_healed":0,"gold_gain":0,"player_choice":"Success","damage_taken":5,"relics_obtained":["Omamori"],"max_hp_gain":0,"max_hp_loss":0,"event_name":"Scrap Ooze","floor":14,"gold_loss":0},{"damage_healed":0,"gold_gain":275,"player_choice":"Desecrate","damage_taken":0,"max_hp_gain":0,"max_hp_loss":0,"event_name":"Golden Shrine","floor":19,"gold_loss":0,"cards_obtained":["Regret"]},{"damage_healed":0,"gold_gain":0,"player_choice":"Ignored","damage_taken":0,"max_hp_gain":0,"max_hp_loss":0,"event_name":"Beggar","floor":28,"gold_loss":0}],"is_beta":false,"boss_relics":[{"not_picked":["Astrolabe","Coffee Dripper"],"picked":"Mark of Pain"}],"items_purged_floors":[],"is_endless":false,"potions_floor_spawned":[1,4,7,16,27],"killed_by":"Slavers","ascension_level":20}