{"gold_per_floor":[112,112,126,126,138,213,213,239,239,239,250,250,13,30,30,104,104,116,130,130,147,147,147,179,189,189,224,224,11,40,57,57,133,133,143,143,153,171,61,61,61,61,61,114,143,143,169,180,180,180,180,180,180,5,30,30],"floor_reached":57,"playtime":4233,"items_purged":["Strike_G","Strike_G"],"score":3136,"play_id":"6fdfcf12-46b5-4492-b67a-4465268c30dd","local_time":"20190419002237","is_ascension_mode":true,"campfire_choices":[{"floor":7,"key":"REST"},{"floor":10,"key":"REST"},{"data":"Deadly Poison","floor":12,"key":"SMITH"},{"data":"Bouncing Flask","floor":15,"key":"SMITH"},{"data":"After Image","floor":23,"key":"SMITH"},{"data":"Eviscerate","floor":28,"key":"SMITH"},{"data":"Well Laid Plans","floor":32,"key":"SMITH"},{"data":"Choke","floor":40,"key":"SMITH"},{"floor":42,"key":"RECALL"},{"data":"Caltrops","floor":46,"key":"SMITH"},{"data":"Sucker Punch","floor":49,"key":"SMITH"},{"data":"Adrenaline","floor":53,"key":"SMITH"}],"neow_cost":"NONE","seed_source_timestamp":622556183896540,"circlet_count":0,"master_deck":["AscendersBane","Defend_G","Defend_G","Defend_G+1","Defend_G","Defend_G","Strike_G","Survivor+1","Sucker Punch+1","Skewer","Deadly Poison","Deadly Poison+1","Well Laid Plans+1","Caltrops+1","Bouncing Flask+1","Eviscerate+1","Night Terror","Riddle With Holes+1","Poisoned Stab","Backflip","After Image+1","PiercingWail+1","Backflip","Choke+1","Adrenaline+1","Crippling Poison","Night Terror","Leg Sweep+1","After Image+1","Dagger Throw+1","Catalyst+1","Terror","Outmaneuver+1","Wraith Form v2"],"relics":["Snecko Eye","Pantograph","GremlinMask","Anchor","Mummified Hand","Lizard Tail","FossilizedHelix","Paper Crane","Tingsha","TwistedFunnel","War Paint","Sozu","Thread and Needle","Strawberry","Boot","Mercury Hourglass"],"potions_floor_usage":[16,18,21,24,27,33,56],"damage_taken":[{"damage":0,"enemies":"2 Louse","floor":1,"turns":3},{"damage":2,"enemies":"Cultist","floor":3,"turns":5},{"damage":9,"enemies":"Small Slimes","floor":5,"turns":4},{"damage":40,"enemies":"3 Sentries","floor":8,"turns":10},{"damage":13,"enemies":"Exordium Wildlife","floor":11,"turns":6},{"damage":9,"enemies":"2 Fungi Beasts","floor":14,"turns":3},{"damage":25,"enemies":"The Guardian","floor":16,"turns":8},{"damage":0,"enemies":"Spheric Guardian","floor":18,"turns":3},{"damage":11,"enemies":"2 Thieves","floor":19,"turns":4},{"damage":4,"enemies":"Snake Plant","floor":21,"turns":4},{"damage":0,"enemies":"Slavers","floor":24,"turns":5},{"damage":3,"enemies":"Centurion and Healer","floor":25,"turns":5},{"damage":0,"enemies":"Book of Stabbing","floor":27,"turns":5},{"damage":0,"enemies":"Slavers","floor":30,"turns":5},{"damage":0,"enemies":"Snecko","floor":31,"turns":3},{"damage":57,"enemies":"Collector","floor":33,"turns":10},{"damage":0,"enemies":"3 Darklings","floor":35,"turns":4},{"damage":0,"enemies":"Orb Walker","floor":37,"turns":3},{"damage":0,"enemies":"4 Shapes","floor":38,"turns":5},{"damage":0,"enemies":"2 Orb Walkers","floor":44,"turns":4},{"damage":0,"enemies":"Giant Head","floor":45,"turns":7},{"damage":0,"enemies":"Reptomancer","floor":47,"turns":5},{"damage":10,"enemies":"Spire Growth","floor":48,"turns":5},{"damage":21,"enemies":"Awakened One","floor":50,"turns":13},{"damage":0,"enemies":"Donu and Deca","floor":51,"turns":5},{"damage":51,"enemies":"Shield and Spear","floor":55,"turns":8},{"damage":0,"enemies":"The Heart","floor":56,"turns":9}],"seed_played":"2225255396345859275","potions_obtained":[{"floor":3,"key":"SpeedPotion"},{"floor":8,"key":"LiquidBronze"},{"floor":16,"key":"Block Potion"},{"floor":21,"key":"Ancient Potion"},{"floor":24,"key":"AttackPotion"},{"floor":25,"key":"Energy Potion"},{"floor":27,"key":"LiquidBronze"}],"is_trial":false,"path_per_floor":["M","?","M","?","M","?","R","E","T","R","M","R","$","M","R","B",null,"M","M","?","M","?","R","E","M","T","E","R","$","E","M","R","B",null,"M","?","M","M","?","R","$","R","T","?","E","R","E","M","R","B","B",null,"R","$","E","B",null],"character_chosen":"THE_SILENT","items_purchased":["Caltrops","Bouncing Flask","TwistedFunnel","Wraith Form v2"],"campfire_rested":2,"item_purchase_floors":[13,13,29,54],"current_hp_per_floor":[59,48,46,46,37,26,45,5,5,24,11,11,11,2,2,2,50,50,39,39,35,35,35,35,32,32,32,32,32,32,32,32,33,58,58,58,58,58,58,58,58,58,58,58,65,65,65,55,55,52,73,73,73,73,22,47],"gold":30,"neow_bonus":"BOSS_RELIC","is_prod":false,"is_daily":false,"chose_seed":false,"campfire_upgraded":9,"win_rate":0,"timestamp":1555647757,"path_taken":["M","?","M","?","?","?","R","E","T","R","M","R","$","M","R","BOSS","M","M","?","M","?","R","E","M","T","E","R","$","E","M","R","BOSS","M","?","?","M","?","R","?","R","T","?","E","R","E","M","R","BOSS","BOSS","R","$","E","BOSS"],"build_version":"2019-01-23","purchased_purges":2,"victory":true,"max_hp_per_floor":[66,66,66,66,66,66,66,66,66,66,66,66,66,66,66,66,66,66,66,66,66,66,66,66,66,66,66,66,66,66,66,66,66,66,66,66,66,66,66,66,66,66,66,66,73,73,73,73,73,73,73,73,73,73,73,73],"card_choices":[{"not_picked":["Quick Slash","Slice"],"picked":"Sucker Punch","floor":1},{"not_picked":["Blur","Backflip"],"picked":"Skewer","floor":3},{"not_picked":["Slice","Backflip"],"picked":"Deadly Poison","floor":5},{"not_picked":["Backflip","Dagger Throw"],"picked":"Deadly Poison","floor":8},{"not_picked":["Blade Dance","Outmaneuver"],"picked":"Well Laid Plans","floor":11},{"not_picked":["Expertise","Outmaneuver"],"picked":"Eviscerate","floor":14},{"not_picked":["Tools of the Trade","Storm of Steel"],"picked":"Night Terror","floor":16},{"not_picked":["Quick Slash","Heel Hook","Blade Dance"],"picked":"SKIP","floor":18},{"not_picked":["Backflip","Quick Slash"],"picked":"Riddle With Holes+1","floor":19},{"not_picked":["Acrobatics","Dodge and Roll"],"picked":"After Image","floor":21},{"not_picked":["Quick Slash","Well Laid Plans"],"picked":"PiercingWail","floor":24},{"not_picked":["Poisoned Stab","Deadly Poison"],"picked":"Backflip","floor":25},{"not_picked":["Dagger Spray","Outmaneuver"],"picked":"Choke","floor":27},{"not_picked":["Bouncing Flask","Slice"],"picked":"Adrenaline","floor":30},{"not_picked":["PiercingWail","Quick Slash"],"picked":"Crippling Poison","floor":31},{"not_picked":["Unload","Glass Knife"],"picked":"Night Terror","floor":33},{"not_picked":["Slice","Sucker Punch+1"],"picked":"Leg Sweep+1","floor":35},{"not_picked":["Prepared","Deadly Poison","Cloak And Dagger"],"picked":"SKIP","floor":37},{"not_picked":["All Out Attack","Sucker Punch"],"picked":"Dagger Throw+1","floor":38},{"not_picked":["Terror","Choke"],"picked":"Catalyst+1","floor":45},{"not_picked":["Dodge and Roll","Bane"],"picked":"Terror","floor":47},{"not_picked":["Dagger Throw","Prepared"],"picked":"Outmaneuver+1","floor":48},{"not_picked":["Poisoned Stab","Concentrate+1","Bane"],"picked":"SKIP","floor":55}],"player_experience":1853606,"relics_obtained":[{"floor":8,"key":"Anchor"},{"floor":9,"key":"Mummified Hand"},{"floor":24,"key":"FossilizedHelix"},{"floor":26,"key":"Paper Crane"},{"floor":27,"key":"Tingsha"},{"floor":30,"key":"War Paint"},{"floor":44,"key":"Thread and Needle"},{"floor":45,"key":"Strawberry"},{"floor":47,"key":"Boot"},{"floor":55,"key":"Mercury Hourglass"}],"event_choices":[{"damage_healed":0,"gold_gain":0,"player_choice":"Success","damage_taken":11,"relics_obtained":["Pantograph"],"max_hp_gain":0,"max_hp_loss":0,"event_name":"Scrap Ooze","floor":2,"gold_loss":0},{"damage_healed":0,"gold_gain":0,"player_choice":"Trade","damage_taken":0,"relics_obtained":["GremlinMask"],"max_hp_gain":0,"max_hp_loss":0,"event_name":"FaceTrader","floor":4,"gold_loss":0},{"damage_healed":0,"gold_gain":75,"player_choice":"Gather Gold","damage_taken":11,"max_hp_gain":0,"max_hp_loss":0,"event_name":"World of Goop","floor":6,"gold_loss":0},{"damage_healed":0,"gold_gain":0,"cards_transformed":["Strike_G","Strike_G"],"player_choice":"Became Test Subject","damage_taken":0,"max_hp_gain":0,"max_hp_loss":0,"event_name":"Drug Dealer","floor":20,"gold_loss":0,"cards_obtained":["Poisoned Stab","Backflip"]},{"damage_healed":0,"gold_gain":0,"player_choice":"Ignored","damage_taken":0,"max_hp_gain":0,"max_hp_loss":0,"event_name":"Vampires","floor":22,"gold_loss":0},{"damage_healed":0,"gold_gain":0,"player_choice":"Copied","damage_taken":0,"max_hp_gain":0,"max_hp_loss":0,"event_name":"Duplicator","floor":36,"gold_loss":0,"cards_obtained":["After Image"]},{"cards_removed":["Neutralize"],"damage_healed":0,"gold_gain":0,"player_choice":"Upgrade and Remove","damage_taken":0,"max_hp_gain":0,"max_hp_loss":0,"event_name":"Designer","floor":39,"gold_loss":110,"cards_upgraded":["PiercingWail"]},{"damage_healed":0,"gold_gain":0,"player_choice":"Fight","damage_taken":0,"max_hp_gain":0,"max_hp_loss":0,"event_name":"Mysterious Sphere","floor":44,"gold_loss":0}],"is_beta":false,"boss_relics":[{"not_picked":["Orrery","Runic Dome"],"picked":"Lizard Tail"},{"not_picked":["Tiny House","Runic Pyramid"],"picked":"Sozu"}],"items_purged_floors":[13,54],"is_endless":false,"potions_floor_spawned":[3,8,16,21,24,25,27,35,37,47,48],"ascension_level":20}