{"gold_per_floor":[20,20,20,39,114,114,145,145,145,162,162,179,208,220,232,321,333,355,367,366,293,305,317,363,375,387,464,476,505,517,544,556,643,655,678,708,610,640,663,705,817,829,841,870,910,922,950,981,993,1005,1017,1029,103,137,137],"floor_reached":56,"playtime":2166,"items_purged":["Strike_R+1"],"score":2040,"play_id":"895c7e4c-0c50-4e87-8903-9be5167f929d","local_time":"20190424002539","is_ascension_mode":true,"campfire_choices":[{"data":"Carnage","floor":6,"key":"SMITH"},{"data":"Spot Weakness","floor":8,"key":"SMITH"},{"data":"Immolate","floor":15,"key":"SMITH"},{"data":"True Grit","floor":23,"key":"SMITH"},{"data":"Body Slam","floor":25,"key":"SMITH"},{"floor":28,"key":"REST"},{"floor":30,"key":"REST"},{"floor":32,"key":"REST"},{"floor":46,"key":"RECALL"},{"data":"Pommel Strike","floor":49,"key":"SMITH"},{"floor":52,"key":"REST"}],"neow_cost":"NO_GOLD","seed_source_timestamp":1156577067512707,"circlet_count":0,"master_deck":["AscendersBane","Strike_R+1","Strike_R+1","Strike_R+1","Defend_R+1","Defend_R+1","Defend_R+1","Defend_R+1","Bash","Headbutt+1","Spot Weakness+1","Carnage+1","Shrug It Off+1","Pommel Strike+1","Anger","Immolate+1","Limit Break+1","Armaments","Body Slam+1","Inflame+1","True Grit+1","Shrug It Off","Seeing Red+1","Shrug It Off+1","Impervious","True Grit+1","Seeing Red+1","Uppercut+1","Disarm+1","Headbutt","Corruption","Exhume","Master of Strategy"],"relics":["Burning Blood","Prayer Wheel","Whetstone","Sundial","MawBank","Pen Nib","Runic Pyramid","Ginger","StoneCalendar","Tiny Chest","Busted Crown","War Paint","Gambling Chip","Self Forming Clay","Du-Vu Doll","Medical Kit","Kunai","Bag of Marbles"],"potions_floor_usage":[27,36,54,55],"damage_taken":[{"damage":1,"enemies":"Cultist","floor":1,"turns":4},{"damage":9,"enemies":"2 Louse","floor":4,"turns":4},{"damage":30,"enemies":"3 Sentries","floor":7,"turns":7},{"damage":3,"enemies":"Small Slimes","floor":10,"turns":2},{"damage":5,"enemies":"3 Louse","floor":12,"turns":3},{"damage":16,"enemies":"Gremlin Nob","floor":13,"turns":3},{"damage":12,"enemies":"Slime Boss","floor":16,"turns":5},{"damage":11,"enemies":"3 Byrds","floor":18,"turns":4},{"damage":21,"enemies":"2 Thieves","floor":20,"turns":4},{"damage":0,"enemies":"Gremlin Leader","floor":24,"turns":5},{"damage":23,"enemies":"Slavers","floor":27,"turns":5},{"damage":24,"enemies":"Snake Plant","floor":29,"turns":3},{"damage":14,"enemies":"Shelled Parasite and Fungi","floor":31,"turns":3},{"damage":62,"enemies":"Collector","floor":33,"turns":11},{"damage":1,"enemies":"3 Darklings","floor":35,"turns":3},{"damage":29,"enemies":"3 Shapes","floor":36,"turns":2},{"damage":0,"enemies":"Jaw Worm Horde","floor":38,"turns":2},{"damage":0,"enemies":"Sphere and 2 Shapes","floor":39,"turns":7},{"damage":7,"enemies":"Nemesis","floor":40,"turns":5},{"damage":0,"enemies":"Mind Bloom Boss Battle","floor":41,"turns":7},{"damage":8,"enemies":"Maw","floor":44,"turns":5},{"damage":4,"enemies":"Reptomancer","floor":45,"turns":5},{"damage":0,"enemies":"Transient","floor":47,"turns":5},{"damage":0,"enemies":"3 Darklings","floor":48,"turns":1},{"damage":55,"enemies":"Donu and Deca","floor":50,"turns":6},{"damage":24,"enemies":"Shield and Spear","floor":54,"turns":7},{"damage":48,"enemies":"The Heart","floor":55,"turns":9}],"seed_played":"316099341087062024","potions_obtained":[{"floor":4,"key":"Dexterity Potion"},{"floor":7,"key":"FearPotion"},{"floor":35,"key":"Poison Potion"},{"floor":40,"key":"SkillPotion"}],"is_trial":false,"path_per_floor":["M","$","$","M","?","R","E","R","T","M","?","M","E","?","R","B",null,"M","?","M","?","?","R","E","R","T","E","R","M","R","M","R","B",null,"M","M","?","M","M","E","?","?","T","M","E","R","M","M","R","B",null,"R","$","E","B",null],"character_chosen":"IRONCLAD","items_purchased":["Corruption","Medical Kit","Exhume","Master of Strategy","Kunai"],"campfire_rested":4,"item_purchase_floors":[53,53,53,53,53],"current_hp_per_floor":[73,73,73,70,59,59,35,35,35,38,63,64,54,49,49,43,67,62,62,47,47,47,47,53,53,53,36,58,40,62,54,75,19,61,66,43,43,49,55,54,60,60,60,58,60,60,66,72,72,23,62,75,75,57,15],"gold":137,"neow_bonus":"ONE_RARE_RELIC","is_prod":false,"is_daily":false,"chose_seed":false,"campfire_upgraded":6,"win_rate":0,"timestamp":1556079939,"path_taken":["M","?","$","M","?","R","E","R","T","M","?","M","E","?","R","BOSS","M","?","M","?","?","R","E","R","T","E","R","M","R","M","R","BOSS","M","M","?","?","M","E","?","?","T","?","E","R","M","M","R","BOSS","R","$","E","BOSS"],"build_version":"2019-04-23","purchased_purges":1,"victory":true,"max_hp_per_floor":[75,75,75,75,75,75,75,75,75,75,75,75,75,75,75,75,75,75,75,75,75,75,75,75,75,75,75,75,75,75,75,75,75,75,75,75,75,75,75,75,75,75,75,75,75,75,75,75,75,75,75,75,75,75,75],"card_choices":[{"not_picked":["Heavy Blade","Body Slam"],"picked":"Headbutt","floor":1},{"not_picked":["Thunderclap","Bloodletting","True Grit"],"picked":"SKIP","floor":1},{"not_picked":["Wild Strike","Havoc"],"picked":"Spot Weakness","floor":4},{"not_picked":["Flex","Corruption"],"picked":"Carnage","floor":4},{"not_picked":["Entrench","Rampage","Twin Strike"],"picked":"SKIP","floor":7},{"not_picked":["Iron Wave","Twin Strike"],"picked":"Shrug It Off","floor":10},{"not_picked":["Seeing Red","Thunderclap","Dual Wield"],"picked":"SKIP","floor":10},{"not_picked":["Sword Boomerang","Brutality"],"picked":"Pommel Strike","floor":12},{"not_picked":["Armaments","Fire Breathing"],"picked":"Anger","floor":12},{"not_picked":["Flex","Pommel Strike"],"picked":"Immolate","floor":13},{"not_picked":["Barricade","Juggernaut"],"picked":"Limit Break","floor":16},{"not_picked":["Whirlwind","Havoc"],"picked":"Armaments","floor":18},{"not_picked":["Combust","Heavy Blade"],"picked":"Body Slam","floor":18},{"not_picked":["Headbutt","Ghostly Armor"],"picked":"Inflame+1","floor":20},{"not_picked":["Warcry","Twin Strike"],"picked":"True Grit","floor":20},{"not_picked":["Perfected Strike","Carnage"],"picked":"Shrug It Off","floor":24},{"not_picked":["Immolate","Spot Weakness","Hemokinesis"],"picked":"SKIP","floor":27},{"not_picked":["Immolate","Spot Weakness","Hemokinesis"],"picked":"SKIP","floor":27},{"not_picked":["Metallicize","Inflame"],"picked":"Seeing Red+1","floor":29},{"not_picked":["Heavy Blade","Flex","Blood for Blood+1"],"picked":"SKIP","floor":29},{"not_picked":["Dual Wield","Flex"],"picked":"Shrug It Off","floor":31},{"not_picked":["Rupture","Dual Wield","Anger"],"picked":"SKIP","floor":31},{"not_picked":["Rupture","Dual Wield","Anger"],"picked":"SKIP","floor":31},{"not_picked":["Berserk","Brutality"],"picked":"Impervious","floor":33},{"not_picked":["Perfected Strike"],"picked":"SKIP","floor":35},{"not_picked":["Warcry"],"picked":"SKIP","floor":35},{"not_picked":["Rampage"],"picked":"SKIP","floor":36},{"not_picked":["Pommel Strike"],"picked":"SKIP","floor":36},{"not_picked":[],"picked":"True Grit","floor":38},{"not_picked":[],"picked":"Seeing Red+1","floor":38},{"not_picked":["Pommel Strike"],"picked":"SKIP","floor":39},{"not_picked":["Clash"],"picked":"SKIP","floor":39},{"not_picked":[],"picked":"Uppercut+1","floor":40},{"not_picked":["Clash"],"picked":"SKIP","floor":44},{"not_picked":["Twin Strike+1"],"picked":"SKIP","floor":44},{"not_picked":["Whirlwind"],"picked":"SKIP","floor":45},{"not_picked":["Dropkick+1"],"picked":"SKIP","floor":47},{"not_picked":["True Grit"],"picked":"SKIP","floor":47},{"not_picked":[],"picked":"Disarm+1","floor":48},{"not_picked":[],"picked":"Headbutt","floor":48},{"not_picked":["Armaments"],"picked":"SKIP","floor":54}],"player_experience":2451806,"relics_obtained":[{"floor":7,"key":"Whetstone"},{"floor":9,"key":"Sundial"},{"floor":13,"key":"MawBank"},{"floor":24,"key":"StoneCalendar"},{"floor":27,"key":"Tiny Chest"},{"floor":40,"key":"War Paint"},{"floor":41,"key":"Gambling Chip"},{"floor":43,"key":"Self Forming Clay"},{"floor":45,"key":"Du-Vu Doll"},{"floor":54,"key":"Bag of Marbles"}],"event_choices":[{"damage_healed":0,"gold_gain":75,"player_choice":"Gather Gold","damage_taken":11,"max_hp_gain":0,"max_hp_loss":0,"event_name":"World of Goop","floor":5,"gold_loss":0},{"damage_healed":25,"gold_gain":0,"player_choice":"Banana","damage_taken":0,"max_hp_gain":0,"max_hp_loss":0,"event_name":"Big Fish","floor":11,"gold_loss":0},{"damage_healed":0,"gold_gain":0,"player_choice":"Success","damage_taken":5,"relics_obtained":["Pen Nib"],"max_hp_gain":0,"max_hp_loss":0,"event_name":"Scrap Ooze","floor":14,"gold_loss":0},{"damage_healed":0,"gold_gain":0,"player_choice":"Ignored","damage_taken":0,"max_hp_gain":0,"max_hp_loss":0,"event_name":"Ghosts","floor":19,"gold_loss":0},{"damage_healed":0,"gold_gain":0,"player_choice":"Obtained Relic","damage_taken":0,"relics_obtained":["Ginger"],"max_hp_gain":0,"max_hp_loss":0,"event_name":"Addict","floor":21,"gold_loss":85},{"damage_healed":0,"gold_gain":0,"player_choice":"Simplicity","damage_taken":0,"max_hp_gain":0,"max_hp_loss":0,"event_name":"Back to Basics","floor":22,"gold_loss":0,"cards_upgraded":["Strike_R","Strike_R","Strike_R","Strike_R","Defend_R","Defend_R","Defend_R","Defend_R"]},{"cards_removed":["Strike_R"],"damage_healed":0,"gold_gain":0,"player_choice":"Upgrade and Remove","damage_taken":0,"max_hp_gain":0,"max_hp_loss":0,"event_name":"Designer","floor":37,"gold_loss":110,"cards_upgraded":["Shrug It Off"]},{"damage_healed":0,"gold_gain":0,"player_choice":"Fight","damage_taken":0,"max_hp_gain":0,"max_hp_loss":0,"event_name":"MindBloom","floor":41,"gold_loss":0},{"damage_healed":0,"gold_gain":0,"player_choice":"Upgraded","damage_taken":0,"max_hp_gain":0,"max_hp_loss":0,"event_name":"Upgrade Shrine","floor":42,"gold_loss":0,"cards_upgraded":["True Grit"]}],"is_beta":true,"boss_relics":[{"not_picked":["Velvet Choker","Calling Bell"],"picked":"Runic Pyramid"},{"not_picked":["Astrolabe","Mark of Pain"],"picked":"Busted Crown"}],"items_purged_floors":[53],"is_endless":false,"potions_floor_spawned":[4,7,10,18,24,33,35,40,41,44,47],"ascension_level":15}