{"gold_per_floor":[219,219,233,183,251,276,17,17,17,32,32,32,67,14,14,114,114,125,136,166,179,179,179,199,124,124,158,158,175,175,207,207,207],"floor_reached":33,"playtime":2094,"items_purged":["Shame"],"score":316,"play_id":"96fafa6a-f94e-491d-b58a-a8c163ff7117","local_time":"20190204123742","is_ascension_mode":false,"campfire_choices":[{"data":"Quick Slash","floor":8,"key":"SMITH"},{"floor":12,"key":"REST"},{"floor":15,"key":"REST"},{"data":"Survivor","floor":23,"key":"SMITH"},{"floor":30,"key":"DIG"},{"floor":32,"key":"REST"}],"neow_cost":"NONE","seed_source_timestamp":183312938462753,"circlet_count":0,"master_deck":["Defend_G","Defend_G","Defend_G","Defend_G","Survivor+1","Neutralize","Quick Slash+1","Quick Slash+1","Dagger Throw","Corpse Explosion+1","Dagger Spray+1","Dodge and Roll+1","Corpse Explosion+1","Cloak And Dagger+1","Noxious Fumes+1","Catalyst+1","Bite+1","Bite+1","Bite+1","Bite+1","Bite+1","Distraction+1","Dodge and Roll+1","Deflect+1"],"relics":["Ring of the Snake","Bird Faced Urn","Molten Egg 2","Toxic Egg 2","Centennial Puzzle","Black Star","Tiny Chest","Shovel","Mango","Letter Opener","Bag of Preparation","Paper Crane","Mercury Hourglass"],"potions_floor_usage":[16,24,33,33],"damage_taken":[{"damage":2,"enemies":"Small Slimes","floor":1,"turns":4},{"damage":3,"enemies":"Jaw Worm","floor":3,"turns":3},{"damage":19,"enemies":"3 Sentries","floor":6,"turns":8},{"damage":0,"enemies":"Cultist","floor":10,"turns":2},{"damage":24,"enemies":"Lagavulin","floor":13,"turns":6},{"damage":32,"enemies":"Slime Boss","floor":16,"turns":5},{"damage":20,"enemies":"2 Thieves","floor":18,"turns":2},{"damage":5,"enemies":"3 Byrds","floor":19,"turns":3},{"damage":8,"enemies":"3 Cultists","floor":21,"turns":3},{"damage":20,"enemies":"Centurion and Healer","floor":24,"turns":3},{"damage":12,"enemies":"Gremlin Leader","floor":27,"turns":7},{"damage":5,"enemies":"Cultist and Chosen","floor":29,"turns":5},{"damage":64,"enemies":"Book of Stabbing","floor":31,"turns":8},{"damage":52,"enemies":"Champ","floor":33,"turns":13}],"seed_played":"346993462472551010","potions_obtained":[{"floor":3,"key":"SpeedPotion"},{"floor":13,"key":"SkillPotion"},{"floor":16,"key":"EssenceOfSteel"},{"floor":19,"key":"Weak Potion"},{"floor":21,"key":"EssenceOfSteel"},{"floor":29,"key":"SteroidPotion"}],"is_trial":false,"path_per_floor":["M","?","M","?","?","E","$","R","T","M","$","R","E","$","R","B",null,"M","M","?","M","?","R","M","$","T","E","T","M","R","E","R","B"],"character_chosen":"THE_SILENT","items_purchased":["Molten Egg 2","Dodge and Roll+1"],"campfire_rested":3,"item_purchase_floors":[7,14],"current_hp_per_floor":[68,68,65,65,65,46,46,46,46,46,46,67,43,43,64,32,70,50,45,45,39,39,39,27,27,27,52,52,55,55,8,26,0],"gold":207,"neow_bonus":"HUNDRED_GOLD","is_prod":false,"is_daily":false,"chose_seed":false,"campfire_upgraded":2,"win_rate":0,"timestamp":1549301862,"path_taken":["M","?","M","?","?","E","?","R","T","M","$","R","E","$","R","BOSS","M","M","?","M","?","R","M","$","T","E","?","?","R","E","R","BOSS"],"build_version":"2019-01-23","purchased_purges":1,"victory":false,"max_hp_per_floor":[70,70,70,70,70,70,70,70,70,70,70,70,70,70,70,70,70,70,70,70,70,49,49,49,49,49,63,63,63,63,63,63,63],"card_choices":[{"not_picked":["Acrobatics","Setup"],"picked":"Quick Slash","floor":1},{"not_picked":["Poisoned Stab","Flechettes"],"picked":"Quick Slash","floor":3},{"not_picked":["Prepared","Eviscerate"],"picked":"Dagger Throw","floor":6},{"not_picked":["Underhanded Strike+1","Flying Knee+1"],"picked":"Corpse Explosion+1","floor":10},{"not_picked":["Distraction+1","Underhanded Strike+1"],"picked":"Dagger Spray+1","floor":13},{"not_picked":["Doppelganger+1","Storm of Steel+1"],"picked":"Corpse Explosion+1","floor":16},{"not_picked":["Slice+1","Dagger Throw+1"],"picked":"Cloak And Dagger+1","floor":18},{"not_picked":["Eviscerate+1","Slice+1"],"picked":"Noxious Fumes+1","floor":19},{"not_picked":["Setup+1","Well Laid Plans+1"],"picked":"Catalyst+1","floor":21},{"not_picked":["Tactician+1","Concentrate+1"],"picked":"Distraction+1","floor":24},{"not_picked":["Blade Dance+1","Flying Knee+1"],"picked":"Dodge and Roll+1","floor":27},{"not_picked":["Wraith Form v2","Deadly Poison+1","Flechettes+1"],"picked":"SKIP","floor":29},{"not_picked":["Skewer+1","Heel Hook+1"],"picked":"Deflect+1","floor":31}],"player_experience":556442,"relics_obtained":[{"floor":6,"key":"Bird Faced Urn"},{"floor":9,"key":"Toxic Egg 2"},{"floor":13,"key":"Centennial Puzzle"},{"floor":27,"key":"Shovel"},{"floor":27,"key":"Mango"},{"floor":28,"key":"Letter Opener"},{"floor":30,"key":"Bag of Preparation"},{"floor":31,"key":"Paper Crane"},{"floor":31,"key":"Mercury Hourglass"}],"event_choices":[{"damage_healed":0,"gold_gain":0,"player_choice":"Grow","damage_taken":0,"max_hp_gain":0,"max_hp_loss":0,"event_name":"Living Wall","floor":2,"gold_loss":0,"cards_upgraded":["Quick Slash"]},{"cards_removed":["Defend_G"],"damage_healed":0,"gold_gain":0,"player_choice":"Card Removal","damage_taken":0,"max_hp_gain":0,"max_hp_loss":0,"event_name":"The Cleric","floor":4,"gold_loss":50},{"damage_healed":0,"gold_gain":68,"player_choice":"Gained Gold","damage_taken":0,"max_hp_gain":0,"max_hp_loss":0,"event_name":"Golden Wing","floor":5,"gold_loss":0},{"damage_healed":0,"gold_gain":0,"player_choice":"Stole Relic","damage_taken":0,"relics_obtained":["Tiny Chest"],"max_hp_gain":0,"max_hp_loss":0,"event_name":"Addict","floor":20,"gold_loss":0,"cards_obtained":["Shame"]},{"damage_healed":0,"gold_gain":0,"player_choice":"Became a vampire","damage_taken":0,"max_hp_gain":0,"max_hp_loss":21,"event_name":"Vampires","floor":22,"gold_loss":0,"cards_obtained":["Bite","Bite","Bite","Bite","Bite"]}],"is_beta":false,"boss_relics":[{"not_picked":["Tiny House","Runic Pyramid"],"picked":"Black Star"}],"items_purged_floors":[25],"is_endless":false,"potions_floor_spawned":[3,13,16,19,21,29,31],"killed_by":"Champ","ascension_level":0}