{"gold_per_floor":[113,113,113,113,113,149,149,190,235,235,255,286,286,311,311,311],"floor_reached":16,"playtime":376,"items_purged":[],"score":315,"play_id":"fc1d997a-4f0e-40d0-bf30-2fa71d43c790","local_time":"20190314011307","is_ascension_mode":true,"campfire_choices":[{"data":"Fire Breathing","floor":7,"key":"SMITH"},{"data":"Bash","floor":10,"key":"SMITH"},{"data":"Feed","floor":15,"key":"SMITH"}],"neow_cost":"NONE","seed_source_timestamp":50726556163291,"circlet_count":0,"master_deck":["AscendersBane","Strike_R","Strike_R","Strike_R","Strike_R","Strike_R","Defend_R","Defend_R","Defend_R","Defend_R","Bash+1","Wild Strike+1","Fire Breathing+1","Pommel Strike","True Grit+1","Feed+1"],"relics":["Burning Blood","NeowsBlessing","Golden Idol","Pen Nib","Potion Belt","Juzu Bracelet","Strawberry"],"potions_floor_usage":[16,16,16],"damage_taken":[{"damage":0,"enemies":"2 Louse","floor":1,"turns":1},{"damage":0,"enemies":"3 Sentries","floor":6,"turns":1},{"damage":0,"enemies":"Lagavulin","floor":8,"turns":1},{"damage":2,"enemies":"Jaw Worm","floor":11,"turns":3},{"damage":31,"enemies":"Gremlin Nob","floor":12,"turns":4},{"damage":4,"enemies":"Small Slimes","floor":14,"turns":3},{"damage":56,"enemies":"Slime Boss","floor":16,"turns":8}],"seed_played":"-4187298268336759586","potions_obtained":[{"floor":1,"key":"SpeedPotion"},{"floor":8,"key":"Energy Potion"},{"floor":12,"key":"EssenceOfSteel"}],"is_trial":false,"path_per_floor":["M","?","?","?","?","E","R","E","T","R","M","E","?","M","R","B"],"character_chosen":"IRONCLAD","items_purchased":[],"campfire_rested":0,"item_purchase_floors":[],"current_hp_per_floor":[74,48,53,53,53,59,59,65,65,65,69,51,51,53,53,0],"gold":311,"neow_bonus":"THREE_ENEMY_KILL","is_prod":false,"is_daily":false,"chose_seed":false,"campfire_upgraded":3,"win_rate":0,"timestamp":1552540387,"path_taken":["M","?","?","?","?","E","R","E","T","R","M","E","?","M","R","BOSS"],"build_version":"2019-01-23","purchased_purges":0,"victory":false,"max_hp_per_floor":[75,75,80,80,80,80,80,80,80,80,80,87,87,87,87,87],"card_choices":[{"not_picked":["Rage","Entrench"],"picked":"Wild Strike","floor":1},{"not_picked":["Feel No Pain","Shrug It Off"],"picked":"Fire Breathing","floor":6},{"not_picked":["Rage","Body Slam"],"picked":"Pommel Strike","floor":8},{"not_picked":["Armaments","Shrug It Off"],"picked":"True Grit","floor":11},{"not_picked":["Reckless Charge","Entrench","Warcry"],"picked":"SKIP","floor":12},{"not_picked":["Twin Strike","Burning Pact"],"picked":"Feed","floor":14}],"player_experience":1106152,"relics_obtained":[{"floor":6,"key":"Pen Nib"},{"floor":8,"key":"Potion Belt"},{"floor":9,"key":"Juzu Bracelet"},{"floor":12,"key":"Strawberry"}],"event_choices":[{"damage_healed":0,"gold_gain":0,"player_choice":"Take Damage","damage_taken":26,"relics_obtained":["Golden Idol"],"max_hp_gain":0,"max_hp_loss":0,"event_name":"Golden Idol","floor":2,"gold_loss":0},{"damage_healed":0,"gold_gain":0,"player_choice":"Donut","damage_taken":0,"max_hp_gain":5,"max_hp_loss":0,"event_name":"Big Fish","floor":3,"gold_loss":0},{"damage_healed":0,"gold_gain":0,"player_choice":"Grow","damage_taken":0,"max_hp_gain":0,"max_hp_loss":0,"event_name":"Living Wall","floor":4,"gold_loss":0,"cards_upgraded":["Wild Strike"]},{"damage_healed":0,"gold_gain":0,"player_choice":"Ignored","damage_taken":0,"max_hp_gain":0,"max_hp_loss":0,"event_name":"Shining Light","floor":5,"gold_loss":0},{"damage_healed":0,"gold_gain":0,"player_choice":"Upgraded","damage_taken":0,"max_hp_gain":0,"max_hp_loss":0,"event_name":"Upgrade Shrine","floor":13,"gold_loss":0,"cards_upgraded":["True Grit"]}],"is_beta":false,"boss_relics":[],"items_purged_floors":[],"is_endless":false,"potions_floor_spawned":[1,8,12],"killed_by":"Slime Boss","ascension_level":18}