{"path_per_floor":["M","M","?","$","M","E","R","M","T","$","E","R","M","?","R","B",null,"M","?","?","?","M","R","$","R","T","M","E","?","?","M","R","B",null,"M","?","M","$","?","E","R","E","T","?","M","M","R","$","R","B"],"character_chosen":"IRONCLAD","items_purchased":["Inflame","Dual Wield","Swift Strike","Sword Boomerang","Toxic Egg 2","Apotheosis","Shockwave","Metallicize"],"gold_per_floor":[111,125,300,112,129,154,154,174,174,81,111,111,123,192,192,294,294,308,308,308,308,323,323,297,297,344,360,395,395,395,411,411,512,512,522,522,540,54,0,61,61,88,157,157,174,190,190,13,13,13],"floor_reached":51,"campfire_rested":3,"playtime":1686,"current_hp_per_floor":[80,80,80,80,80,56,56,55,55,55,55,55,61,61,61,23,80,78,78,63,63,62,62,62,62,62,59,45,45,45,25,50,27,85,82,71,71,71,71,62,62,59,59,49,46,52,77,77,85,13],"items_purged":["Doubt","Pain"],"gold":13,"score":780,"play_id":"7d8787fd-fbce-47e5-bdc6-9b46c1cd2e06","local_time":"20180412235338","is_prod":false,"is_daily":false,"chose_seed":false,"is_ascension_mode":false,"campfire_upgraded":3,"timestamp":1523591618,"path_taken":["M","?","?","?","M","E","R","M","T","$","E","R","M","?","R","BOSS","M","?","?","?","M","R","$","R","T","M","E","?","?","M","R","BOSS","M","?","M","$","?","E","R","E","T","?","M","M","R","$","R","BOSS"],"build_version":"2018-04-12","seed_source_timestamp":7067911951095,"purchased_purges":4,"victory":true,"master_deck":["Strike_R+1","Strike_R+1","Strike_R+1","Strike_R+1","Strike_R+1","Defend_R+1","Defend_R+1","Defend_R+1","Defend_R+1","Bash","Clash","Twin Strike","Inflame+1","Dual Wield+1","Wild Strike","Pommel Strike","Swift Strike","Clothesline","Anger+1","Heavy Blade","Pommel Strike+1","Sword Boomerang","Disarm+1","Twin Strike","Demon Form+1","Headbutt+1","Madness","Madness","Apotheosis+1","Shockwave+1","Shrug It Off+1","Mind Blast+1","Madness+1","Finesse+1","Pommel Strike+1","Thunderclap+1","Metallicize+1"],"max_hp_per_floor":[80,80,80,80,80,80,80,80,80,80,80,80,80,80,80,80,80,80,80,85,85,85,85,85,85,85,85,85,85,85,85,85,85,85,85,85,85,85,85,85,85,85,85,85,85,85,85,85,85,85],"relics":["Burning Blood","Oddly Smooth Stone","Frozen Egg 2","Girya","Cursed Key","Juzu Bracelet","Du-Vu Doll","Spirit Poop","Philosopher\u0027s Stone","Toxic Egg 2","Red Mask","Tiny Chest","Lantern","Molten Egg 2"],"card_choices":[{"not_picked":["Body Slam","Cleave"],"picked":"Clash","floor":1},{"not_picked":["Pummel","Wild Strike"],"picked":"Twin Strike","floor":2},{"not_picked":["Thunderclap","Shockwave"],"picked":"Wild Strike","floor":5},{"not_picked":["Rampage","Warcry"],"picked":"Pommel Strike","floor":6},{"not_picked":["Havoc","Reckless Charge"],"picked":"Clothesline","floor":11},{"not_picked":["Blood for Blood","Juggernaut"],"picked":"Anger","floor":13},{"not_picked":["Searing Blow","Armaments"],"picked":"Heavy Blade","floor":18},{"not_picked":["Clash","Warcry"],"picked":"Pommel Strike","floor":22},{"not_picked":["Fire Breathing","Clothesline"],"picked":"Disarm","floor":27},{"not_picked":["Hemokinesis","Rage"],"picked":"Twin Strike","floor":31},{"not_picked":["Bludgeon","Reaper"],"picked":"Demon Form","floor":33},{"not_picked":["Flame Barrier","Sword Boomerang"],"picked":"Headbutt","floor":35},{"not_picked":["Armaments","Evolve"],"picked":"Shrug It Off","floor":42},{"not_picked":["Madness","Deep Breath"],"picked":"Mind Blast","floor":44},{"not_picked":["Jack Of All Trades","Apotheosis"],"picked":"Madness","floor":44},{"not_picked":["Trip","Blind"],"picked":"Finesse","floor":44},{"not_picked":["Shrug It Off","Flex"],"picked":"Pommel Strike","floor":45},{"not_picked":["Sword Boomerang","Cleave"],"picked":"Thunderclap","floor":46}],"player_experience":843721,"potions_floor_usage":[6,22,28,28,42,50,50,50],"damage_taken":[{"damage":6,"enemies":"Cultist","floor":1,"turns":3},{"damage":0,"enemies":"2 Louse","floor":2,"turns":2},{"damage":0,"enemies":"Small Slimes","floor":5,"turns":3},{"damage":30,"enemies":"Gremlin Nob","floor":6,"turns":4},{"damage":7,"enemies":"3 Louse","floor":8,"turns":3},{"damage":6,"enemies":"3 Sentries","floor":11,"turns":6},{"damage":0,"enemies":"Exordium Thugs","floor":13,"turns":4},{"damage":44,"enemies":"Hexaghost","floor":16,"turns":6},{"damage":8,"enemies":"2 Thieves","floor":18,"turns":3},{"damage":7,"enemies":"3 Byrds","floor":22,"turns":4},{"damage":9,"enemies":"Snake Plant","floor":27,"turns":2},{"damage":20,"enemies":"Slavers","floor":28,"turns":4},{"damage":26,"enemies":"Centurion and Healer","floor":31,"turns":4},{"damage":29,"enemies":"Collector","floor":33,"turns":7},{"damage":9,"enemies":"Orb Walker","floor":35,"turns":3},{"damage":6,"enemies":"3 Shapes","floor":37,"turns":3},{"damage":15,"enemies":"Giant Head","floor":40,"turns":6},{"damage":9,"enemies":"Nemesis","floor":42,"turns":3},{"damage":9,"enemies":"3 Darklings","floor":45,"turns":3},{"damage":0,"enemies":"4 Shapes","floor":46,"turns":6},{"damage":78,"enemies":"Donu and Deca","floor":50,"turns":9}],"event_choices":[{"event_name":"Liars Game","player_choice":"agreed","floor":3,"damage_taken":0},{"event_name":"Golden Wing","player_choice":"Gained Gold","floor":14,"damage_taken":0},{"event_name":"Vampires","player_choice":"Ignored","floor":19,"damage_taken":0},{"event_name":"Forgotten Altar","player_choice":"Shed Blood","floor":20,"damage_taken":0},{"event_name":"Ghosts","player_choice":"Ignored","floor":21,"damage_taken":0},{"event_name":"Back to Basics","player_choice":"Simplicity","floor":29,"damage_taken":0},{"event_name":"Bonfire Elementals","player_choice":"CURSE","floor":30,"damage_taken":0},{"event_name":"Winding Halls","player_choice":"Embrace Madness","floor":36,"damage_taken":0},{"event_name":"Tomb of Lord Red Mask","player_choice":"Paid","floor":39,"damage_taken":0},{"event_name":"SensoryStone","player_choice":"Memory 3","floor":44,"damage_taken":0}],"boss_relics":[{"not_picked":["Snecko Eye","Orrery"],"picked":"Cursed Key"},{"not_picked":["Runic Dome","Velvet Choker"],"picked":"Philosopher\u0027s Stone"}],"potions_floor_spawned":[5,8,13,16,18,22,33,37,40,45],"seed_played":"4087019911825982592","ascension_level":0,"is_trial":false}