{"gold_per_floor":[117,136,52,52,52,112,122,122],"floor_reached":8,"playtime":228,"items_purged":[],"score":162,"play_id":"77b6988f-dff6-4c64-96f8-ad182a9085c9","local_time":"20190413210411","is_ascension_mode":true,"campfire_choices":[],"neow_cost":"NONE","seed_source_timestamp":182584269920109,"circlet_count":0,"master_deck":["AscendersBane","Defend_G+1","Defend_G","Defend_G","Defend_G","Defend_G","Strike_G","Strike_G","Strike_G","Strike_G","Strike_G","Survivor","Neutralize+1","Crippling Poison+1","PiercingWail","Caltrops","Adrenaline"],"relics":["Ring of the Snake","NeowsBlessing","Tiny Chest"],"potions_floor_usage":[8,8],"damage_taken":[{"damage":0,"enemies":"Cultist","floor":1,"turns":1},{"damage":0,"enemies":"2 Louse","floor":2,"turns":1},{"damage":0,"enemies":"Lagavulin","floor":6,"turns":1},{"damage":6,"enemies":"Small Slimes","floor":7,"turns":3},{"damage":44,"enemies":"Gremlin Nob","floor":8,"turns":4}],"seed_played":"-4624403490626604956","potions_obtained":[{"floor":2,"key":"Swift Potion"},{"floor":6,"key":"PowerPotion"}],"is_trial":false,"path_per_floor":["M","M","$","?","?","E","M","E"],"character_chosen":"THE_SILENT","items_purchased":["Caltrops"],"campfire_rested":0,"item_purchase_floors":[3],"current_hp_per_floor":[59,59,59,59,39,39,33,0],"gold":122,"neow_bonus":"THREE_ENEMY_KILL","is_prod":false,"is_daily":false,"chose_seed":false,"campfire_upgraded":0,"win_rate":0,"timestamp":1555203851,"path_taken":["M","?","$","?","?","E","M","E"],"build_version":"2019-01-23","purchased_purges":0,"victory":false,"max_hp_per_floor":[66,66,66,66,66,66,66,66],"card_choices":[{"not_picked":["Bane","Backflip"],"picked":"Crippling Poison","floor":1},{"not_picked":["Slice","Cloak And Dagger"],"picked":"PiercingWail","floor":2},{"not_picked":["Night Terror","Reflex"],"picked":"Adrenaline","floor":6},{"not_picked":["Flying Knee","Dagger Spray","Setup"],"picked":"SKIP","floor":7}],"player_experience":1841758,"relics_obtained":[{"floor":6,"key":"Tiny Chest"}],"event_choices":[{"damage_healed":0,"gold_gain":0,"player_choice":"Grow","damage_taken":0,"max_hp_gain":0,"max_hp_loss":0,"event_name":"Living Wall","floor":4,"gold_loss":0,"cards_upgraded":["Crippling Poison"]},{"damage_healed":0,"gold_gain":0,"player_choice":"Entered Light","damage_taken":20,"max_hp_gain":0,"max_hp_loss":0,"event_name":"Shining Light","floor":5,"gold_loss":0,"cards_upgraded":["Defend_G","Neutralize"]}],"is_beta":false,"boss_relics":[],"items_purged_floors":[],"is_endless":false,"potions_floor_spawned":[2,6,7],"killed_by":"Gremlin Nob","ascension_level":20}