{"gold_per_floor":[212,224,224,224,240,240,284,284,284,298,298,312,5,41,41,41],"floor_reached":16,"playtime":328,"items_purged":["Strike_B"],"score":198,"play_id":"ad7b5e9a-3c81-4fe2-8a94-ae7eb9475f5a","local_time":"20180923114558","is_ascension_mode":true,"campfire_choices":[{"data":"Zap","floor":6,"key":"SMITH"},{"data":"Dualcast","floor":8,"key":"SMITH"},{"data":"Blizzard","floor":11,"key":"SMITH"},{"data":"Buffer","floor":15,"key":"SMITH"}],"neow_cost":"NONE","seed_source_timestamp":91836925266318,"circlet_count":0,"master_deck":["Strike_B","Strike_B","Strike_B","Defend_B","Defend_B","Defend_B","Defend_B","Zap+1","Dualcast+1","AscendersBane","Sweeping Beam","Blizzard+1","Leap","Chill","Buffer+1","Stack"],"relics":["Cracked Core","Golden Idol","Centennial Puzzle","Bottled Lightning","Sling","Frozen Egg 2"],"potions_floor_usage":[7,16],"damage_taken":[{"damage":1,"enemies":"Cultist","floor":1,"turns":3},{"damage":12,"enemies":"Small Slimes","floor":2,"turns":2},{"damage":0,"enemies":"2 Louse","floor":5,"turns":2},{"damage":20,"enemies":"3 Sentries","floor":7,"turns":6},{"damage":1,"enemies":"Looter","floor":10,"turns":3},{"damage":2,"enemies":"2 Fungi Beasts","floor":12,"turns":2},{"damage":13,"enemies":"Gremlin Nob","floor":14,"turns":4},{"damage":28,"enemies":"Hexaghost","floor":16,"turns":10}],"seed_played":"-7175020165993220194","potions_obtained":[{"floor":5,"key":"SkillPotion"},{"floor":7,"key":"Explosive Potion"},{"floor":14,"key":"Energy Potion"}],"is_trial":false,"path_per_floor":["M","M","?","?","M","R","E","R","T","M","R","M","$","E","R"],"character_chosen":"DEFECT","items_purchased":["Sling"],"campfire_rested":0,"item_purchase_floors":[13],"current_hp_per_floor":[63,51,71,64,64,64,44,44,44,43,43,41,41,28,28,0],"gold":41,"neow_bonus":"HUNDRED_GOLD","is_prod":false,"is_daily":false,"chose_seed":false,"campfire_upgraded":4,"win_rate":0,"timestamp":1537728358,"path_taken":["M","M","?","?","M","R","E","R","T","M","R","?","?","E","R","BOSS"],"build_version":"2018-09-20","purchased_purges":1,"victory":false,"max_hp_per_floor":[71,71,71,64,64,64,64,64,64,64,64,64,64,64,64,64],"card_choices":[{"not_picked":["Turbo","Static Discharge"],"picked":"Sweeping Beam","floor":1},{"not_picked":["Barrage","Beam Cell","Chaos"],"picked":"SKIP","floor":2},{"not_picked":["Streamline","Tempest"],"picked":"Blizzard","floor":5},{"not_picked":["Beam Cell","Blizzard"],"picked":"Leap","floor":7},{"not_picked":["Steam","Streamline"],"picked":"Chill","floor":10},{"not_picked":["Beam Cell","Stack"],"picked":"Buffer","floor":12},{"not_picked":["Compile Driver","Chaos"],"picked":"Stack","floor":14}],"player_experience":927645,"relics_obtained":[{"floor":7,"key":"Centennial Puzzle"},{"floor":9,"key":"Bottled Lightning"},{"floor":14,"key":"Frozen Egg 2"}],"event_choices":[{"event_name":"Big Fish","player_choice":"Banana","floor":3,"damage_taken":0},{"event_name":"Golden Idol","player_choice":"Lose Max HP","floor":4,"damage_taken":0}],"is_beta":true,"boss_relics":[],"items_purged_floors":[13],"is_endless":false,"potions_floor_spawned":[5,7,14],"killed_by":"Hexaghost","ascension_level":16}