{"gold_per_floor":[114,129,129,204,3,36,36,75,75,75,94,94,117,292,292,423,486,505,521,621,636,650,650,216,216,241,259,280,280,280,51,51,176,176,199,257,257,272,397,397,161,205,205,230,274,294,115,133,133,133],"floor_reached":51,"playtime":2145,"items_purged":["Doubt","Strike_G"],"score":815,"play_id":"24a5aa02-2829-4163-8b24-d9b26c66618c","local_time":"20190303000442","is_ascension_mode":false,"campfire_choices":[{"floor":10,"key":"REST"},{"data":"Bouncing Flask","floor":12,"key":"SMITH"},{"floor":15,"key":"REST"},{"floor":23,"key":"REST"},{"data":"Catalyst","floor":25,"key":"SMITH"},{"floor":32,"key":"REST"},{"data":"Catalyst","floor":40,"key":"SMITH"},{"floor":49,"key":"REST"}],"neow_cost":"NONE","seed_source_timestamp":109769106964502,"circlet_count":0,"master_deck":["Defend_G","Defend_G","Defend_G","Defend_G","Strike_G+1","Strike_G","Strike_G+1","Strike_G+1","Survivor","Neutralize","Heel Hook","Bouncing Flask+1","Outmaneuver","Poisoned Stab","Deadly Poison","Setup","Noxious Fumes","Corpse Explosion","Dodge and Roll","Deflect+1","Deadly Poison","Poisoned Stab+1","Catalyst+1","Caltrops","Dagger Spray","Sucker Punch+1","Adrenaline+1","Finisher","Catalyst+1","Adrenaline","Backstab","Leg Sweep+1","Madness","Footwork+1","Catalyst+1","Backstab","Bouncing Flask+1","Distraction+1","Footwork","Outmaneuver+1"],"relics":["Ring of the Snake","NeowsBlessing","Golden Idol","Lantern","Bottled Flame","Bag of Preparation","Question Card","Tiny House","MealTicket","Whetstone","War Paint","Sozu","Torii","Girya","Anchor","Blood Vial","Shovel"],"potions_floor_usage":[8,16,18,19,22,33,42,50],"damage_taken":[{"damage":0,"enemies":"Cultist","floor":1,"turns":1},{"damage":0,"enemies":"Jaw Worm","floor":2,"turns":1},{"damage":0,"enemies":"3 Sentries","floor":6,"turns":1},{"damage":15,"enemies":"Gremlin Nob","floor":8,"turns":4},{"damage":0,"enemies":"Small Slimes","floor":11,"turns":3},{"damage":10,"enemies":"3 Louse","floor":13,"turns":3},{"damage":24,"enemies":"The Guardian","floor":16,"turns":9},{"damage":20,"enemies":"Spheric Guardian","floor":18,"turns":4},{"damage":5,"enemies":"3 Byrds","floor":19,"turns":3},{"damage":14,"enemies":"3 Cultists","floor":21,"turns":3},{"damage":6,"enemies":"Snecko","floor":22,"turns":5},{"damage":0,"enemies":"Chosen and Byrds","floor":27,"turns":4},{"damage":45,"enemies":"Centurion and Healer","floor":28,"turns":6},{"damage":50,"enemies":"Champ","floor":33,"turns":10},{"damage":4,"enemies":"Orb Walker","floor":35,"turns":3},{"damage":0,"enemies":"2 Orb Walkers","floor":36,"turns":1},{"damage":0,"enemies":"3 Shapes","floor":38,"turns":2},{"damage":0,"enemies":"Mind Bloom Boss Battle","floor":39,"turns":3},{"damage":17,"enemies":"Nemesis","floor":42,"turns":5},{"damage":0,"enemies":"Writhing Mass","floor":44,"turns":2},{"damage":15,"enemies":"Reptomancer","floor":45,"turns":5},{"damage":10,"enemies":"Sphere and 2 Shapes","floor":46,"turns":5},{"damage":20,"enemies":"3 Darklings","floor":48,"turns":7},{"damage":62,"enemies":"Donu and Deca","floor":50,"turns":4}],"seed_played":"3214269846543264622","potions_obtained":[{"floor":1,"key":"FairyPotion"},{"floor":2,"key":"GhostInAJar"},{"floor":13,"key":"SkillPotion"},{"floor":16,"key":"Poison Potion"},{"floor":17,"key":"Regen Potion"},{"floor":21,"key":"Block Potion"},{"floor":22,"key":"Ancient Potion"},{"floor":28,"key":"Explosive Potion"},{"floor":33,"key":"Regen Potion"}],"is_trial":false,"path_per_floor":["M","M","?","?","$","E","$","E","T","R","M","R","M","?","R","B",null,"M","M","?","M","M","R","$","R","T","M","M","?","?","$","R","B",null,"M","?","?","M","?","R","$","E","T","M","E","M","$","M","R","B",null],"character_chosen":"THE_SILENT","items_purchased":["Lantern","Outmaneuver","Catalyst","MealTicket","Caltrops","Dagger Spray","Catalyst","War Paint","Backstab","Anchor","Footwork"],"campfire_rested":5,"item_purchase_floors":[5,5,24,24,24,24,31,31,41,41,47],"current_hp_per_floor":[70,70,65,54,54,54,54,39,39,58,58,58,48,48,65,41,70,50,54,54,40,34,55,55,55,55,55,10,10,10,25,46,7,70,66,66,66,66,66,66,66,62,62,64,51,43,58,40,61,1],"gold":133,"neow_bonus":"THREE_ENEMY_KILL","is_prod":false,"is_daily":false,"chose_seed":false,"campfire_upgraded":3,"win_rate":0,"timestamp":1551589482,"path_taken":["M","?","?","?","$","E","$","E","T","R","M","R","M","?","R","BOSS","M","M","?","M","M","R","$","R","T","?","M","?","?","$","R","BOSS","M","?","?","?","?","R","?","E","T","?","E","M","$","M","R","BOSS"],"build_version":"2019-01-23","purchased_purges":2,"victory":true,"max_hp_per_floor":[70,70,65,65,65,65,65,65,65,65,65,65,65,65,65,65,70,70,70,70,70,70,70,70,70,70,70,70,70,70,70,70,70,70,70,70,70,70,70,70,70,70,70,70,70,70,70,70,70,70],"card_choices":[{"not_picked":["Choke","Bane"],"picked":"Heel Hook","floor":1},{"not_picked":["Choke","Expertise"],"picked":"Bouncing Flask","floor":2},{"not_picked":["All Out Attack","Underhanded Strike"],"picked":"Poisoned Stab","floor":6},{"not_picked":["Cloak And Dagger","Deflect"],"picked":"Deadly Poison","floor":8},{"not_picked":["Outmaneuver","Acrobatics","Eviscerate"],"picked":"Setup","floor":11},{"not_picked":["Prepared","Masterful Stab","Deadly Poison"],"picked":"Noxious Fumes","floor":13},{"not_picked":["Tools of the Trade","Unload","Malaise"],"picked":"Corpse Explosion","floor":16},{"not_picked":["Outmaneuver","Distraction","Dash"],"picked":"Dodge and Roll","floor":17},{"not_picked":["Dagger Throw","Eviscerate+1","Underhanded Strike"],"picked":"Dodge and Roll","floor":18},{"not_picked":["Sucker Punch","Underhanded Strike","Finisher"],"picked":"Deflect+1","floor":19},{"not_picked":["A Thousand Cuts","Sucker Punch+1","PiercingWail"],"picked":"Deadly Poison","floor":21},{"not_picked":["Expertise+1","Flying Knee","PiercingWail"],"picked":"Poisoned Stab+1","floor":22},{"not_picked":["Unload","Dodge and Roll","Dagger Spray"],"picked":"Sucker Punch+1","floor":27},{"not_picked":["Underhanded Strike","Sucker Punch","PiercingWail","Deflect"],"picked":"SKIP","floor":28},{"not_picked":["Malaise","Night Terror","Die Die Die"],"picked":"Adrenaline","floor":33},{"not_picked":["PiercingWail+1","Tactician","Dagger Throw+1"],"picked":"Backstab","floor":35},{"not_picked":["Acrobatics+1","Predator","Deadly Poison"],"picked":"Leg Sweep+1","floor":36},{"not_picked":["Deep Breath","Finesse","Good Instincts"],"picked":"Madness","floor":37},{"not_picked":["Deflect+1","Crippling Poison","Poisoned Stab+1"],"picked":"Footwork+1","floor":38},{"not_picked":["Sucker Punch+1","Deadly Poison+1","Poisoned Stab"],"picked":"Catalyst","floor":39},{"not_picked":["Slice+1","Tactician","Catalyst"],"picked":"Bouncing Flask+1","floor":42},{"not_picked":["Acrobatics+1","Accuracy+1","Dagger Throw","All Out Attack"],"picked":"SKIP","floor":44},{"not_picked":["Prepared+1","Flying Knee+1","Dagger Throw+1"],"picked":"Distraction+1","floor":45},{"not_picked":["PiercingWail","Infinite Blades+1","Blade Dance+1","Dash+1"],"picked":"SKIP","floor":46},{"not_picked":["Flechettes","Poisoned Stab","Skewer+1"],"picked":"Outmaneuver+1","floor":48}],"player_experience":623378,"relics_obtained":[{"floor":6,"key":"Bottled Flame"},{"floor":8,"key":"Bag of Preparation"},{"floor":9,"key":"Question Card"},{"floor":26,"key":"Whetstone"},{"floor":36,"key":"Torii"},{"floor":39,"key":"Girya"},{"floor":42,"key":"Blood Vial"},{"floor":45,"key":"Shovel"}],"event_choices":[{"damage_healed":0,"gold_gain":0,"player_choice":"Lose Max HP","damage_taken":0,"relics_obtained":["Golden Idol"],"max_hp_gain":0,"max_hp_loss":5,"event_name":"Golden Idol","floor":3,"gold_loss":0},{"damage_healed":0,"gold_gain":75,"player_choice":"Gather Gold","damage_taken":11,"max_hp_gain":0,"max_hp_loss":0,"event_name":"World of Goop","floor":4,"gold_loss":0},{"damage_healed":0,"gold_gain":175,"player_choice":"AGREE","damage_taken":0,"max_hp_gain":0,"max_hp_loss":0,"event_name":"Liars Game","floor":14,"gold_loss":0,"cards_obtained":["Doubt"]},{"damage_healed":0,"gold_gain":100,"player_choice":"Pray","damage_taken":0,"max_hp_gain":0,"max_hp_loss":0,"event_name":"Golden Shrine","floor":20,"gold_loss":0},{"damage_healed":0,"gold_gain":0,"cards_transformed":["Dodge and Roll","Defend_G"],"player_choice":"Became Test Subject","damage_taken":0,"max_hp_gain":0,"max_hp_loss":0,"event_name":"Drug Dealer","floor":29,"gold_loss":0,"cards_obtained":["Adrenaline","Finisher"]},{"damage_healed":0,"gold_gain":0,"player_choice":"Ignored","damage_taken":0,"max_hp_gain":0,"max_hp_loss":0,"event_name":"Vampires","floor":30,"gold_loss":0},{"damage_healed":0,"gold_gain":0,"player_choice":"Fight","damage_taken":0,"max_hp_gain":0,"max_hp_loss":0,"event_name":"Mysterious Sphere","floor":36,"gold_loss":0},{"damage_healed":0,"gold_gain":0,"player_choice":"Memory 1","damage_taken":0,"max_hp_gain":0,"max_hp_loss":0,"event_name":"SensoryStone","floor":37,"gold_loss":0},{"damage_healed":0,"gold_gain":0,"player_choice":"Fight","damage_taken":0,"max_hp_gain":0,"max_hp_loss":0,"event_name":"MindBloom","floor":39,"gold_loss":0}],"is_beta":false,"boss_relics":[{"not_picked":["Empty Cage","White Beast Statue"],"picked":"Tiny House"},{"not_picked":["Runic Dome","Busted Crown"],"picked":"Sozu"}],"items_purged_floors":[24,47],"is_endless":false,"potions_floor_spawned":[1,2,13,16,21,22,28,33,39,42,45,46,48],"ascension_level":0}