{"gold_per_floor":[109,124,199,212,231,231,231,231,256,16,48,62,77,96,96,195,195,210,221,221,221,238,238,263,263,288,288,307,319,352,451,451,451],"floor_reached":33,"playtime":1805,"items_purged":[],"score":400,"play_id":"cde4bac5-2b09-4108-b1b2-43ff4112f998","local_time":"20181126234815","is_ascension_mode":true,"campfire_choices":[{"data":"Bludgeon","floor":6.0,"key":"SMITH"},{"floor":8.0,"key":"REST"},{"data":"Armaments","floor":15.0,"key":"SMITH"},{"floor":23.0,"key":"REST"},{"data":"Perfected Strike","floor":25,"key":"SMITH"},{"data":"Flex","floor":27,"key":"SMITH"},{"data":"Seeing Red","floor":32,"key":"SMITH"}],"neow_cost":"TEN_PERCENT_HP_LOSS","seed_source_timestamp":0,"circlet_count":0,"master_deck":["Strike_R","Strike_R","Strike_R","Strike_R","Strike_R","Defend_R","Defend_R","Defend_R","Defend_R","Bash","Bludgeon+1","Pommel Strike","Armaments+1","Body Slam","Immolate","Offering","Metallicize","Pommel Strike","Flex+1","Immolate","Seeing Red+1","Wild Strike+1","Perfected Strike+1","Spot Weakness+1","Infernal Blade","Dual Wield+1","Ghostly Armor+1"],"special_seed":0,"relics":["Burning Blood","Pen Nib","Gremlin Horn","Regal Pillow","Mark of Pain","Nilry\u0027s Codex","Matryoshka","Bag of Preparation","Orichalcum","Kunai"],"potions_floor_usage":[28,29,33],"damage_taken":[{"damage":9.0,"enemies":"Jaw Worm","floor":1.0,"turns":3.0},{"damage":10.0,"enemies":"2 Louse","floor":2.0,"turns":2.0},{"damage":1.0,"enemies":"Cultist","floor":4.0,"turns":3.0},{"damage":28.0,"enemies":"Large Slime","floor":5.0,"turns":5.0},{"damage":12.0,"enemies":"3 Sentries","floor":11.0,"turns":4.0},{"damage":6.0,"enemies":"Exordium Wildlife","floor":12.0,"turns":1.0},{"damage":11.0,"enemies":"3 Louse","floor":13.0,"turns":2.0},{"damage":7.0,"enemies":"Looter","floor":14.0,"turns":3.0},{"damage":6.0,"enemies":"Slime Boss","floor":16.0,"turns":11.0},{"damage":2.0,"enemies":"Chosen","floor":18.0,"turns":3.0},{"damage":16.0,"enemies":"Shell Parasite","floor":19.0,"turns":4.0},{"damage":20.0,"enemies":"Chosen and Byrds","floor":22.0,"turns":5.0},{"damage":0,"enemies":"Gremlin Leader","floor":24,"turns":3},{"damage":0,"enemies":"Snake Plant","floor":28,"turns":1},{"damage":6,"enemies":"Snecko","floor":29,"turns":2},{"damage":17,"enemies":"Slavers","floor":30,"turns":3},{"damage":74,"enemies":"Champ","floor":33,"turns":8}],"seed_played":"1517771085381746527","potions_obtained":[{"floor":5.0,"key":"Poison Potion"},{"floor":11.0,"key":"Energy Potion"},{"floor":12.0,"key":"BloodPotion"},{"floor":14.0,"key":"Explosive Potion"},{"floor":16.0,"key":"SpeedPotion"},{"floor":18.0,"key":"Poison Potion"},{"floor":24,"key":"Strength Potion"},{"floor":28,"key":"Fire Potion"}],"is_trial":false,"path_per_floor":["M","M","?","M","M","R","?","R","T","$","E","M","M","M","R","B",null,"M","M","?","?","M","R","E","R","T","R","M","M","E","?","R","B"],"character_chosen":"IRONCLAD","items_purchased":["Gremlin Horn"],"campfire_rested":2,"item_purchase_floors":[10],"current_hp_per_floor":[69,65,54,59,37,37,37,58,58,58,52,52,54,53,53,53,72,72,62,62,46,32,68,72,72,72,72,72,72,61,61,61,0],"gold":451,"neow_bonus":"THREE_RARE_CARDS","is_prod":false,"is_daily":false,"chose_seed":false,"campfire_upgraded":5,"win_rate":0,"timestamp":1543294095,"path_taken":["M","M","?","M","M","R","?","R","T","$","E","M","M","?","R","BOSS","M","M","?","?","M","R","E","R","T","R","M","M","E","?","R","BOSS"],"build_version":"2018-11-15","purchased_purges":0,"victory":false,"max_hp_per_floor":[72,72,72,72,72,72,72,72,72,72,72,72,72,72,72,72,72,72,72,72,72,72,72,72,72,72,72,72,72,72,72,72,72],"card_choices":[{"not_picked":["Feed","Juggernaut"],"picked":"Bludgeon","floor":0.0},{"not_picked":["Clothesline","Uppercut"],"picked":"Pommel Strike","floor":1.0},{"not_picked":["Wild Strike","Havoc"],"picked":"Armaments","floor":2.0},{"not_picked":["Reckless Charge","Uppercut"],"picked":"Body Slam","floor":4.0},{"not_picked":["Searing Blow","Anger"],"picked":"Combust","floor":5.0},{"not_picked":["Thunderclap","Twin Strike"],"picked":"Offering","floor":11.0},{"not_picked":["Searing Blow","Clothesline"],"picked":"Metallicize","floor":12.0},{"not_picked":["Armaments","Sever Soul"],"picked":"Pommel Strike","floor":13.0},{"not_picked":["Pommel Strike","Corruption"],"picked":"Flex","floor":14.0},{"not_picked":["Juggernaut","Brutality"],"picked":"Immolate","floor":16.0},{"not_picked":["Shrug It Off","Sword Boomerang"],"picked":"Seeing Red","floor":18.0},{"not_picked":["Twin Strike","Warcry"],"picked":"Wild Strike+1","floor":19.0},{"not_picked":["Cleave","Rampage"],"picked":"Perfected Strike","floor":22.0},{"not_picked":["Sword Boomerang+1","Wild Strike"],"picked":"Spot Weakness+1","floor":24},{"not_picked":["Reckless Charge+1","Rupture+1"],"picked":"Infernal Blade","floor":28},{"not_picked":["Heavy Blade","Pommel Strike"],"picked":"Dual Wield+1","floor":29},{"not_picked":["Juggernaut","Rage"],"picked":"Ghostly Armor+1","floor":30}],"player_experience":377606,"relics_obtained":[{"floor":9.0,"key":"Pen Nib"},{"floor":11.0,"key":"Regal Pillow"},{"floor":21.0,"key":"Nilry\u0027s Codex"},{"floor":24,"key":"Matryoshka"},{"floor":26,"key":"Bag of Preparation"},{"floor":26,"key":"Orichalcum"},{"floor":30,"key":"Kunai"}],"event_choices":[{"damage_healed":0.0,"max_hp_gain":0.0,"max_hp_loss":0.0,"gold_gain":75.0,"event_name":"World of Goop","player_choice":"Gather Gold","floor":3.0,"gold_loss":0.0,"damage_taken":11.0},{"damage_healed":0.0,"max_hp_gain":0.0,"max_hp_loss":0.0,"gold_gain":0.0,"cards_transformed":["Combust"],"event_name":"Transmorgrifier","player_choice":"Transformed","floor":7.0,"gold_loss":0.0,"damage_taken":0.0,"cards_obtained":["Immolate"]},{"damage_healed":0.0,"max_hp_gain":0.0,"max_hp_loss":0.0,"gold_gain":0.0,"event_name":"Ghosts","player_choice":"Ignored","floor":20.0,"gold_loss":0.0,"damage_taken":0.0},{"damage_healed":0.0,"max_hp_gain":0.0,"max_hp_loss":0.0,"gold_gain":0.0,"event_name":"Cursed Tome","player_choice":"Obtained Book","floor":21.0,"gold_loss":0.0,"damage_taken":16.0},{"damage_healed":0,"gold_gain":99,"player_choice":"Stole From Cult","damage_taken":0,"max_hp_gain":0,"max_hp_loss":0,"event_name":"Nest","floor":31,"gold_loss":0}],"is_beta":false,"boss_relics":[{"not_picked":["Calling Bell","Runic Pyramid"],"picked":"Mark of Pain"}],"items_purged_floors":[],"is_endless":false,"potions_floor_spawned":[5,11,12,14,16,18,24,28],"killed_by":"Champ","ascension_level":2}