{"gold_per_floor":[211,211,211,224,224,224,257,257,283,283],"floor_reached":10,"playtime":393,"items_purged":[],"score":128,"play_id":"77c2e8e8-ed93-4ac1-a756-252cb77ece67","local_time":"20190328174339","is_ascension_mode":true,"campfire_choices":[{"data":"Zap","floor":6,"key":"SMITH"},{"data":"Go for the Eyes","floor":8,"key":"SMITH"}],"neow_cost":"NONE","seed_source_timestamp":1008812275668339,"circlet_count":0,"master_deck":["AscendersBane","Strike_B","Strike_B","Strike_B","Strike_B","Defend_B","Defend_B","Defend_B","Defend_B","Zap+1","Dualcast","Go for the Eyes+1","Conserve Battery","Melter"],"relics":["Cracked Core","Golden Idol","Blood Vial"],"potions_floor_usage":[7,10],"damage_taken":[{"damage":1,"enemies":"Cultist","floor":1,"turns":3},{"damage":2,"enemies":"Small Slimes","floor":4,"turns":3},{"damage":43,"enemies":"3 Sentries","floor":7,"turns":9},{"damage":30,"enemies":"Lagavulin","floor":10,"turns":4}],"seed_played":"8261816812489404908","potions_obtained":[{"floor":1,"key":"PowerPotion"},{"floor":4,"key":"FearPotion"}],"is_trial":false,"path_per_floor":["M","?","?","M","?","R","E","R","T","E"],"character_chosen":"DEFECT","items_purchased":[],"campfire_rested":0,"item_purchase_floors":[],"current_hp_per_floor":[63,63,68,66,66,66,23,23,23,0],"gold":283,"neow_bonus":"HUNDRED_GOLD","is_prod":false,"is_daily":false,"chose_seed":false,"campfire_upgraded":2,"win_rate":0,"timestamp":1553809419,"path_taken":["M","?","?","M","?","R","E","R","T","E"],"build_version":"2019-01-23","purchased_purges":0,"victory":false,"max_hp_per_floor":[71,64,69,69,69,69,69,69,69,69],"card_choices":[{"not_picked":["Heatsinks","Tempest"],"picked":"Go for the Eyes","floor":1},{"not_picked":["Gash","Genetic Algorithm"],"picked":"Conserve Battery","floor":4},{"not_picked":["Aggregate","Barrage"],"picked":"Melter","floor":7}],"player_experience":1476798,"relics_obtained":[{"floor":7,"key":"Blood Vial"}],"event_choices":[{"damage_healed":0,"gold_gain":0,"player_choice":"Lose Max HP","damage_taken":0,"relics_obtained":["Golden Idol"],"max_hp_gain":0,"max_hp_loss":7,"event_name":"Golden Idol","floor":2,"gold_loss":0},{"damage_healed":0,"gold_gain":0,"player_choice":"Donut","damage_taken":0,"max_hp_gain":5,"max_hp_loss":0,"event_name":"Big Fish","floor":3,"gold_loss":0},{"damage_healed":0,"gold_gain":0,"player_choice":"Ignored","damage_taken":0,"max_hp_gain":0,"max_hp_loss":0,"event_name":"Liars Game","floor":5,"gold_loss":0}],"is_beta":false,"boss_relics":[],"items_purged_floors":[],"is_endless":false,"potions_floor_spawned":[1,4],"killed_by":"Lagavulin","ascension_level":20}