{"gold_per_floor":[115,115,179,73,73,73,143,198,224,238,238,52,52,119,119,196,196,216,234,300,315,174,174,11,23,23,73,173,242,260,310,310,310],"floor_reached":33,"playtime":1456,"items_purged":["Strike_G","Strike_G"],"score":598,"play_id":"c32826d7-cd24-41a3-939f-ccb23333fca9","local_time":"20190508144155","is_ascension_mode":true,"campfire_choices":[{"data":"Neutralize","floor":6.0,"key":"SMITH"},{"data":"Deadly Poison","floor":11.0,"key":"SMITH"},{"data":"Noxious Fumes","floor":13.0,"key":"SMITH"},{"data":"Dodge and Roll","floor":15.0,"key":"SMITH"},{"floor":23.0,"key":"REST"},{"floor":32,"key":"REST"}],"neow_cost":"NONE","seed_source_timestamp":1369692583175048,"circlet_count":0,"master_deck":["AscendersBane","Defend_G","Defend_G","Defend_G","Defend_G","Defend_G","Strike_G","Strike_G","Strike_G+1","Survivor","Neutralize+1","Deadly Poison+1","Masterful Stab+1","Cloak And Dagger","Dodge and Roll+1","Backflip","Noxious Fumes+1","Escape Plan","Adrenaline","PiercingWail","Catalyst","Footwork","Backflip"],"special_seed":0,"relics":["Ring of the Snake","NeowsBlessing","SsserpentHead","Tiny Chest","Whetstone","Fusion Hammer","Vajra","Molten Egg 2","Enchiridion"],"potions_floor_usage":[25,33],"damage_taken":[{"damage":0.0,"enemies":"Jaw Worm","floor":1.0,"turns":1.0},{"damage":0.0,"enemies":"Cultist","floor":3.0,"turns":1.0},{"damage":0.0,"enemies":"2 Louse","floor":7.0,"turns":1.0},{"damage":27.0,"enemies":"Gremlin Nob","floor":8.0,"turns":4.0},{"damage":1.0,"enemies":"Looter","floor":10.0,"turns":3.0},{"damage":1.0,"enemies":"Lots of Slimes","floor":14.0,"turns":4.0},{"damage":0.0,"enemies":"The Guardian","floor":16.0,"turns":9.0},{"damage":7.0,"enemies":"3 Byrds","floor":18.0,"turns":5.0},{"damage":0.0,"enemies":"Shell Parasite","floor":19.0,"turns":4.0},{"damage":7.0,"enemies":"Snake Plant","floor":20.0,"turns":5.0},{"damage":11.0,"enemies":"3 Cultists","floor":21.0,"turns":6.0},{"damage":12,"enemies":"Cultist and Chosen","floor":25,"turns":5},{"damage":5,"enemies":"Snake Plant","floor":29,"turns":4},{"damage":8,"enemies":"Shelled Parasite and Fungi","floor":30,"turns":5},{"damage":60,"enemies":"Champ","floor":33,"turns":14}],"seed_played":"-2604967341773906408","potions_obtained":[{"floor":1.0,"key":"Regen Potion"},{"floor":7.0,"key":"Dexterity Potion"},{"floor":10.0,"key":"Ancient Potion"},{"floor":18.0,"key":"Fire Potion"}],"is_trial":false,"path_per_floor":["M","?","M","$","$","R","M","E","T","M","R","$","R","M","R","B",null,"M","M","M","M","$","R","$","M","T","?","?","M","M","?","R","B"],"character_chosen":"THE_SILENT","items_purchased":["Cloak And Dagger","Fire Potion","Noxious Fumes","Footwork","Poison Potion","Vajra"],"campfire_rested":2,"item_purchase_floors":[4,4,12,22,22,24],"current_hp_per_floor":[59,59,59,59,59,59,59,32,32,31,31,31,31,30,30,30,57,50,50,43,32,32,51,51,39,39,52,52,47,39,18,37,0],"gold":310,"neow_bonus":"THREE_ENEMY_KILL","is_prod":false,"is_daily":false,"chose_seed":false,"campfire_upgraded":4,"win_rate":0,"timestamp":1557340915,"path_taken":["M","?","?","?","$","R","?","E","T","M","R","$","R","?","R","BOSS","M","M","?","M","$","R","$","M","T","?","?","?","M","?","R","BOSS"],"build_version":"2019-01-23","purchased_purges":2,"victory":false,"max_hp_per_floor":[66,66,66,66,66,66,66,66,66,66,66,66,66,66,66,66,66,66,66,66,66,66,66,66,66,66,66,66,66,66,66,66,66],"card_choices":[{"not_picked":["Expertise","Terror"],"picked":"Deadly Poison","floor":1.0},{"not_picked":["Blade Dance","Flying Knee"],"picked":"Masterful Stab","floor":3.0},{"not_picked":["Setup","Sucker Punch","Tactician"],"picked":"SKIP","floor":7.0},{"not_picked":["Concentrate","Terror"],"picked":"Dodge and Roll","floor":8.0},{"not_picked":["Dagger Throw","Poisoned Stab"],"picked":"Backflip","floor":10.0},{"not_picked":["Dagger Throw","Underhanded Strike"],"picked":"Escape Plan","floor":14.0},{"not_picked":["Die Die Die","Malaise"],"picked":"Adrenaline","floor":16.0},{"not_picked":["Masterful Stab","Blade Dance","Slice"],"picked":"SKIP","floor":18.0},{"not_picked":["Underhanded Strike","Predator"],"picked":"PiercingWail","floor":19.0},{"not_picked":["Calculated Gamble","Blur"],"picked":"Catalyst","floor":20.0},{"not_picked":["Blur","Dagger Spray","Noxious Fumes"],"picked":"SKIP","floor":21.0},{"not_picked":["Masterful Stab","Prepared","Flying Knee"],"picked":"SKIP","floor":25},{"not_picked":["Terror","Dodge and Roll"],"picked":"Backflip","floor":29},{"not_picked":["Infinite Blades","Blade Dance","Bane+1"],"picked":"SKIP","floor":30}],"player_experience":2475178,"relics_obtained":[{"floor":8.0,"key":"Tiny Chest"},{"floor":9.0,"key":"Whetstone"},{"floor":26,"key":"Molten Egg 2"},{"floor":31,"key":"Enchiridion"}],"event_choices":[{"damage_healed":0.0,"max_hp_gain":0.0,"max_hp_loss":0.0,"gold_gain":0.0,"event_name":"FaceTrader","player_choice":"Trade","floor":2.0,"gold_loss":0.0,"damage_taken":0.0,"relics_obtained":["SsserpentHead"]},{"damage_healed":13,"gold_gain":0,"player_choice":"Heal","damage_taken":0,"max_hp_gain":0,"max_hp_loss":0,"event_name":"The Library","floor":27,"gold_loss":0},{"damage_healed":0,"gold_gain":100,"player_choice":"Bet on Murderer","damage_taken":0,"max_hp_gain":0,"max_hp_loss":0,"event_name":"The Joust","floor":28,"gold_loss":50},{"damage_healed":0,"gold_gain":0,"player_choice":"Obtained Book","damage_taken":21,"max_hp_gain":0,"max_hp_loss":0,"event_name":"Cursed Tome","floor":31,"gold_loss":0}],"is_beta":false,"boss_relics":[{"not_picked":["Velvet Choker","WristBlade"],"picked":"Fusion Hammer"}],"items_purged_floors":[4,12],"is_endless":false,"potions_floor_spawned":[1,7,10,14,18],"killed_by":"Champ","ascension_level":20}