{"gold_per_floor":[116,116,266,278,289,324,324,359,385,385,399,428,428,462,462,462],"floor_reached":16,"playtime":441,"items_purged":[],"score":256,"play_id":"537e5905-1eaf-4940-ac3f-180d5981672f","local_time":"20190208175349","is_ascension_mode":true,"campfire_choices":[{"data":"Zap","floor":7,"key":"SMITH"},{"data":"Echo Form","floor":10,"key":"SMITH"},{"floor":13,"key":"REST"},{"data":"Recycle","floor":15,"key":"SMITH"}],"neow_cost":"NONE","seed_source_timestamp":455157309727204,"circlet_count":0,"master_deck":["AscendersBane","Strike_B","Strike_B","Strike_B","Strike_B","Defend_B","Defend_B","Defend_B","Defend_B","Zap+1","Dualcast","Sweeping Beam","Doubt","Cold Snap","Ball Lightning","Echo Form+1","Chill","Conserve Battery","Recycle+1","Glacier"],"relics":["Cracked Core","NeowsBlessing","Turnip","Anchor","Oddly Smooth Stone","Regal Pillow","Bag of Preparation","Pen Nib"],"potions_floor_usage":[6,8,12,16],"damage_taken":[{"damage":0,"enemies":"Cultist","floor":1,"turns":1},{"damage":0,"enemies":"Small Slimes","floor":4,"turns":1},{"damage":0,"enemies":"Jaw Worm","floor":5,"turns":1},{"damage":17,"enemies":"3 Sentries","floor":6,"turns":7},{"damage":8,"enemies":"Gremlin Nob","floor":8,"turns":3},{"damage":4,"enemies":"3 Louse","floor":11,"turns":3},{"damage":4,"enemies":"Lagavulin","floor":12,"turns":6},{"damage":40,"enemies":"Gremlin Nob","floor":14,"turns":5},{"damage":33,"enemies":"Hexaghost","floor":16,"turns":16}],"seed_played":"-427875251397963629","potions_obtained":[{"floor":1,"key":"Strength Potion"},{"floor":5,"key":"Dexterity Potion"},{"floor":6,"key":"Fire Potion"},{"floor":11,"key":"Poison Potion"}],"is_trial":false,"path_per_floor":["M","T","?","M","M","E","R","E","T","R","M","E","R","E","R","B"],"character_chosen":"DEFECT","items_purchased":[],"campfire_rested":1,"item_purchase_floors":[],"current_hp_per_floor":[64,64,64,64,64,47,47,39,39,39,35,31,67,27,27,0],"gold":462,"neow_bonus":"THREE_ENEMY_KILL","is_prod":false,"is_daily":false,"chose_seed":false,"campfire_upgraded":3,"win_rate":0,"timestamp":1549673629,"path_taken":["M","?","?","?","M","E","R","E","T","R","M","E","R","E","R","BOSS"],"build_version":"2019-02-06","purchased_purges":0,"victory":false,"max_hp_per_floor":[71,71,71,71,71,71,71,71,71,71,71,71,71,71,71,71],"card_choices":[{"not_picked":["Consume","Beam Cell"],"picked":"Sweeping Beam","floor":1},{"not_picked":["Leap","Rebound"],"picked":"Cold Snap","floor":4},{"not_picked":["Turbo","Consume"],"picked":"Ball Lightning","floor":5},{"not_picked":["Steam","Stack"],"picked":"Echo Form","floor":6},{"not_picked":["Barrage","Consume"],"picked":"Chill","floor":8},{"not_picked":["Chill","Cold Snap"],"picked":"Conserve Battery","floor":11},{"not_picked":["Melter","Rebound"],"picked":"Recycle","floor":12},{"not_picked":["Blizzard","All For One"],"picked":"Glacier","floor":14}],"player_experience":1077862,"relics_obtained":[{"floor":2,"key":"Turnip"},{"floor":6,"key":"Anchor"},{"floor":8,"key":"Oddly Smooth Stone"},{"floor":9,"key":"Regal Pillow"},{"floor":12,"key":"Bag of Preparation"},{"floor":14,"key":"Pen Nib"}],"event_choices":[{"damage_healed":0,"gold_gain":150,"player_choice":"AGREE","damage_taken":0,"max_hp_gain":0,"max_hp_loss":0,"event_name":"Liars Game","floor":3,"gold_loss":0,"cards_obtained":["Doubt"]}],"is_beta":true,"boss_relics":[],"items_purged_floors":[],"is_endless":false,"potions_floor_spawned":[1,5,6,11],"killed_by":"Hexaghost","ascension_level":20}