{"gold_per_floor":[369,519,519,536,556,556,567,567,567,7,33,52,52,83,83,83],"floor_reached":16,"playtime":768,"items_purged":["Doubt"],"score":220,"play_id":"6943c4ad-0c2e-414d-aa50-63e9fca6c589","local_time":"20190404022409","is_ascension_mode":true,"campfire_choices":[{"data":"Bash","floor":6,"key":"SMITH"},{"data":"Feel No Pain","floor":8,"key":"SMITH"},{"data":"Disarm","floor":13,"key":"SMITH"},{"data":"Clothesline","floor":15,"key":"SMITH"}],"neow_cost":"TEN_PERCENT_HP_LOSS","seed_source_timestamp":230757436530626,"circlet_count":0,"master_deck":["AscendersBane","Strike_R","Strike_R","Strike_R","Strike_R","Strike_R","Defend_R","Defend_R","Defend_R","Defend_R","Bash+1","Cleave","Feel No Pain+1","Pommel Strike","Clothesline+1","Inflame","Exhume","Dark Shackles","Disarm+1","Sword Boomerang","Heavy Blade"],"relics":["Burning Blood","Blood Vial","The Courier","Bottled Tornado","Blue Candle","Lantern"],"potions_floor_usage":[5,11,14],"damage_taken":[{"damage":15,"enemies":"2 Louse","floor":1,"turns":3},{"damage":21,"enemies":"Jaw Worm","floor":4,"turns":7},{"damage":0,"enemies":"Cultist","floor":5,"turns":4},{"damage":30,"enemies":"Gremlin Gang","floor":7,"turns":5},{"damage":36,"enemies":"Gremlin Nob","floor":11,"turns":5},{"damage":6,"enemies":"3 Louse","floor":12,"turns":4},{"damage":11,"enemies":"3 Sentries","floor":14,"turns":6},{"damage":12,"enemies":"Hexaghost","floor":16,"turns":9}],"seed_played":"563955794041338319","potions_obtained":[{"floor":1,"key":"Regen Potion"},{"floor":4,"key":"AttackPotion"},{"floor":7,"key":"BloodPotion"},{"floor":11,"key":"Block Potion"}],"is_trial":false,"path_per_floor":["M","?","?","M","M","R","M","R","T","$","E","M","R","E","R","B"],"character_chosen":"IRONCLAD","items_purchased":["Inflame","Bottled Tornado","Exhume","Dark Shackles"],"campfire_rested":0,"item_purchase_floors":[10,10,10,10],"current_hp_per_floor":[59,59,59,46,54,54,32,32,32,32,10,12,12,9,9,0],"gold":83,"neow_bonus":"TWO_FIFTY_GOLD","is_prod":false,"is_daily":false,"chose_seed":false,"campfire_upgraded":4,"win_rate":0,"timestamp":1554359049,"path_taken":["M","?","?","?","M","R","M","R","T","$","E","?","R","E","R","BOSS"],"build_version":"2019-01-23","purchased_purges":1,"victory":false,"max_hp_per_floor":[68,68,68,68,68,68,68,68,68,68,68,68,68,68,68,68],"card_choices":[{"not_picked":["Blood for Blood","Rupture"],"picked":"Cleave","floor":1},{"not_picked":["Evolve","Armaments"],"picked":"Feel No Pain","floor":4},{"not_picked":["Clash","Rupture"],"picked":"Pommel Strike","floor":5},{"not_picked":["Armaments","Headbutt"],"picked":"Clothesline","floor":7},{"not_picked":["True Grit","Clothesline"],"picked":"Disarm","floor":11},{"not_picked":["Sword Boomerang","Warcry","Bloodletting"],"picked":"SKIP","floor":12},{"not_picked":["Warcry","Bloodletting"],"picked":"Sword Boomerang","floor":12},{"not_picked":["Perfected Strike","Sentinel"],"picked":"Heavy Blade","floor":14}],"player_experience":1586784,"relics_obtained":[{"floor":9,"key":"The Courier"},{"floor":11,"key":"Blue Candle"},{"floor":14,"key":"Lantern"}],"event_choices":[{"damage_healed":0,"gold_gain":150,"player_choice":"AGREE","damage_taken":0,"max_hp_gain":0,"max_hp_loss":0,"event_name":"Liars Game","floor":2,"gold_loss":0,"cards_obtained":["Doubt"]},{"damage_healed":0,"gold_gain":0,"player_choice":"Gave Potion","damage_taken":0,"relics_obtained":["Blood Vial"],"max_hp_gain":0,"max_hp_loss":0,"event_name":"WeMeetAgain","floor":3,"gold_loss":0}],"is_beta":false,"boss_relics":[],"items_purged_floors":[10],"is_endless":false,"potions_floor_spawned":[1,4,7,11],"killed_by":"Hexaghost","ascension_level":20}