{"path_per_floor":["M","M","?","?","M","R","$","R","T","?","T","R","$","M","R","B",null,"M","?","?","?","M","R","E","R","T","E","?","M","R","T","R"],"character_chosen":"THE_SILENT","items_purchased":["Oddly Smooth Stone","Accuracy"],"gold_per_floor":[112,130,305,305,323,323,99,99,99,99,99,99,29,40,40,138,138,149,149,149,149,163,163,194,194,264,289,289,302,302,326,326],"floor_reached":33,"campfire_rested":1,"playtime":2162,"current_hp_per_floor":[70,69,69,69,64,64,64,64,78,78,78,78,78,78,78,23,84,84,84,84,68,68,68,74,74,74,46,30,19,19,19,62],"items_purged":["Regret"],"gold":326,"score":334,"play_id":"93cb5e8c-715d-4c75-8579-fbc2466b64ad","is_prod":false,"is_daily":false,"is_ascension_mode":true,"campfire_upgraded":7,"path_taken":["M","M","?","?","?","R","?","R","T","?","?","R","$","M","R","BOSS","M","?","?","?","?","R","E","R","T","E","?","M","R","?","R","BOSS"],"build_version":"2018-02-08-PROD1","purchased_purges":1,"victory":false,"master_deck":["Defend_G+1","Defend_G+1","Defend_G","Defend_G","Defend_G","Strike_G","Strike_G","Strike_G","Strike_G","Strike_G","Survivor","Neutralize+1","Cloak And Dagger+1","Heel Hook","Doubt","All Out Attack+1","Blade Dance+1","Finisher","Accuracy+1","Blade Dance+1","Adrenaline","Well Laid Plans+1","Riddle With Holes+1","Necronomicurse","Deadly Poison+1","Crippling Poison+1"],"max_hp_per_floor":[70,70,70,70,70,70,70,70,84,84,84,84,84,84,84,84,84,84,84,84,89,89,89,96,96,96,96,96,96,96,96,96],"relics":["Ring of the Snake","War Paint","Prayer Wheel","Oddly Smooth Stone","Mango","Thread and Needle","Question Card","Snake Skull","Strawberry","The Courier","Juzu Bracelet","Necronomicon","Regal Pillow"],"card_choices":[{"not_picked":["Flying Knee","Quick Slash"],"picked":"Cloak And Dagger"},{"not_picked":["Burst","Poisoned Stab"],"picked":"Heel Hook"},{"not_picked":["Sucker Punch","Poisoned Stab"],"picked":"All Out Attack"},{"not_picked":["Poisoned Stab","Cloak And Dagger"],"picked":"Blade Dance"},{"not_picked":["Deflect","Dodge and Roll"],"picked":"Finisher"},{"not_picked":["Reflex","Blur"],"picked":"Blade Dance"},{"not_picked":["Burst","Doppelganger"],"picked":"Adrenaline"},{"not_picked":["Deflect","Finisher","Flechettes"],"picked":"Riddle With Holes"},{"not_picked":["Deflect","Dagger Throw","Flying Knee"],"picked":"Deadly Poison"},{"not_picked":["Poisoned Stab","Distraction","Bane"],"picked":"Crippling Poison"}],"player_experience":169354,"potions_floor_usage":[24,24,27,27],"damage_taken":[{"damage":0,"enemies":"2 Louse","floor":1,"turns":2},{"damage":1,"enemies":"Cultist","floor":2,"turns":5},{"damage":5,"enemies":"Small Slimes","floor":5,"turns":5},{"damage":0,"enemies":"Looter","floor":14,"turns":2},{"damage":55,"enemies":"Hexaghost","floor":16,"turns":13},{"damage":0,"enemies":"Chosen","floor":18,"turns":3},{"damage":0,"enemies":"3 Byrds","floor":22,"turns":4},{"damage":1,"enemies":"Book of Stabbing","floor":24,"turns":4},{"damage":28,"enemies":"Slavers","floor":27,"turns":6},{"damage":11,"enemies":"Sentry and Sphere","floor":29,"turns":4},{"damage":95,"enemies":"Automaton","floor":33,"turns":12}],"event_choices":[{"event_name":"Liars Game","player_choice":"agreed","floor":3,"damage_taken":0},{"event_name":"Big Fish","player_choice":"Box","floor":4,"damage_taken":0},{"event_name":"Accursed Blacksmith","player_choice":"Forge","floor":10,"damage_taken":0},{"event_name":"The Library","player_choice":"Read","floor":19,"damage_taken":0},{"event_name":"The Mausoleum","player_choice":"Yes","floor":20,"damage_taken":0},{"event_name":"Forgotten Altar","player_choice":"Shed Blood","floor":21,"damage_taken":0},{"event_name":"Cursed Tome","player_choice":"Obtained Book","floor":28,"damage_taken":0}],"boss_relics":[{"not_picked":["Philosopher\u0027s Stone","Lizard Tail"],"picked":"Question Card"}],"potions_floor_spawned":[14,16,22,24],"seed_played":"8735233984877018158","killed_by":"Automaton","ascension_level":3,"is_trial":false}