{"gold_per_floor":[119,134,59,79,92,92,125,125,149,149,114,114,158,171,171,171],"floor_reached":16,"playtime":380,"items_purged":["Strike_B"],"score":220,"play_id":"f51b373b-ee4a-4519-a80c-038c131178e7","local_time":"20190207233025","is_ascension_mode":true,"campfire_choices":[{"data":"Dualcast","floor":6,"key":"SMITH"},{"data":"Recycle","floor":8,"key":"SMITH"},{"data":"Streamline","floor":12,"key":"SMITH"},{"data":"Capacitor","floor":15,"key":"SMITH"}],"neow_cost":"NONE","seed_source_timestamp":389007317922427,"circlet_count":0,"master_deck":["AscendersBane","Strike_B","Strike_B","Strike_B","Defend_B","Defend_B","Defend_B","Defend_B","Zap+1","Dualcast+1","Recycle+1","Sweeping Beam","Leap","Leap","Streamline+1","Compile Driver","Capacitor+1"],"relics":["Cracked Core","DataDisk","Vajra","Golden Idol","Potion Belt"],"potions_floor_usage":[7,13],"damage_taken":[{"damage":0,"enemies":"Cultist","floor":1,"turns":3},{"damage":0,"enemies":"Jaw Worm","floor":2,"turns":3},{"damage":1,"enemies":"2 Louse","floor":4,"turns":3},{"damage":4,"enemies":"2 Fungi Beasts","floor":5,"turns":4},{"damage":21,"enemies":"3 Sentries","floor":7,"turns":6},{"damage":11,"enemies":"Gremlin Nob","floor":13,"turns":3},{"damage":0,"enemies":"Exordium Thugs","floor":14,"turns":3},{"damage":45,"enemies":"Hexaghost","floor":16,"turns":9}],"seed_played":"975250013709415244","potions_obtained":[{"floor":1,"key":"GamblersBrew"},{"floor":5,"key":"SkillPotion"},{"floor":7,"key":"GamblersBrew"}],"is_trial":false,"path_per_floor":["M","M","$","M","M","R","E","R","T","?","?","R","E","M","R","B"],"character_chosen":"DEFECT","items_purchased":[],"campfire_rested":0,"item_purchase_floors":[],"current_hp_per_floor":[64,64,64,63,59,59,38,38,38,38,54,54,43,43,43,0],"gold":171,"neow_bonus":"UPGRADE_CARD","is_prod":false,"is_daily":false,"chose_seed":false,"campfire_upgraded":4,"win_rate":0,"timestamp":1549607425,"path_taken":["M","M","$","?","M","R","E","R","T","?","?","R","E","M","R","BOSS"],"build_version":"2019-02-06","purchased_purges":1,"victory":false,"max_hp_per_floor":[71,71,71,71,71,71,71,71,71,64,64,64,64,64,64,64],"card_choices":[{"not_picked":["Capacitor","Stack"],"picked":"Recycle","floor":1},{"not_picked":["Barrage","Go for the Eyes"],"picked":"Sweeping Beam","floor":2},{"not_picked":["Compile Driver","Turbo"],"picked":"Leap","floor":4},{"not_picked":["Turbo","Barrage"],"picked":"Leap","floor":5},{"not_picked":["Gash","Self Repair"],"picked":"Streamline","floor":7},{"not_picked":["Steam","Multi-Cast"],"picked":"Compile Driver","floor":13},{"not_picked":["Sweeping Beam","Steam"],"picked":"Capacitor","floor":14}],"player_experience":1076834,"relics_obtained":[{"floor":7,"key":"DataDisk"},{"floor":9,"key":"Vajra"},{"floor":13,"key":"Potion Belt"}],"event_choices":[{"damage_healed":0,"gold_gain":0,"player_choice":"Lose Max HP","damage_taken":0,"relics_obtained":["Golden Idol"],"max_hp_gain":0,"max_hp_loss":7,"event_name":"Golden Idol","floor":10,"gold_loss":0},{"damage_healed":16,"gold_gain":0,"player_choice":"Healed","damage_taken":0,"max_hp_gain":0,"max_hp_loss":0,"event_name":"The Cleric","floor":11,"gold_loss":35}],"is_beta":true,"boss_relics":[],"items_purged_floors":[3],"is_endless":false,"potions_floor_spawned":[1,5,7],"killed_by":"Hexaghost","ascension_level":20}