{"path_per_floor":["M","M","?","?","M","R","E","M","T","R","M","E","R","?","R","B",null,"M","?","$","?","M","E","R","M","T","E","M","T"],"character_chosen":"THE_SILENT","items_purchased":["Bottled Tornado"],"gold_per_floor":[15,30,30,30,49,49,88,103,128,128,153,194,194,227,227,322,322,347,347,94,94,113,148,148,168,168,212,237,263,263],"floor_reached":30,"campfire_rested":3,"playtime":1418,"current_hp_per_floor":[51,51,51,51,50,50,20,9,9,28,25,3,22,18,18,18,54,50,50,50,41,28,7,26,26,26,9,9,9,0],"items_purged":[],"gold":263,"score":574,"play_id":"f9f302a7-1e4e-4622-a5e3-01dee4a9c455","local_time":"20180415125020","is_prod":false,"is_daily":false,"chose_seed":false,"is_ascension_mode":true,"campfire_upgraded":2,"timestamp":1523811020,"path_taken":["M","M","?","?","M","R","E","?","T","R","M","E","R","?","R","BOSS","M","?","$","?","?","E","R","M","T","E","M","?","E"],"build_version":"2018-04-12","seed_source_timestamp":226778155095747,"purchased_purges":1,"victory":false,"master_deck":["Defend_G","Defend_G","Defend_G","Defend_G","Defend_G","Strike_G","Strike_G","Strike_G","Strike_G+1","Strike_G","Survivor","Neutralize","AscendersBane","Envenom+1","Infinite Blades","Bane","Terror","Cloak And Dagger","Accuracy","Noxious Fumes","Malaise+1","Catalyst","Wraith Form v2","Poisoned Stab","Dagger Spray","Calculated Gamble+1","Setup+1","Bane+1","Dagger Spray+1"],"max_hp_per_floor":[66,66,66,66,66,66,66,66,66,66,66,66,66,66,66,66,66,66,66,66,66,66,66,66,66,66,66,66,66,66],"relics":["Ring of the Snake","Golden Idol","Pen Nib","Snake Skull","Thread and Needle","Odd Mushroom","Sozu","Bottled Tornado","Bag of Preparation","Dream Catcher","Gremlin Horn","Whetstone"],"card_choices":[{"not_picked":["Storm of Steel","Burst"],"picked":"Envenom","floor":0},{"not_picked":["Backstab","Outmaneuver"],"picked":"Infinite Blades","floor":1},{"not_picked":["Underhanded Strike","Slice"],"picked":"Bane","floor":2},{"not_picked":["Blade Dance","PiercingWail"],"picked":"Terror","floor":5},{"not_picked":["Bullet Time","Bouncing Flask"],"picked":"Cloak And Dagger","floor":7},{"not_picked":["Concentrate","Sucker Punch"],"picked":"Accuracy","floor":8},{"not_picked":["Predator","Dagger Throw"],"picked":"Noxious Fumes","floor":11},{"not_picked":["Blur","All Out Attack"],"picked":"Malaise","floor":12},{"not_picked":["Quick Slash","Bouncing Flask"],"picked":"Catalyst","floor":14},{"not_picked":["Tools of the Trade","Venomology"],"picked":"Wraith Form v2","floor":16},{"not_picked":["Dagger Throw","Acrobatics"],"picked":"Poisoned Stab","floor":18},{"not_picked":["Prepared","Slice"],"picked":"Calculated Gamble","floor":22},{"not_picked":["Acrobatics","Grand Finale"],"picked":"Setup","floor":23},{"not_picked":["Deadly Poison","Terror"],"picked":"Bane","floor":25},{"not_picked":["Underhanded Strike","Flechettes"],"picked":"Dagger Spray","floor":28}],"player_experience":877208,"potions_floor_usage":[2,8,12,23,27],"damage_taken":[{"damage":8,"enemies":"Jaw Worm","floor":1,"turns":6},{"damage":0,"enemies":"2 Louse","floor":2,"turns":4},{"damage":1,"enemies":"Small Slimes","floor":5,"turns":4},{"damage":30,"enemies":"Gremlin Nob","floor":7,"turns":4},{"damage":11,"enemies":"Exordium Thugs","floor":8,"turns":6},{"damage":3,"enemies":"Looter","floor":11,"turns":3},{"damage":22,"enemies":"3 Sentries","floor":12,"turns":5},{"damage":4,"enemies":"The Mushroom Lair","floor":14,"turns":4},{"damage":0,"enemies":"Hexaghost","floor":16,"turns":7},{"damage":4,"enemies":"Shell Parasite","floor":18,"turns":6},{"damage":13,"enemies":"2 Thieves","floor":22,"turns":5},{"damage":21,"enemies":"Slavers","floor":23,"turns":6},{"damage":0,"enemies":"3 Cultists","floor":25,"turns":4},{"damage":17,"enemies":"Gremlin Leader","floor":27,"turns":6},{"damage":0,"enemies":"Snecko","floor":28,"turns":4},{"damage":10,"enemies":"Slavers","floor":30,"turns":1}],"event_choices":[{"event_name":"Golden Idol","player_choice":"Take Wound","floor":3,"damage_taken":0},{"event_name":"Fountain of Cleansing","player_choice":"Removed Curse","floor":4,"damage_taken":0},{"event_name":"Mushrooms","player_choice":"Fought Mushrooms","floor":14,"damage_taken":0},{"event_name":"The Library","player_choice":"Read","floor":19,"damage_taken":0},{"event_name":"Knowing Skull","player_choice":"","floor":21,"damage_taken":0}],"boss_relics":[{"not_picked":["Black Star","Snecko Eye"],"picked":"Sozu"}],"potions_floor_spawned":[1,7,11,14,16,22,23,25],"seed_played":"1135595880649933934","killed_by":"Slavers","ascension_level":15,"is_trial":false}