{"gold_per_floor":[16,16,27,27,40,75,85,85,131,96,96,108,108],"floor_reached":13,"playtime":550,"items_purged":[],"score":170,"play_id":"0715143f-82a2-46e0-ba36-30b065f73837","local_time":"20190401102550","is_ascension_mode":true,"campfire_choices":[{"data":"Zap","floor":8,"key":"SMITH"},{"data":"Chaos","floor":11,"key":"SMITH"}],"neow_cost":"NO_GOLD","seed_source_timestamp":674716405952,"circlet_count":0,"master_deck":["AscendersBane","Strike_B","Strike_B","Strike_B","Defend_B","Defend_B","Zap+1","Dualcast+1","Self Repair","White Noise+1","Sweeping Beam","Chaos+1","Electrodynamics"],"relics":["Cracked Core","Matryoshka","Art of War","Centennial Puzzle"],"potions_floor_usage":[6,13],"damage_taken":[{"damage":7,"enemies":"Jaw Worm","floor":1,"turns":3},{"damage":6,"enemies":"Cultist","floor":3,"turns":3},{"damage":0,"enemies":"2 Louse","floor":5,"turns":2},{"damage":15,"enemies":"Lagavulin","floor":6,"turns":6},{"damage":16,"enemies":"Exordium Wildlife","floor":7,"turns":4},{"damage":3,"enemies":"Blue Slaver","floor":12,"turns":3},{"damage":58,"enemies":"Gremlin Nob","floor":13,"turns":3}],"seed_played":"1328715494819803705","potions_obtained":[{"floor":1,"key":"Fire Potion"},{"floor":7,"key":"SteroidPotion"}],"is_trial":false,"path_per_floor":["M","?","M","?","M","E","M","R","T","?","R","M","E"],"character_chosen":"DEFECT","items_purchased":[],"campfire_rested":0,"item_purchase_floors":[],"current_hp_per_floor":[57,57,58,37,44,36,27,27,27,44,44,48,0],"gold":108,"neow_bonus":"REMOVE_TWO","is_prod":false,"is_daily":false,"chose_seed":false,"campfire_upgraded":2,"win_rate":0,"timestamp":1554128750,"path_taken":["M","?","?","?","M","E","M","R","T","?","R","M","E"],"build_version":"2019-01-23","purchased_purges":0,"victory":false,"max_hp_per_floor":[71,71,71,71,71,71,71,71,71,71,71,71,71],"card_choices":[{"not_picked":["Stack","Barrage"],"picked":"Self Repair","floor":1},{"not_picked":["Redo","Storm"],"picked":"White Noise","floor":3},{"not_picked":["Leap","Hologram"],"picked":"Sweeping Beam","floor":5},{"not_picked":["Fusion","Gash","Self Repair"],"picked":"SKIP","floor":6},{"not_picked":["Turbo","Rebound"],"picked":"Chaos","floor":7},{"not_picked":["Sweeping Beam","Blizzard"],"picked":"Electrodynamics","floor":12}],"player_experience":1518242,"relics_obtained":[{"floor":6,"key":"Matryoshka"},{"floor":9,"key":"Art of War"},{"floor":9,"key":"Centennial Puzzle"}],"event_choices":[{"cards_removed":["Defend_B"],"damage_healed":0,"gold_gain":0,"player_choice":"Purged","damage_taken":0,"max_hp_gain":0,"max_hp_loss":0,"event_name":"Purifier","floor":2,"gold_loss":0},{"damage_healed":0,"gold_gain":0,"player_choice":"Entered Light","damage_taken":21,"max_hp_gain":0,"max_hp_loss":0,"event_name":"Shining Light","floor":4,"gold_loss":0,"cards_upgraded":["Dualcast","White Noise"]},{"damage_healed":17,"gold_gain":0,"player_choice":"Healed","damage_taken":0,"max_hp_gain":0,"max_hp_loss":0,"event_name":"The Cleric","floor":10,"gold_loss":35}],"is_beta":false,"boss_relics":[],"items_purged_floors":[],"is_endless":false,"potions_floor_spawned":[1,7],"killed_by":"Gremlin Nob","ascension_level":20}