{"gold_per_floor":[113,123,173,187,202,235,235,12,12,41,73,85,126,138,150,162],"floor_reached":16,"playtime":521,"items_purged":[],"score":220,"play_id":"90bab35a-ee17-440b-894c-e0ad1a1b1d42","local_time":"20190317165523","is_ascension_mode":true,"campfire_choices":[{"data":"Armaments","floor":7,"key":"SMITH"},{"data":"Armaments","floor":12,"key":"SMITH"},{"data":"Battle Trance","floor":15,"key":"SMITH"}],"neow_cost":"NONE","seed_source_timestamp":55251138574299,"circlet_count":0,"master_deck":["AscendersBane","Strike_R","Strike_R","Strike_R","Strike_R","Strike_R","Defend_R","Defend_R","Defend_R","Defend_R+1","Bash","Uppercut","Carnage","Cleave","Battle Trance+1","Armaments+1","Rampage","Armaments+1","True Grit+1"],"relics":["Burning Blood","Regal Pillow","ClockworkSouvenir","MawBank","Odd Mushroom","Shuriken","War Paint"],"potions_floor_usage":[4,13],"damage_taken":[{"damage":4,"enemies":"2 Louse","floor":1,"turns":4},{"damage":4,"enemies":"Cultist","floor":2,"turns":4},{"damage":0,"enemies":"Jaw Worm","floor":4,"turns":3},{"damage":16,"enemies":"Blue Slaver","floor":5,"turns":3},{"damage":30,"enemies":"3 Sentries","floor":6,"turns":7},{"damage":0,"enemies":"Large Slime","floor":10,"turns":4},{"damage":18,"enemies":"The Mushroom Lair","floor":11,"turns":4},{"damage":22,"enemies":"Gremlin Nob","floor":13,"turns":4},{"damage":38,"enemies":"Slime Boss","floor":16,"turns":3}],"seed_played":"-3329795559600166097","potions_obtained":[{"floor":1,"key":"EssenceOfSteel"},{"floor":2,"key":"Ancient Potion"},{"floor":6,"key":"LiquidBronze"}],"is_trial":false,"path_per_floor":["M","M","?","M","M","E","R","$","T","M","?","R","E","T","R","B"],"character_chosen":"IRONCLAD","items_purchased":["ClockworkSouvenir"],"campfire_rested":0,"item_purchase_floors":[8],"current_hp_per_floor":[77,79,79,82,72,48,48,48,48,54,42,42,26,26,26,0],"gold":162,"neow_bonus":"TEN_PERCENT_HP_BONUS","is_prod":false,"is_daily":false,"chose_seed":false,"campfire_upgraded":3,"win_rate":0,"timestamp":1552856123,"path_taken":["M","M","?","M","M","E","R","$","T","?","?","R","E","?","R","BOSS"],"build_version":"2019-01-23","purchased_purges":0,"victory":false,"max_hp_per_floor":[82,82,82,82,82,82,82,82,82,82,82,82,82,82,82,82],"card_choices":[{"not_picked":["Headbutt","Infernal Blade"],"picked":"Uppercut","floor":1},{"not_picked":["Entrench","Power Through"],"picked":"Carnage","floor":2},{"not_picked":["Sever Soul","Rupture"],"picked":"Cleave","floor":4},{"not_picked":["Body Slam","Reckless Charge"],"picked":"Battle Trance","floor":5},{"not_picked":["Perfected Strike","Double Tap"],"picked":"Armaments","floor":6},{"not_picked":["Wild Strike","Armaments"],"picked":"Rampage","floor":10},{"not_picked":["Burning Pact","Flex"],"picked":"Armaments","floor":11},{"not_picked":["Dual Wield","Armaments"],"picked":"True Grit","floor":13}],"player_experience":1176307,"relics_obtained":[{"floor":6,"key":"Regal Pillow"},{"floor":9,"key":"MawBank"},{"floor":11,"key":"Odd Mushroom"},{"floor":13,"key":"Shuriken"},{"floor":14,"key":"War Paint"}],"event_choices":[{"damage_healed":0,"gold_gain":50,"player_choice":"Pray","damage_taken":0,"max_hp_gain":0,"max_hp_loss":0,"event_name":"Golden Shrine","floor":3,"gold_loss":0},{"damage_healed":0,"gold_gain":0,"player_choice":"Fought Mushrooms","damage_taken":0,"max_hp_gain":0,"max_hp_loss":0,"event_name":"Mushrooms","floor":11,"gold_loss":0}],"is_beta":false,"boss_relics":[],"items_purged_floors":[],"is_endless":false,"potions_floor_spawned":[1,2,6],"killed_by":"Slime Boss","ascension_level":20}