{"gold_per_floor":[11,11,24,36,36,36,36,36,36,57,73,98,98,135,147,289,301,336,348,375,405,417,429,441],"floor_reached":24,"playtime":915,"items_purged":[],"score":336,"play_id":"5f384d61-92b3-4650-a6b8-4a35f31d4f89","local_time":"20190314040348","is_ascension_mode":true,"campfire_choices":[{"data":"Dualcast","floor":6,"key":"SMITH"},{"data":"Double Energy","floor":15,"key":"SMITH"},{"data":"Tempest","floor":23,"key":"SMITH"}],"neow_cost":"NO_GOLD","seed_source_timestamp":60423578089657,"circlet_count":0,"master_deck":["Strike_B","Defend_B","Defend_B","Defend_B","Defend_B","Zap+1","Dualcast+1","Steam","Cold Snap","Machine Learning","Tempest+1","Tempest+1","BootSequence","Double Energy+1","Machine Learning","Capacitor+1"],"relics":["Cracked Core","Golden Idol","MawBank","Philosopher\u0027s Stone","Nloth\u0027s Gift"],"potions_floor_usage":[16,21,24],"damage_taken":[{"damage":7,"enemies":"Jaw Worm","floor":1,"turns":3},{"damage":1,"enemies":"Small Slimes","floor":3,"turns":3},{"damage":11,"enemies":"2 Louse","floor":4,"turns":3},{"damage":5,"enemies":"Large Slime","floor":10,"turns":6},{"damage":3,"enemies":"Blue Slaver","floor":11,"turns":3},{"damage":6,"enemies":"3 Louse","floor":12,"turns":3},{"damage":4,"enemies":"Red Slaver","floor":14,"turns":2},{"damage":0,"enemies":"Slime Boss","floor":16,"turns":4},{"damage":7,"enemies":"Shell Parasite","floor":18,"turns":4},{"damage":2,"enemies":"3 Byrds","floor":20,"turns":2},{"damage":17,"enemies":"Snake Plant","floor":21,"turns":2},{"damage":38,"enemies":"Gremlin Leader","floor":24,"turns":3}],"seed_played":"-5819431968386103969","potions_obtained":[{"floor":3,"key":"FocusPotion"},{"floor":10,"key":"Poison Potion"},{"floor":12,"key":"SpeedPotion"},{"floor":14,"key":"FocusPotion"}],"is_trial":false,"path_per_floor":["M","?","M","M","?","R","?","?","T","M","M","M","?","M","R","B",null,"M","?","M","M","?","R","E"],"character_chosen":"DEFECT","items_purchased":[],"campfire_rested":0,"item_purchase_floors":[],"current_hp_per_floor":[61,61,60,49,54,54,47,47,47,42,39,33,33,29,29,29,63,56,56,54,37,37,37,0],"gold":441,"neow_bonus":"REMOVE_TWO","is_prod":false,"is_daily":false,"chose_seed":false,"campfire_upgraded":3,"win_rate":0,"timestamp":1552550628,"path_taken":["M","?","M","M","?","R","?","?","T","M","M","?","?","M","R","BOSS","M","?","M","?","?","R","E"],"build_version":"2019-01-23","purchased_purges":0,"victory":false,"max_hp_per_floor":[75,75,75,75,80,80,80,74,74,74,74,74,74,74,74,74,74,74,74,74,74,74,74,74],"card_choices":[{"not_picked":["Stack","Beam Cell"],"picked":"Steam","floor":1},{"not_picked":["Double Energy","Force Field"],"picked":"Cold Snap","floor":3},{"not_picked":["Hologram","Undo"],"picked":"Machine Learning","floor":4},{"not_picked":["Steam Power","Rebound"],"picked":"Tempest","floor":10},{"not_picked":["Steam","Compile Driver"],"picked":"Tempest","floor":11},{"not_picked":["Hologram","Self Repair"],"picked":"BootSequence","floor":12},{"not_picked":["Rip and Tear","Redo"],"picked":"Double Energy","floor":14},{"not_picked":["Multi-Cast","Biased Cognition"],"picked":"Machine Learning","floor":16},{"not_picked":["Turbo","Auto Shields","Rip and Tear+1"],"picked":"SKIP","floor":18},{"not_picked":["Defragment","Fusion+1"],"picked":"Capacitor+1","floor":20},{"not_picked":["Beam Cell","Aggregate","Compile Driver"],"picked":"SKIP","floor":21}],"player_experience":1115668,"relics_obtained":[{"floor":9,"key":"Shovel"}],"event_choices":[{"damage_healed":0,"gold_gain":0,"player_choice":"Grow","damage_taken":0,"max_hp_gain":0,"max_hp_loss":0,"event_name":"Living Wall","floor":2,"gold_loss":0,"cards_upgraded":["Zap"]},{"damage_healed":0,"gold_gain":0,"player_choice":"Donut","damage_taken":0,"max_hp_gain":5,"max_hp_loss":0,"event_name":"Big Fish","floor":5,"gold_loss":0},{"cards_removed":["Strike_B"],"damage_healed":0,"gold_gain":0,"player_choice":"Card Removal","damage_taken":7,"max_hp_gain":0,"max_hp_loss":0,"event_name":"Golden Wing","floor":7,"gold_loss":0},{"damage_healed":0,"gold_gain":0,"player_choice":"Lose Max HP","damage_taken":0,"relics_obtained":["Golden Idol"],"max_hp_gain":0,"max_hp_loss":6,"event_name":"Golden Idol","floor":8,"gold_loss":0},{"damage_healed":0,"gold_gain":0,"player_choice":"Gave Potion","damage_taken":0,"relics_obtained":["MawBank"],"max_hp_gain":0,"max_hp_loss":0,"event_name":"WeMeetAgain","floor":13,"gold_loss":0},{"damage_healed":0,"gold_gain":0,"player_choice":"Traded Relic","damage_taken":0,"relics_obtained":["Nloth\u0027s Gift"],"max_hp_gain":0,"max_hp_loss":0,"event_name":"N\u0027loth","floor":19,"relics_lost":["Shovel"],"gold_loss":0},{"damage_healed":0,"gold_gain":0,"player_choice":"Forge","damage_taken":0,"max_hp_gain":0,"max_hp_loss":0,"event_name":"Accursed Blacksmith","floor":22,"gold_loss":0,"cards_upgraded":["Tempest"]}],"is_beta":false,"boss_relics":[{"not_picked":["Empty Cage","Black Star"],"picked":"Philosopher\u0027s Stone"}],"items_purged_floors":[],"is_endless":false,"potions_floor_spawned":[3,10,12,14],"killed_by":"Gremlin Leader","ascension_level":8}