{"path_per_floor":["M","?","?","$","?","R","M","E","T","M","M","R","M","$","R","B",null,"M","M","?","$","M","R"],"character_chosen":"THE_SILENT","items_purchased":["Whetstone","Noxious Fumes","Regen Potion","Explosive Potion"],"gold_per_floor":[114,114,114,39,39,39,54,83,137,149,168,168,182,34,34,133,133,152,163,163,26,40,40],"floor_reached":24,"campfire_rested":0,"playtime":1227,"current_hp_per_floor":[70,70,56,56,49,49,49,49,49,49,49,49,48,48,48,61,68,63,59,59,59,28,28],"items_purged":["Strike_G"],"gold":40,"score":276,"play_id":"6af06929-9c5a-4d96-a6e1-4863abd5d752","is_prod":false,"is_daily":false,"is_ascension_mode":true,"campfire_upgraded":4,"path_taken":["M","?","?","$","?","R","M","E","T","M","?","R","M","?","R","BOSS","M","?","?","?","M","R","E"],"build_version":"2018-02-15-PROD1","purchased_purges":3,"victory":false,"master_deck":["Defend_G","Defend_G","Defend_G","Strike_G+1","Strike_G+1","Survivor+1","Neutralize+1","Calculated Gamble","Dagger Spray+1","Terror","Noxious Fumes+1","Footwork+1","Tools of the Trade","Tactician","Tools of the Trade+1","Accuracy+1","Phantasmal Killer+1","Catalyst+1","Noxious Fumes"],"max_hp_per_floor":[70,70,70,70,70,70,70,70,70,70,70,70,70,70,70,70,70,70,70,70,70,70,70],"relics":["Ring of the Snake","NeowsBlessing","Toolbox","Snake Skull","Whetstone","Astrolabe"],"card_choices":[{"not_picked":["Sucker Punch","Flying Knee"],"picked":"Calculated Gamble"},{"not_picked":["Flying Knee","Dagger Throw"],"picked":"Dagger Spray"},{"not_picked":["Accuracy","Choke"],"picked":"Terror"},{"not_picked":["Slice","Cloak And Dagger"],"picked":"Noxious Fumes"},{"not_picked":["PiercingWail","Expertise"],"picked":"Footwork"},{"not_picked":["Slice","Quick Slash"],"picked":"Tools of the Trade"},{"not_picked":["Die Die Die","Bullet Time"],"picked":"Tactician"},{"not_picked":["Dodge and Roll","Dagger Spray"],"picked":"Catalyst"}],"player_experience":329273,"potions_floor_usage":[10,16,16,24,24,24],"damage_taken":[{"damage":0,"enemies":"2 Louse","floor":1,"turns":1},{"damage":0,"enemies":"Cultist","floor":7,"turns":1},{"damage":0,"enemies":"3 Sentries","floor":8,"turns":1},{"damage":0,"enemies":"Small Slimes","floor":10,"turns":2},{"damage":0,"enemies":"Looter","floor":11,"turns":3},{"damage":1,"enemies":"Large Slime","floor":13,"turns":6},{"damage":2,"enemies":"Hexaghost","floor":16,"turns":9},{"damage":5,"enemies":"Shell Parasite","floor":18,"turns":4},{"damage":4,"enemies":"Chosen","floor":19,"turns":6},{"damage":31,"enemies":"Snecko","floor":22,"turns":4},{"damage":37,"enemies":"Slavers","floor":24,"turns":4}],"event_choices":[{"event_name":"The Lab","player_choice":"Got Potions","floor":2,"damage_taken":0},{"event_name":"Shining Light","player_choice":"Entered Light","floor":3,"damage_taken":0},{"event_name":"Golden Wing","player_choice":"Card Removal","floor":5,"damage_taken":0},{"event_name":"Vampires","player_choice":"Ignored","floor":20,"damage_taken":0}],"boss_relics":[{"not_picked":["Runic Dome","Orrery"],"picked":"Astrolabe"}],"potions_floor_spawned":[7,11,13],"seed_played":"2302891073357598456","killed_by":"Slavers","ascension_level":5,"is_trial":false}