{"gold_per_floor":[111,111,131,149,18,47,47,78,78,78,128,128,156,174,174,174],"floor_reached":16,"playtime":837,"items_purged":["Strike_R"],"score":336,"play_id":"f44c7659-bff9-432c-b706-e643f014ada9","local_time":"20190318163145","is_ascension_mode":true,"campfire_choices":[{"data":"Feed","floor":7,"key":"SMITH"},{"floor":10,"key":"REST"},{"data":"Inflame","floor":12,"key":"SMITH"},{"data":"Ghostly Armor","floor":15,"key":"SMITH"}],"neow_cost":"NONE","seed_source_timestamp":139939771414669,"circlet_count":0,"master_deck":["AscendersBane","Strike_R","Strike_R","Strike_R","Strike_R","Defend_R","Defend_R","Defend_R","Defend_R","Bash+1","Spot Weakness","Ghostly Armor+1","Inflame+1","Feed+1","Offering","Shockwave+1"],"relics":["Burning Blood","Prayer Wheel","Shuriken","Toxic Egg 2","Ginger"],"potions_floor_usage":[6,6,16,16],"damage_taken":[{"damage":14,"enemies":"Small Slimes","floor":1,"turns":6},{"damage":3,"enemies":"2 Louse","floor":3,"turns":4},{"damage":1,"enemies":"Cultist","floor":4,"turns":3},{"damage":33,"enemies":"3 Sentries","floor":6,"turns":10},{"damage":32,"enemies":"Gremlin Nob","floor":8,"turns":4},{"damage":26,"enemies":"Lagavulin","floor":13,"turns":7},{"damage":12,"enemies":"Blue Slaver","floor":14,"turns":4}],"seed_played":"7150849178983337546","potions_obtained":[{"floor":4,"key":"SkillPotion"},{"floor":13,"key":"LiquidBronze"},{"floor":14,"key":"Fire Potion"}],"is_trial":false,"path_per_floor":["M","?","M","M","$","E","R","E","T","R","?","R","E","M","R","B"],"character_chosen":"IRONCLAD","items_purchased":["Block Potion"],"campfire_rested":1,"item_purchase_floors":[5],"current_hp_per_floor":[67,67,70,75,75,48,48,22,22,46,38,38,22,20,20,0],"gold":174,"neow_bonus":"TEN_PERCENT_HP_BONUS","is_prod":false,"is_daily":false,"chose_seed":false,"campfire_upgraded":3,"win_rate":0,"timestamp":1552941105,"path_taken":["M","?","M","M","$","E","R","E","T","R","?","R","E","?","R","BOSS"],"build_version":"2019-01-23","purchased_purges":1,"victory":false,"max_hp_per_floor":[82,82,82,82,82,82,82,82,82,82,82,82,86,90,90,90],"card_choices":[{"not_picked":["Flex","Clash"],"picked":"Spot Weakness","floor":1},{"not_picked":["Cleave","Clash"],"picked":"Ghostly Armor","floor":3},{"not_picked":["Anger","Seeing Red"],"picked":"Inflame","floor":4},{"not_picked":["Blood for Blood","Clothesline"],"picked":"Feed","floor":6},{"not_picked":["Thunderclap","Heavy Blade"],"picked":"Offering","floor":8},{"not_picked":["Dropkick","Cleave","Evolve"],"picked":"SKIP","floor":13},{"not_picked":["Bloodletting+1","Body Slam"],"picked":"Shockwave+1","floor":14},{"not_picked":["Headbutt","Fire Breathing","Iron Wave"],"picked":"SKIP","floor":14}],"player_experience":1220149,"relics_obtained":[{"floor":6,"key":"Prayer Wheel"},{"floor":8,"key":"Shuriken"},{"floor":9,"key":"Toxic Egg 2"},{"floor":13,"key":"Ginger"}],"event_choices":[{"damage_healed":0,"gold_gain":0,"player_choice":"Grow","damage_taken":0,"max_hp_gain":0,"max_hp_loss":0,"event_name":"Living Wall","floor":2,"gold_loss":0,"cards_upgraded":["Bash"]},{"damage_healed":0,"gold_gain":50,"player_choice":"Touch","damage_taken":8,"max_hp_gain":0,"max_hp_loss":0,"event_name":"FaceTrader","floor":11,"gold_loss":0}],"is_beta":false,"boss_relics":[],"items_purged_floors":[5],"is_endless":false,"potions_floor_spawned":[4,13,14],"killed_by":"The Guardian","ascension_level":20}