{"path_per_floor":["M","?","$","$","?","$","?","?","T","M","R","M","?","T","R","B",null,"M","?","M","M","$","R","M"],"character_chosen":"IRONCLAD","items_purchased":[],"gold_per_floor":[115,115,40,40,115,15,15,15,38,58,58,77,77,77,77,174,174,185,185,205,224,99,99,116,116],"floor_reached":25,"campfire_rested":0,"playtime":733,"current_hp_per_floor":[54,54,54,54,43,43,43,43,43,49,49,55,55,55,55,14,96,57,57,61,35,35,35,31,0],"items_purged":["Defend_R","Strike_R","Strike_R"],"gold":116,"score":214,"play_id":"90fdc748-3e29-4418-95c6-8b2122c8a164","local_time":"20180408181332","is_prod":false,"is_daily":false,"is_ascension_mode":false,"campfire_upgraded":3,"timestamp":1523225612,"path_taken":["M","?","?","$","?","$","?","?","T","?","R","M","?","?","R","BOSS","M","?","M","?","$","R","M","M"],"build_version":"2018-04-05v2","purchased_purges":3,"victory":false,"master_deck":["Defend_R","Defend_R","Defend_R","Bash+1","Rampage+1","Warcry+1"],"max_hp_per_floor":[96,96,96,96,96,96,96,96,96,96,96,96,96,96,96,96,96,96,96,96,96,96,96,96,96],"relics":["Burning Blood"],"card_choices":[{"not_picked":["Armaments","Reckless Charge"],"picked":"Rampage","floor":1},{"not_picked":["Intimidate","Pommel Strike"],"picked":"Warcry","floor":12}],"player_experience":770542,"potions_floor_usage":[16,21],"damage_taken":[{"damage":0,"enemies":"Small Slimes","floor":1,"turns":3},{"damage":0,"enemies":"2 Louse","floor":10,"turns":3},{"damage":0,"enemies":"Cultist","floor":12,"turns":2},{"damage":47,"enemies":"Hexaghost","floor":16,"turns":9},{"damage":45,"enemies":"3 Byrds","floor":18,"turns":7},{"damage":2,"enemies":"Shell Parasite","floor":20,"turns":7},{"damage":32,"enemies":"3 Cultists","floor":21,"turns":5},{"damage":10,"enemies":"Snecko","floor":24,"turns":4},{"damage":41,"enemies":"Cultist and Chosen","floor":25,"turns":6}],"event_choices":[{"event_name":"Living Wall","player_choice":"Forget","floor":2,"damage_taken":0},{"event_name":"World of Goop","player_choice":"Gather Gold","floor":5,"damage_taken":0},{"event_name":"Bonfire Elementals","player_choice":"BASIC","floor":7,"damage_taken":0},{"event_name":"Scrap Ooze","player_choice":"unsuccessful","floor":8,"damage_taken":0},{"event_name":"Liars Game","player_choice":"disagreed","floor":13,"damage_taken":0},{"event_name":"Back to Basics","player_choice":"Elegance","floor":19,"damage_taken":0}],"boss_relics":[{"not_picked":["Runic Pyramid","Cursed Key","Sozu"]}],"potions_floor_spawned":[12,18],"seed_played":"9040999942450136591","killed_by":"Cultist and Chosen","ascension_level":0,"is_trial":false}