{"gold_per_floor":[115,115,126,142,52,52,65,96,150,150,150,150,161,176,176,254,254,269,283,283,293,293,293,320,333,402,27,27,27,39,59,59,136,136,153,203,128,144,161,161,177,177,177,195,205,232,232,332,332,332],"floor_reached":50,"playtime":2891,"items_purged":["Finisher"],"score":992,"play_id":"8cfb79e6-1c63-4378-bd4e-5b71b108a6f3","local_time":"20190505221604","is_ascension_mode":true,"campfire_choices":[{"data":"Noxious Fumes","floor":6,"key":"SMITH"},{"data":"Terror","floor":10,"key":"SMITH"},{"data":"Well Laid Plans","floor":15,"key":"SMITH"},{"floor":23,"key":"REST"},{"floor":29,"key":"REST"},{"floor":32,"key":"REST"},{"floor":40,"key":"RECALL"},{"floor":47,"key":"REST"},{"floor":49,"key":"REST"}],"neow_cost":"TEN_PERCENT_HP_LOSS","seed_source_timestamp":475757007476746,"circlet_count":0,"master_deck":["AscendersBane","Survivor","Neutralize+1","Tools of the Trade","Masterful Stab","Terror+1","PiercingWail","Noxious Fumes+1","Calculated Gamble","After Image","Noxious Fumes","Well Laid Plans+1","Wraith Form v2","RitualDagger","Crippling Poison","Underhanded Strike","Quick Slash","Cloak And Dagger","Backflip","Bouncing Flask","Bullet Time","Crippling Poison","Dodge and Roll","Flechettes","Predator","Quick Slash","Blur+1","Dodge and Roll","Adrenaline"],"relics":["Ring of the Snake","Anchor","Tiny Chest","Vajra","Fusion Hammer","Thread and Needle","Mango","Bottled Tornado","Pandora\u0027s Box","Boot","Unceasing Top","Tingsha"],"potions_floor_usage":[8,13,18,21],"damage_taken":[{"damage":12,"enemies":"Small Slimes","floor":1,"turns":3},{"damage":0,"enemies":"2 Louse","floor":3,"turns":3},{"damage":0,"enemies":"Cultist","floor":4,"turns":2},{"damage":2,"enemies":"2 Fungi Beasts","floor":7,"turns":4},{"damage":8,"enemies":"Gremlin Nob","floor":8,"turns":3},{"damage":0,"enemies":"Exordium Wildlife","floor":13,"turns":3},{"damage":4,"enemies":"Gremlin Gang","floor":14,"turns":6},{"damage":1,"enemies":"Hexaghost","floor":16,"turns":9},{"damage":0,"enemies":"2 Thieves","floor":18,"turns":5},{"damage":3,"enemies":"Spheric Guardian","floor":19,"turns":6},{"damage":3,"enemies":"Cultist and Chosen","floor":21,"turns":7},{"damage":24,"enemies":"Slavers","floor":24,"turns":7},{"damage":27,"enemies":"Sentry and Sphere","floor":25,"turns":6},{"damage":4,"enemies":"Shelled Parasite and Fungi","floor":30,"turns":7},{"damage":0,"enemies":"Centurion and Healer","floor":31,"turns":5},{"damage":25,"enemies":"Automaton","floor":33,"turns":10},{"damage":0,"enemies":"3 Shapes","floor":35,"turns":3},{"damage":0,"enemies":"Orb Walker","floor":38,"turns":2},{"damage":0,"enemies":"Spire Growth","floor":39,"turns":4},{"damage":0,"enemies":"Sphere and 2 Shapes","floor":41,"turns":5},{"damage":10,"enemies":"Jaw Worm Horde","floor":44,"turns":4},{"damage":0,"enemies":"Transient","floor":45,"turns":6},{"damage":19,"enemies":"Reptomancer","floor":46,"turns":6},{"damage":0,"enemies":"Mind Bloom Boss Battle","floor":48,"turns":7},{"damage":72,"enemies":"Awakened One","floor":50,"turns":7}],"seed_played":"-615727620298272728","potions_obtained":[{"floor":1,"key":"Strength Potion"},{"floor":3,"key":"Strength Potion"},{"floor":4,"key":"SteroidPotion"},{"floor":8,"key":"Block Potion"},{"floor":14,"key":"SteroidPotion"},{"floor":18,"key":"EssenceOfSteel"},{"floor":25,"key":"Weak Potion"},{"floor":39,"key":"EntropicBrew"},{"floor":46,"key":"Ancient Potion"}],"is_trial":false,"path_per_floor":["M","?","M","M","$","R","M","E","T","R","?","?","M","M","R","B",null,"M","M","?","M","?","R","E","M","T","$","T","R","M","M","R","B",null,"M","?","$","M","M","R","M","?","T","M","M","E","R","?","R","B"],"character_chosen":"THE_SILENT","items_purchased":["Noxious Fumes","Backflip","Mango"],"campfire_rested":5,"item_purchase_floors":[5,27,27],"current_hp_per_floor":[47,47,47,47,47,47,45,37,37,37,19,16,16,12,12,11,48,48,45,39,36,36,54,30,3,3,17,17,39,35,35,57,32,64,64,57,57,57,57,57,57,57,57,47,47,28,50,50,72,0],"gold":332,"neow_bonus":"THREE_RARE_CARDS","is_prod":false,"is_daily":false,"chose_seed":false,"campfire_upgraded":3,"win_rate":0,"timestamp":1557119764,"path_taken":["M","?","M","M","$","R","M","E","T","R","?","?","M","?","R","BOSS","M","M","?","M","?","R","E","M","T","$","?","R","?","M","R","BOSS","M","?","$","?","M","R","M","?","T","M","M","E","R","?","R","BOSS"],"build_version":"2019-04-23","purchased_purges":1,"victory":false,"max_hp_per_floor":[60,60,60,60,60,60,60,60,60,60,60,60,60,60,60,60,60,60,60,60,60,60,60,60,60,60,74,74,74,74,74,74,74,74,74,74,74,74,74,74,74,74,74,74,74,74,74,74,74,74],"card_choices":[{"not_picked":["Bullet Time","Burst"],"picked":"Tools of the Trade","floor":0},{"not_picked":["Calculated Gamble","Acrobatics"],"picked":"Masterful Stab","floor":1},{"not_picked":["Acrobatics","Outmaneuver"],"picked":"Terror","floor":3},{"not_picked":["Reflex","Eviscerate"],"picked":"PiercingWail","floor":4},{"not_picked":["Outmaneuver","Setup"],"picked":"Calculated Gamble","floor":7},{"not_picked":["PiercingWail","Dagger Throw"],"picked":"After Image","floor":8},{"not_picked":["Expertise","Slice"],"picked":"Noxious Fumes","floor":13},{"not_picked":["Riddle With Holes","Footwork"],"picked":"Well Laid Plans","floor":14},{"not_picked":["Unload","Tools of the Trade"],"picked":"Wraith Form v2","floor":16},{"not_picked":["Prepared","Eviscerate+1","Flying Knee"],"picked":"SKIP","floor":18},{"not_picked":["Underhanded Strike","Sucker Punch","Outmaneuver"],"picked":"SKIP","floor":19},{"not_picked":["Dagger Spray","Deflect"],"picked":"Crippling Poison","floor":21},{"not_picked":["Prepared","Unload"],"picked":"Cloak And Dagger","floor":24},{"not_picked":["Underhanded Strike","Flying Knee","Tactician"],"picked":"SKIP","floor":25},{"not_picked":["Quick Slash","Poisoned Stab"],"picked":"Bouncing Flask","floor":30},{"not_picked":["Backstab","Choke","Well Laid Plans"],"picked":"SKIP","floor":31},{"not_picked":["Quick Slash","Well Laid Plans","Prepared+1"],"picked":"SKIP","floor":35},{"not_picked":["Acrobatics+1","Skewer"],"picked":"Blur+1","floor":38},{"not_picked":["Poisoned Stab","Eviscerate"],"picked":"Dodge and Roll","floor":39},{"not_picked":["Slice","Quick Slash","Infinite Blades"],"picked":"SKIP","floor":41},{"not_picked":["Underhanded Strike","Slice+1","Dagger Spray"],"picked":"SKIP","floor":44},{"not_picked":["Choke","Quick Slash+1","Dodge and Roll"],"picked":"SKIP","floor":45},{"not_picked":["Concentrate","Bouncing Flask"],"picked":"Adrenaline","floor":46}],"player_experience":6194395,"relics_obtained":[{"floor":8,"key":"Anchor"},{"floor":9,"key":"Tiny Chest"},{"floor":24,"key":"Thread and Needle"},{"floor":28,"key":"Bottled Tornado"},{"floor":43,"key":"Boot"},{"floor":46,"key":"Unceasing Top"},{"floor":48,"key":"Tingsha"}],"event_choices":[{"damage_healed":0,"gold_gain":0,"player_choice":"Grow","damage_taken":0,"max_hp_gain":0,"max_hp_loss":0,"event_name":"Living Wall","floor":2,"gold_loss":0,"cards_upgraded":["Neutralize"]},{"damage_healed":0,"gold_gain":0,"player_choice":"Success","damage_taken":18,"relics_obtained":["Vajra"],"max_hp_gain":0,"max_hp_loss":0,"event_name":"Scrap Ooze","floor":11,"gold_loss":0},{"damage_healed":0,"gold_gain":0,"player_choice":"Bought 0 Potions","damage_taken":0,"max_hp_gain":0,"max_hp_loss":0,"event_name":"The Woman in Blue","floor":12,"gold_loss":0},{"damage_healed":0,"gold_gain":0,"player_choice":"Joined the Cult","damage_taken":6,"max_hp_gain":0,"max_hp_loss":0,"event_name":"Nest","floor":20,"gold_loss":0,"cards_obtained":["RitualDagger"]},{"damage_healed":0,"gold_gain":0,"cards_transformed":["Strike_G","Strike_G"],"player_choice":"Became Test Subject","damage_taken":0,"max_hp_gain":0,"max_hp_loss":0,"event_name":"Drug Dealer","floor":22,"gold_loss":0,"cards_obtained":["Underhanded Strike","Quick Slash"]},{"damage_healed":0,"gold_gain":50,"player_choice":"Touch","damage_taken":7,"max_hp_gain":0,"max_hp_loss":0,"event_name":"FaceTrader","floor":36,"gold_loss":0},{"cards_removed":["Masterful Stab"],"damage_healed":0,"gold_gain":0,"player_choice":"Removed Attack","damage_taken":0,"max_hp_gain":0,"max_hp_loss":0,"event_name":"Falling","floor":42,"gold_loss":0},{"damage_healed":0,"gold_gain":0,"player_choice":"Fight","damage_taken":0,"max_hp_gain":0,"max_hp_loss":0,"event_name":"MindBloom","floor":48,"gold_loss":0}],"is_beta":true,"boss_relics":[{"not_picked":["Busted Crown","Ring of the Serpent"],"picked":"Fusion Hammer"},{"not_picked":["Sozu","Empty Cage"],"picked":"Pandora\u0027s Box"}],"items_purged_floors":[37],"is_endless":false,"potions_floor_spawned":[1,3,4,8,14,18,25,33,39,41,45,46],"killed_by":"Awakened One","ascension_level":20}