{"path_per_floor":["M","?","M","?","?","R","M","R","T","E","?","$","R","E","R","B",null,"M","$","?","?","M","M","M","R","T","T","M","?","M","E","R"],"character_chosen":"THE_SILENT","items_purchased":["Apotheosis","Fire Potion","Tough Bandages","Footwork"],"gold_per_floor":[361,361,372,372,447,447,457,457,457,484,484,181,181,215,215,308,308,326,34,34,34,44,57,76,76,76,376,394,394,413,446,446,446],"floor_reached":33,"campfire_rested":2,"playtime":1484,"current_hp_per_floor":[62,55,55,55,44,44,44,44,44,27,27,27,48,48,48,33,61,55,55,55,55,60,56,52,52,52,57,47,70,56,39,60,0],"items_purged":["Injury"],"gold":446,"score":492,"play_id":"4ce1fef2-2aef-468e-81c4-e5cc6dd20c8e","local_time":"20180405225433","is_prod":false,"is_daily":false,"is_ascension_mode":true,"campfire_upgraded":4,"timestamp":1522983273,"path_taken":["M","?","?","?","?","R","M","R","T","E","?","$","R","E","R","BOSS","M","$","?","?","M","M","M","R","T","?","M","?","M","E","R","BOSS"],"build_version":"2018-04-05","purchased_purges":1,"victory":false,"master_deck":["Defend_G","Defend_G","Defend_G","Defend_G","Defend_G","Strike_G","Strike_G","Strike_G","Strike_G","Strike_G","Survivor+1","Neutralize+1","AscendersBane","Distraction+1","Backstab","Unload","Apotheosis+1","Tactician","Acrobatics","Footwork+1","Apotheosis+1","Choke","PiercingWail+1","Dodge and Roll","Deadly Poison+1","Cloak And Dagger","Distraction"],"max_hp_per_floor":[70,70,70,70,70,70,70,70,70,70,70,70,70,70,70,70,70,70,70,70,70,70,70,70,70,70,70,70,70,70,70,70,70],"relics":["Ring of the Snake","Mummified Hand","Tingsha","Bloody Idol","Mercury Hourglass","Philosopher\u0027s Stone","Tough Bandages","Du-Vu Doll","Old Coin","Pen Nib"],"card_choices":[{"not_picked":["Acrobatics","Outmaneuver"],"picked":"Distraction","floor":1},{"not_picked":["Poisoned Stab","Deflect"],"picked":"Backstab","floor":3},{"not_picked":["Deflect","Sucker Punch"],"picked":"Unload","floor":7},{"not_picked":["Envenom","Corpse Explosion"],"picked":"Tactician","floor":16},{"not_picked":["Masterful Stab","Sucker Punch"],"picked":"Acrobatics","floor":18},{"not_picked":["Sucker Punch","Outmaneuver"],"picked":"Choke","floor":22},{"not_picked":["Accuracy","Poisoned Stab"],"picked":"PiercingWail","floor":23},{"not_picked":["Crippling Poison","Dagger Spray"],"picked":"Dodge and Roll","floor":24},{"not_picked":["Quick Slash","Flying Knee"],"picked":"Deadly Poison","floor":28},{"not_picked":["Dagger Spray","Well Laid Plans"],"picked":"Cloak And Dagger","floor":30},{"not_picked":["Backflip","Endless Agony"],"picked":"Distraction","floor":31}],"player_experience":685668,"potions_floor_usage":[14,18,23,31,33],"damage_taken":[{"damage":1,"enemies":"Small Slimes","floor":1,"turns":4},{"damage":0,"enemies":"Jaw Worm","floor":3,"turns":5},{"damage":0,"enemies":"Cultist","floor":7,"turns":4},{"damage":17,"enemies":"3 Sentries","floor":10,"turns":10},{"damage":0,"enemies":"Gremlin Nob","floor":14,"turns":3},{"damage":15,"enemies":"The Guardian","floor":16,"turns":12},{"damage":6,"enemies":"Spheric Guardian","floor":18,"turns":4},{"damage":0,"enemies":"Chosen","floor":22,"turns":4},{"damage":9,"enemies":"Centurion and Healer","floor":23,"turns":4},{"damage":9,"enemies":"Cultist and Chosen","floor":24,"turns":7},{"damage":15,"enemies":"Snake Plant","floor":28,"turns":4},{"damage":19,"enemies":"Snecko","floor":30,"turns":4},{"damage":22,"enemies":"Gremlin Leader","floor":31,"turns":6},{"damage":70,"enemies":"Automaton","floor":33,"turns":6}],"event_choices":[{"event_name":"Golden Wing","player_choice":"Card Removal","floor":2,"damage_taken":0},{"event_name":"Upgrade Shrine","player_choice":"Upgraded","floor":4,"damage_taken":0},{"event_name":"World of Goop","player_choice":"Gather Gold","floor":5,"damage_taken":0},{"event_name":"Golden Idol","player_choice":"Take Wound","floor":11,"damage_taken":0},{"event_name":"Forgotten Altar","player_choice":"Gave Idol","floor":20,"damage_taken":0},{"event_name":"Duplicator","player_choice":"One dupe","floor":21,"damage_taken":0},{"event_name":"The Library","player_choice":"Heal","floor":29,"damage_taken":0}],"boss_relics":[{"not_picked":["White Beast Statue","Lizard Tail"],"picked":"Philosopher\u0027s Stone"}],"potions_floor_spawned":[7,14,18,31],"seed_played":"1115791410537900638","killed_by":"Automaton","ascension_level":13,"is_trial":false}