{"path_per_floor":["M","?","?","M","$","E","R","E","T","R","?","M","M","M","R","B",null,"M","T","?","T","M"],"character_chosen":"IRONCLAD","items_purchased":[],"gold_per_floor":[113,63,63,83,8,42,42,72,72,72,27,46,58,73,73,144,144,163,163,163,163,180,180],"floor_reached":23,"campfire_rested":0,"playtime":705,"current_hp_per_floor":[74,74,74,75,75,75,75,49,49,49,49,55,56,60,60,62,72,62,62,62,62,59,0],"items_purged":["Strike_R"],"gold":180,"score":381,"play_id":"7193a502-614b-49df-9360-266bb6e6ad13","local_time":"20180402214040","is_prod":false,"is_daily":false,"is_ascension_mode":true,"campfire_upgraded":3,"timestamp":1522719640,"path_taken":["M","?","?","?","?","E","R","E","T","R","?","?","M","M","R","BOSS","M","?","?","?","?","E"],"build_version":"2018-03-29v2","purchased_purges":1,"victory":false,"master_deck":["Strike_R","Strike_R","Strike_R","Defend_R","Defend_R","Defend_R","Defend_R","Bash","AscendersBane","Cleave+1","Body Slam+1","Double Tap+1","Uppercut","Entrench+1","Barricade","Iron Wave"],"max_hp_per_floor":[75,75,75,75,75,75,75,75,75,75,75,75,75,75,75,75,75,75,75,75,75,75,75],"relics":["Burning Blood","NeowsBlessing","Lantern","Art of War","Unceasing Top","Mark of Pain","Sundial","Ornamental Fan"],"card_choices":[{"not_picked":["Iron Wave","Carnage"],"picked":"Cleave","floor":1},{"not_picked":["Wild Strike","Clash"],"picked":"Body Slam","floor":4},{"not_picked":["Rupture","Headbutt"],"picked":"Double Tap","floor":6},{"not_picked":["Iron Wave","Heavy Blade"],"picked":"Uppercut","floor":12},{"not_picked":["Infernal Blade","Burning Pact"],"picked":"Entrench","floor":13},{"not_picked":["Offering","Juggernaut"],"picked":"Barricade","floor":16},{"not_picked":["Havoc","Pommel Strike"],"picked":"Iron Wave","floor":22}],"player_experience":654492,"potions_floor_usage":[14,16,18,22,23],"damage_taken":[{"damage":0,"enemies":"2 Louse","floor":1,"turns":2},{"damage":0,"enemies":"Jaw Worm","floor":4,"turns":1},{"damage":0,"enemies":"Lagavulin","floor":6,"turns":1},{"damage":32,"enemies":"Gremlin Nob","floor":8,"turns":4},{"damage":0,"enemies":"Cultist","floor":12,"turns":2},{"damage":5,"enemies":"Red Slaver","floor":13,"turns":2},{"damage":2,"enemies":"Lots of Slimes","floor":14,"turns":2},{"damage":4,"enemies":"Slime Boss","floor":16,"turns":6},{"damage":16,"enemies":"Chosen","floor":18,"turns":6},{"damage":9,"enemies":"3 Byrds","floor":22,"turns":5},{"damage":64,"enemies":"Gremlin Leader","floor":23,"turns":9}],"event_choices":[{"event_name":"The Cleric","player_choice":"Card Removal","floor":2,"damage_taken":0},{"event_name":"Living Wall","player_choice":"Grow","floor":3,"damage_taken":0},{"event_name":"World of Goop","player_choice":"Left","floor":11,"damage_taken":0},{"event_name":"Ghosts","player_choice":"Ignored","floor":20,"damage_taken":0}],"boss_relics":[{"not_picked":["Lizard Tail","Runic Pyramid"],"picked":"Mark of Pain"}],"potions_floor_spawned":[6,8,13,14,18],"seed_played":"6220319488958395509","killed_by":"Gremlin Leader","ascension_level":14,"is_trial":false}