{"gold_per_floor":[118,133,44,44,9,9,39,39,39,65,83,103,103,130,130,205,205,225,140,240,254,254,254,254,254,277,277,312,312,332,19,19,96,96,114,126,126,226,274,274,307,307,384,400,360,360,386,400,400,400,400,400,400,12,43,43],"floor_reached":56,"playtime":6247,"items_purged":["Tactician"],"score":1874,"play_id":"a56a53d2-0d2e-44b8-a798-17c950d3dcfb","local_time":"20190502191100","is_ascension_mode":true,"campfire_choices":[{"data":"Noxious Fumes","floor":6.0,"key":"SMITH"},{"floor":8.0,"key":"REST"},{"data":"Neutralize","floor":15.0,"key":"SMITH"},{"data":"Well Laid Plans","floor":23.0,"key":"SMITH"},{"data":"Dash","floor":25.0,"key":"SMITH"},{"floor":29.0,"key":"REST"},{"data":"Choke","floor":32.0,"key":"SMITH"},{"floor":40.0,"key":"REST"},{"floor":42.0,"key":"RECALL"},{"data":"Burst","floor":46.0,"key":"SMITH"},{"data":"Defend_G","floor":49.0,"key":"PURGE"},{"floor":53.0,"key":"REST"}],"neow_cost":"NONE","seed_source_timestamp":0,"circlet_count":0,"master_deck":["AscendersBane","Defend_G","Defend_G","Defend_G","Defend_G","Survivor+1","Neutralize+1","Terror+1","Slice","Noxious Fumes+1","Dodge and Roll","Dash+1","Burst+1","All Out Attack+1","Dash+1","After Image+1","Backflip+1","Well Laid Plans+1","Deflect","Choke+1","Escape Plan","Good Instincts","Adrenaline","Blur","Corpse Explosion","Cloak And Dagger+1","PiercingWail"],"special_seed":0,"relics":["Ring of the Snake","Art of War","Vajra","Question Card","Bag of Marbles","Strawberry","Astrolabe","Meat on the Bone","Unceasing Top","Paper Crane","Snake Skull","Nilry\u0027s Codex","Tough Bandages","Busted Crown","StoneCalendar","Peace Pipe","Orichalcum","Happy Flower","OrangePellets","Bag of Preparation","Centennial Puzzle"],"potions_floor_usage":[56],"damage_taken":[{"damage":13.0,"enemies":"Jaw Worm","floor":1.0,"turns":6.0},{"damage":9.0,"enemies":"Small Slimes","floor":2.0,"turns":7.0},{"damage":23.0,"enemies":"Lagavulin","floor":7.0,"turns":8.0},{"damage":4.0,"enemies":"Gremlin Nob","floor":10.0,"turns":4.0},{"damage":0.0,"enemies":"Cultist","floor":11.0,"turns":4.0},{"damage":1.0,"enemies":"2 Fungi Beasts","floor":12.0,"turns":3.0},{"damage":26.0,"enemies":"3 Sentries","floor":14.0,"turns":6.0},{"damage":11.0,"enemies":"The Guardian","floor":16.0,"turns":11.0},{"damage":2.0,"enemies":"Chosen","floor":18.0,"turns":6.0},{"damage":14.0,"enemies":"Colosseum Slavers","floor":20.0,"turns":7.0},{"damage":17.0,"enemies":"Colosseum Nobs","floor":20.0,"turns":7.0},{"damage":0.0,"enemies":"3 Byrds","floor":21.0,"turns":5.0},{"damage":21.0,"enemies":"Slavers","floor":28.0,"turns":7.0},{"damage":9.0,"enemies":"Snecko","floor":30.0,"turns":7.0},{"damage":8.0,"enemies":"Champ","floor":33.0,"turns":19.0},{"damage":0.0,"enemies":"3 Darklings","floor":35.0,"turns":4.0},{"damage":0.0,"enemies":"3 Shapes","floor":36.0,"turns":4.0},{"damage":6.0,"enemies":"Mind Bloom Boss Battle","floor":38.0,"turns":6.0},{"damage":36.0,"enemies":"2 Orb Walkers","floor":39.0,"turns":5.0},{"damage":21.0,"enemies":"Giant Head","floor":41.0,"turns":12.0},{"damage":0.0,"enemies":"Sphere and 2 Shapes","floor":44.0,"turns":7.0},{"damage":20.0,"enemies":"Reptomancer","floor":47.0,"turns":8.0},{"damage":8.0,"enemies":"Writhing Mass","floor":48.0,"turns":7.0},{"damage":31.0,"enemies":"Awakened One","floor":50.0,"turns":18.0},{"damage":19.0,"enemies":"Donu and Deca","floor":51.0,"turns":7.0},{"damage":71.0,"enemies":"Shield and Spear","floor":55.0,"turns":6.0},{"damage":31,"enemies":"The Heart","floor":56,"turns":5}],"seed_played":"7907124228882292463","potions_obtained":[{"floor":1.0,"key":"GhostInAJar"},{"floor":7.0,"key":"GamblersBrew"},{"floor":12.0,"key":"FairyPotion"},{"floor":14.0,"key":"Ancient Potion"},{"floor":30.0,"key":"Strength Potion"},{"floor":35.0,"key":"Fire Potion"},{"floor":38.0,"key":"PowerPotion"},{"floor":41.0,"key":"SpeedPotion"},{"floor":45.0,"key":"Fire Potion"},{"floor":45.0,"key":"EssenceOfSteel"},{"floor":48.0,"key":"SpeedPotion"}],"is_trial":false,"path_per_floor":["M","M","$","?","?","R","E","R","T","E","M","M","?","E","R","B",null,"M","?","?","M","?","R","?","R","T","?","E","R","M","$","R","B",null,"M","M","?","?","?","R","E","R","T","M","?","R","E","M","R","B","B",null,"R","$","E","B"],"character_chosen":"THE_SILENT","items_purchased":["Noxious Fumes","Poison Potion","Escape Plan","Good Instincts","OrangePellets","Bag of Preparation"],"campfire_rested":4,"item_purchase_floors":[3,31,31,31,54,54],"current_hp_per_floor":[46,37,37,17,33,33,10,29,29,25,25,24,76,57,57,46,74,72,72,53,53,53,53,53,53,53,32,23,47,50,50,50,42,73,73,73,73,67,43,66,45,45,45,45,45,45,37,41,41,22,15,63,79,79,20,0],"gold":43,"neow_bonus":"RANDOM_COMMON_RELIC","is_prod":false,"is_daily":false,"chose_seed":false,"campfire_upgraded":6,"win_rate":0,"timestamp":1556838660,"path_taken":["M","M","$","?","?","R","E","R","T","E","M","M","?","E","R","BOSS","M","?","?","M","?","R","?","R","T","?","E","R","M","$","R","BOSS","M","M","?","?","?","R","E","R","T","?","?","R","E","?","R","BOSS","BOSS","R","$","E","BOSS"],"build_version":"2019-01-23","purchased_purges":1,"victory":false,"max_hp_per_floor":[66,66,66,66,66,66,66,66,66,66,66,66,76,83,83,83,83,83,83,83,83,83,83,83,83,83,83,83,83,83,83,83,83,83,83,83,79,79,79,79,79,79,79,79,79,79,79,79,79,79,79,79,79,79,79,79],"card_choices":[{"not_picked":["Expertise","Underhanded Strike"],"picked":"Terror","floor":1.0},{"not_picked":["Terror","Eviscerate"],"picked":"Slice","floor":2.0},{"not_picked":["Expertise","Underhanded Strike"],"picked":"Dodge and Roll","floor":7.0},{"not_picked":["Backflip","Storm of Steel","Noxious Fumes"],"picked":"Malaise","floor":10.0},{"not_picked":["Outmaneuver","Heel Hook","Bane","Backflip"],"picked":"SKIP","floor":11.0},{"not_picked":["Acrobatics","Underhanded Strike","Expertise","Accuracy"],"picked":"SKIP","floor":12.0},{"not_picked":["Dagger Spray","Dagger Throw","Tactician"],"picked":"Dash","floor":14.0},{"not_picked":["Glass Knife","Storm of Steel","Doppelganger"],"picked":"Burst","floor":16.0},{"not_picked":["Endless Agony","Masterful Stab+1","Infinite Blades+1"],"picked":"Backflip+1","floor":18.0},{"not_picked":["Dagger Throw","Caltrops","PiercingWail"],"picked":"Well Laid Plans","floor":20.0},{"not_picked":["Accuracy","Heel Hook","Flying Knee"],"picked":"Deflect","floor":21.0},{"not_picked":["Outmaneuver","Bullet Time","Well Laid Plans","Noxious Fumes"],"picked":"SKIP","floor":28.0},{"not_picked":["Prepared","Flying Knee","Skewer","Heel Hook"],"picked":"SKIP","floor":30.0},{"not_picked":["Doppelganger","Burst","Die Die Die"],"picked":"Adrenaline","floor":33.0},{"not_picked":["Poisoned Stab+1"],"picked":"Blur","floor":35.0},{"not_picked":["Outmaneuver+1","Heel Hook"],"picked":"SKIP","floor":36.0},{"not_picked":["Reflex"],"picked":"Corpse Explosion","floor":41.0},{"not_picked":["Flying Knee+1","Bane"],"picked":"SKIP","floor":44.0},{"not_picked":["Poisoned Stab","Flying Knee"],"picked":"SKIP","floor":47.0},{"not_picked":["Calculated Gamble"],"picked":"Cloak And Dagger+1","floor":48.0},{"not_picked":["All Out Attack"],"picked":"PiercingWail","floor":55.0}],"player_experience":2258985,"relics_obtained":[{"floor":7.0,"key":"Vajra"},{"floor":9.0,"key":"Question Card"},{"floor":10.0,"key":"Bag of Marbles"},{"floor":14.0,"key":"Strawberry"},{"floor":20.0,"key":"Unceasing Top"},{"floor":20.0,"key":"Paper Crane"},{"floor":26.0,"key":"Snake Skull"},{"floor":27.0,"key":"Nilry\u0027s Codex"},{"floor":28.0,"key":"Tough Bandages"},{"floor":38.0,"key":"StoneCalendar"},{"floor":39.0,"key":"Peace Pipe"},{"floor":41.0,"key":"Orichalcum"},{"floor":47.0,"key":"Happy Flower"},{"floor":55.0,"key":"Centennial Puzzle"}],"event_choices":[{"damage_healed":0.0,"max_hp_gain":0.0,"max_hp_loss":0.0,"gold_gain":0.0,"event_name":"Shining Light","player_choice":"Entered Light","floor":4.0,"gold_loss":0.0,"damage_taken":20.0,"cards_upgraded":["Terror","Survivor"]},{"damage_healed":16.0,"max_hp_gain":0.0,"max_hp_loss":0.0,"gold_gain":0.0,"event_name":"The Cleric","player_choice":"Healed","floor":5.0,"gold_loss":35.0,"damage_taken":0.0},{"cards_removed":["Malaise"],"damage_healed":42.0,"max_hp_gain":10.0,"max_hp_loss":0.0,"gold_gain":0.0,"event_name":"Bonfire Elementals","player_choice":"Offered Rare","floor":13.0,"gold_loss":0.0,"damage_taken":0.0},{"damage_healed":0.0,"max_hp_gain":0.0,"max_hp_loss":0.0,"gold_gain":0.0,"event_name":"Addict","player_choice":"Obtained Relic","floor":19.0,"gold_loss":85.0,"damage_taken":0.0,"relics_obtained":["Meat on the Bone"]},{"damage_healed":0.0,"max_hp_gain":0.0,"max_hp_loss":0.0,"gold_gain":0.0,"event_name":"Colosseum","player_choice":"Fight","floor":20.0,"gold_loss":0.0,"damage_taken":0.0},{"damage_healed":0.0,"max_hp_gain":0.0,"max_hp_loss":0.0,"gold_gain":0.0,"event_name":"Colosseum","player_choice":"Fought Nobs","floor":20.0,"gold_loss":0.0,"damage_taken":0.0},{"damage_healed":0.0,"max_hp_gain":0.0,"max_hp_loss":0.0,"gold_gain":0.0,"event_name":"Vampires","player_choice":"Ignored","floor":22.0,"gold_loss":0.0,"damage_taken":0.0},{"damage_healed":0.0,"max_hp_gain":0.0,"max_hp_loss":0.0,"gold_gain":0.0,"cards_transformed":["Strike_G","Strike_G"],"event_name":"Drug Dealer","player_choice":"Became Test Subject","floor":24.0,"gold_loss":0.0,"damage_taken":0.0,"cards_obtained":["Tactician","Choke"]},{"damage_healed":0.0,"max_hp_gain":0.0,"max_hp_loss":0.0,"gold_gain":0.0,"event_name":"Cursed Tome","player_choice":"Obtained Book","floor":27.0,"gold_loss":0.0,"damage_taken":21.0},{"damage_healed":0.0,"max_hp_gain":0.0,"max_hp_loss":4.0,"gold_gain":0.0,"event_name":"Winding Halls","player_choice":"Max HP","floor":37.0,"gold_loss":0.0,"damage_taken":0.0},{"damage_healed":0.0,"max_hp_gain":0.0,"max_hp_loss":0.0,"gold_gain":0.0,"event_name":"MindBloom","player_choice":"Fight","floor":38.0,"gold_loss":0.0,"damage_taken":0.0},{"damage_healed":0.0,"max_hp_gain":0.0,"max_hp_loss":0.0,"gold_gain":0.0,"event_name":"Mysterious Sphere","player_choice":"Fight","floor":39.0,"gold_loss":0.0,"damage_taken":0.0},{"damage_healed":0.0,"max_hp_gain":0.0,"max_hp_loss":0.0,"gold_gain":0.0,"event_name":"The Woman in Blue","player_choice":"Bought 3 Potions","floor":45.0,"gold_loss":0.0,"damage_taken":0.0}],"is_beta":false,"boss_relics":[{"not_picked":["Empty Cage","Lizard Tail"],"picked":"Astrolabe"},{"not_picked":["Cursed Key","Sozu"],"picked":"Busted Crown"}],"items_purged_floors":[31],"is_endless":false,"potions_floor_spawned":[1,7,12,14,20,30,35,38,41,48],"killed_by":"The Heart","ascension_level":20}