{"gold_per_floor":[15,30,30,44,58,84,84,115,189,217,217,227,227,211,211,211],"floor_reached":16,"playtime":963,"items_purged":[],"score":220,"play_id":"e5e267ba-efca-4871-92f2-0115776676c6","local_time":"20190322005021","is_ascension_mode":true,"campfire_choices":[{"data":"Capacitor","floor":15,"key":"SMITH"}],"neow_cost":"NO_GOLD","seed_source_timestamp":428908221893872,"circlet_count":0,"master_deck":["AscendersBane","Strike_B","Strike_B","Strike_B","Defend_B","Defend_B","Defend_B","Defend_B","Zap","Dualcast","Ball Lightning","Cold Snap","Compile Driver","Auto Shields","Capacitor+1","Glacier","Conserve Battery","Parasite","Chill"],"special_seed":0,"relics":["Cracked Core","Dead Branch","Pear","Shovel","Kunai","Smiling Mask","Ancient Tea Set"],"potions_floor_usage":[2,10,12],"damage_taken":[{"damage":7,"enemies":"Small Slimes","floor":1,"turns":4},{"damage":2,"enemies":"2 Louse","floor":2,"turns":2},{"damage":0,"enemies":"Cultist","floor":4,"turns":2},{"damage":3,"enemies":"Large Slime","floor":5,"turns":5},{"damage":33,"enemies":"3 Sentries","floor":6,"turns":5},{"damage":27,"enemies":"Gremlin Nob","floor":8,"turns":5},{"damage":1,"enemies":"3 Sentries","floor":10,"turns":9},{"damage":0,"enemies":"2 Fungi Beasts","floor":12,"turns":2},{"damage":2,"enemies":"Exordium Thugs","floor":14,"turns":5},{"damage":24,"enemies":"Slime Boss","floor":16,"turns":7}],"seed_played":"-4541458378587210786","potions_obtained":[{"floor":1,"key":"Energy Potion"},{"floor":8,"key":"SkillPotion"},{"floor":10,"key":"Fire Potion"},{"floor":14,"key":"LiquidBronze"}],"is_trial":false,"path_per_floor":["M","M","?","M","M","E","?","E","T","E","?","M","?","M","R","B"],"character_chosen":"DEFECT","items_purchased":[],"campfire_rested":0,"item_purchase_floors":[],"current_hp_per_floor":[61,59,64,64,61,38,31,4,4,3,3,3,25,23,23,0],"gold":211,"neow_bonus":"ONE_RARE_RELIC","is_prod":false,"is_daily":false,"chose_seed":false,"campfire_upgraded":1,"win_rate":0,"timestamp":1553230221,"path_taken":["M","M","?","M","M","E","?","E","T","E","?","?","?","M","R","BOSS"],"build_version":"2019-01-23","purchased_purges":0,"victory":false,"max_hp_per_floor":[75,75,80,80,80,90,90,90,90,90,90,90,90,90,90,90],"card_choices":[{"not_picked":["Static Discharge","Redo"],"picked":"Ball Lightning","floor":1},{"not_picked":["Skim","Rebound"],"picked":"Cold Snap","floor":2},{"not_picked":["Heatsinks","Beam Cell"],"picked":"Hologram","floor":4},{"not_picked":["Tempest","Auto Shields"],"picked":"Compile Driver","floor":5},{"not_picked":["Blizzard","Rebound"],"picked":"Auto Shields","floor":6},{"not_picked":["Hello World","Reinforced Body"],"picked":"Capacitor","floor":8},{"not_picked":["Lockon","Buffer"],"picked":"Glacier","floor":10},{"not_picked":["Beam Cell","Steam"],"picked":"Conserve Battery","floor":12},{"not_picked":["Rebound","Aggregate"],"picked":"Chill","floor":14}],"player_experience":1324189,"relics_obtained":[{"floor":6,"key":"Pear"},{"floor":8,"key":"Shovel"},{"floor":9,"key":"Kunai"},{"floor":10,"key":"Smiling Mask"}],"event_choices":[{"damage_healed":0,"gold_gain":0,"player_choice":"Donut","damage_taken":0,"max_hp_gain":5,"max_hp_loss":0,"event_name":"Big Fish","floor":3,"gold_loss":0},{"cards_removed":["Strike_B"],"damage_healed":0,"gold_gain":0,"player_choice":"Card Removal","damage_taken":7,"max_hp_gain":0,"max_hp_loss":0,"event_name":"Golden Wing","floor":7,"gold_loss":0},{"cards_removed":["Hologram"],"damage_healed":0,"gold_gain":0,"player_choice":"Gave Card","damage_taken":0,"relics_obtained":["Ancient Tea Set"],"max_hp_gain":0,"max_hp_loss":0,"event_name":"WeMeetAgain","floor":11,"gold_loss":0},{"damage_healed":22,"gold_gain":0,"player_choice":"Healed and dodged fight","damage_taken":0,"max_hp_gain":0,"max_hp_loss":0,"event_name":"Mushrooms","floor":13,"gold_loss":0,"cards_obtained":["Parasite"]}],"is_beta":false,"boss_relics":[],"items_purged_floors":[],"is_endless":false,"potions_floor_spawned":[1,8,10,14],"killed_by":"Slime Boss","ascension_level":12}