{"gold_per_floor":[111,111,132,49,72,72,115,115,193,218,293,293,273,293,293,388,388,413,428,428,446,470,470,485,485,485,485,485,485,500,377,377,377],"floor_reached":33,"playtime":1064,"items_purged":["Strike_G"],"score":432,"play_id":"e60a50ba-f189-4c1c-ae77-eff5614d8e59","local_time":"20180814114138","is_ascension_mode":true,"campfire_choices":[{"data":"Neutralize","floor":6.0,"key":"SMITH"},{"floor":8.0,"key":"REST"},{"floor":12.0,"key":"REST"},{"floor":15.0,"key":"REST"},{"floor":23.0,"key":"REST"},{"floor":25.0,"key":"REST"},{"data":"Noxious Fumes","floor":27.0,"key":"SMITH"},{"floor":32,"key":"REST"}],"neow_cost":"NONE","seed_source_timestamp":176584716401265,"circlet_count":0,"master_deck":["Defend_G","Defend_G","Defend_G","Defend_G","Defend_G","Strike_G","Strike_G","Strike_G","Strike_G","Survivor","Neutralize+1","AscendersBane","Backflip","Dagger Spray","Infinite Blades","Dagger Throw","Noxious Fumes","Cloak And Dagger","Noxious Fumes+1","Backflip","Tools of the Trade","Poisoned Stab+1","Backflip","Cloak And Dagger","Dodge and Roll"],"special_seed":0,"relics":["Ring of the Snake","Bloody Idol","Bag of Preparation","Pear","Sozu","Omamori"],"potions_floor_usage":[33,33],"damage_taken":[{"damage":0.0,"enemies":"Jaw Worm","floor":1.0,"turns":5.0},{"damage":0.0,"enemies":"Small Slimes","floor":3.0,"turns":6.0},{"damage":0.0,"enemies":"Cultist","floor":5.0,"turns":5.0},{"damage":35.0,"enemies":"Gremlin Nob","floor":7.0,"turns":5.0},{"damage":31.0,"enemies":"Exordium Thugs","floor":10.0,"turns":5.0},{"damage":5.0,"enemies":"2 Fungi Beasts","floor":14.0,"turns":4.0},{"damage":31.0,"enemies":"Slime Boss","floor":16.0,"turns":11.0},{"damage":0.0,"enemies":"3 Byrds","floor":18.0,"turns":5.0},{"damage":18.0,"enemies":"Shell Parasite","floor":19.0,"turns":6.0},{"damage":25.0,"enemies":"Cultist and Chosen","floor":21.0,"turns":8.0},{"damage":32.0,"enemies":"Snake Plant","floor":22.0,"turns":7.0},{"damage":17.0,"enemies":"Centurion and Healer","floor":24.0,"turns":9.0},{"damage":30,"enemies":"Sentry and Sphere","floor":30,"turns":6},{"damage":48,"enemies":"Automaton","floor":33,"turns":12}],"seed_played":"1314553223977552423","potions_obtained":[{"floor":1.0,"key":"AttackPotion"},{"floor":3.0,"key":"GhostInAJar"},{"floor":13.0,"key":"GamblersBrew"},{"floor":16.0,"key":"Dexterity Potion"}],"is_trial":false,"path_per_floor":["M","?","M","$","M","R","E","R","T","M","?","R","?","M","R","B",null,"M","M","?","M","M","R","M","R","T","R","?","?","M","$","R"],"character_chosen":"THE_SILENT","items_purchased":["Infinite Blades","Dagger Throw","Dodge and Roll"],"campfire_rested":6,"item_purchase_floors":[4,4,31],"current_hp_per_floor":[59,59,59,59,59,59,24,42,52,21,10,31,31,26,47,16,57,57,39,70,45,13,34,17,38,38,38,38,38,13,13,34,0],"gold":377,"neow_bonus":"THREE_CARDS","is_prod":false,"is_daily":false,"chose_seed":false,"campfire_upgraded":2,"win_rate":0,"timestamp":1534272098,"path_taken":["M","?","M","?","?","R","E","R","T","M","?","R","?","M","R","BOSS","M","M","?","M","M","R","M","R","T","R","?","?","M","$","R","BOSS"],"build_version":"2018-08-13v2","purchased_purges":1,"victory":false,"max_hp_per_floor":[66,60,60,60,60,60,60,60,70,70,70,70,70,70,70,70,70,70,70,70,70,70,70,70,70,70,70,70,70,70,70,70,70],"card_choices":[{"not_picked":["Caltrops","Escape Plan"],"picked":"Backflip","floor":0.0},{"not_picked":["All Out Attack","Flying Knee"],"picked":"Dagger Spray","floor":1.0},{"not_picked":["Outmaneuver","Reflex","Skewer"],"picked":"SKIP","floor":3.0},{"not_picked":["Quick Slash","Blade Dance","Acrobatics"],"picked":"SKIP","floor":5.0},{"not_picked":["Dagger Throw","Riddle With Holes"],"picked":"Noxious Fumes","floor":7.0},{"not_picked":["Concentrate","Dagger Spray"],"picked":"Cloak And Dagger","floor":10.0},{"not_picked":["Concentrate","Bane"],"picked":"Noxious Fumes","floor":14.0},{"not_picked":["PiercingWail","Prepared"],"picked":"Backflip","floor":18.0},{"not_picked":["Dagger Throw","Prepared"],"picked":"Infinite Blades","floor":19.0},{"not_picked":["Quick Slash","PiercingWail"],"picked":"Tools of the Trade","floor":21.0},{"not_picked":["Calculated Gamble","Endless Agony"],"picked":"Poisoned Stab+1","floor":22.0},{"not_picked":["Dagger Throw+1","Outmaneuver"],"picked":"Backflip","floor":24.0},{"not_picked":["Dagger Throw","Skewer"],"picked":"Cloak And Dagger","floor":30}],"player_experience":878023,"relics_obtained":[{"floor":7.0,"key":"Bag of Preparation"},{"floor":9.0,"key":"Pear"},{"floor":26.0,"key":"Omamori"}],"event_choices":[{"event_name":"Golden Idol","player_choice":"Lose Max HP","floor":2.0,"damage_taken":0.0},{"event_name":"World of Goop","player_choice":"Gather Gold","floor":11.0,"damage_taken":0.0},{"event_name":"The Woman in Blue","player_choice":"Bought 1 Potion","floor":13.0,"damage_taken":0.0},{"event_name":"Bonfire Elementals","player_choice":"UNCOMMON","floor":20.0,"damage_taken":0.0},{"event_name":"Drug Dealer","player_choice":"Ignored","floor":28.0,"damage_taken":0.0},{"event_name":"Forgotten Altar","player_choice":"Gave Idol","floor":29.0,"damage_taken":0.0}],"is_beta":true,"boss_relics":[{"not_picked":["HoveringKite","Lizard Tail"],"picked":"Sozu"}],"items_purged_floors":[31],"is_endless":false,"potions_floor_spawned":[1,3,16,21,30],"killed_by":"Automaton","ascension_level":15}