{"gold_per_floor":[219,238,256,256,406,449,449,396,419,419,399,433,56,71,71,169,169,193,207,232,5,5],"floor_reached":22,"playtime":926,"items_purged":["Doubt"],"score":388,"play_id":"fcb6d638-57b6-4abc-b807-5d9479532823","local_time":"20190318015712","is_ascension_mode":true,"campfire_choices":[{"data":"Uppercut","floor":7,"key":"SMITH"},{"floor":10,"key":"REST"},{"data":"Armaments","floor":15,"key":"SMITH"}],"neow_cost":"NONE","seed_source_timestamp":87370158482572,"circlet_count":0,"master_deck":["AscendersBane","Strike_R","Strike_R","Strike_R","Strike_R","Strike_R","Defend_R","Defend_R","Defend_R","Defend_R","Bash","Cleave","Clothesline","Uppercut+1","Exhume","Shrug It Off","Cleave","Disarm","Armaments+1","Bludgeon","Disarm","Corruption+1"],"relics":["Burning Blood","Golden Idol","Dream Catcher","Bronze Scales","Ginger","Strawberry","Mark of Pain","Medical Kit"],"potions_floor_usage":[12,16,19],"damage_taken":[{"damage":6,"enemies":"Jaw Worm","floor":1,"turns":5},{"damage":3,"enemies":"2 Louse","floor":2,"turns":3},{"damage":4,"enemies":"Cultist","floor":3,"turns":4},{"damage":45,"enemies":"Lagavulin","floor":6,"turns":7},{"damage":24,"enemies":"Gremlin Nob","floor":12,"turns":3},{"damage":11,"enemies":"Exordium Thugs","floor":14,"turns":3},{"damage":9,"enemies":"Hexaghost","floor":16,"turns":11},{"damage":7,"enemies":"Chosen","floor":18,"turns":4},{"damage":28,"enemies":"2 Thieves","floor":19,"turns":3},{"damage":13,"enemies":"Centurion and Healer","floor":20,"turns":10},{"damage":52,"enemies":"Shelled Parasite and Fungi","floor":22,"turns":5}],"seed_played":"-2695790410072822301","potions_obtained":[{"floor":1,"key":"Explosive Potion"},{"floor":6,"key":"FairyPotion"},{"floor":11,"key":"Energy Potion"},{"floor":16,"key":"SpeedPotion"},{"floor":18,"key":"Strength Potion"}],"is_trial":false,"path_per_floor":["M","M","M","?","?","E","R","?","T","R","?","E","$","M","R","B",null,"M","M","M","$","M"],"character_chosen":"IRONCLAD","items_purchased":["Strawberry","Disarm","Strength Potion","Medical Kit"],"campfire_rested":1,"item_purchase_floors":[13,13,13,21],"current_hp_per_floor":[68,71,73,47,47,8,8,8,8,30,30,12,19,14,14,11,64,63,41,34,34,0],"gold":5,"neow_bonus":"HUNDRED_GOLD","is_prod":false,"is_daily":false,"chose_seed":false,"campfire_upgraded":2,"win_rate":0,"timestamp":1552888632,"path_taken":["M","M","M","?","?","E","R","?","T","R","?","E","$","M","R","BOSS","M","?","M","$","M"],"build_version":"2019-01-23","purchased_purges":1,"victory":false,"max_hp_per_floor":[75,75,75,75,75,75,75,75,75,75,75,75,82,82,82,82,82,82,82,82,82,82],"card_choices":[{"not_picked":["Iron Wave","Headbutt"],"picked":"Cleave","floor":1},{"not_picked":["Flame Barrier","Clash"],"picked":"Clothesline","floor":2},{"not_picked":["Armaments","Pummel"],"picked":"Uppercut","floor":3},{"not_picked":["Cleave","Warcry"],"picked":"Exhume","floor":6},{"not_picked":["Fire Breathing","Twin Strike"],"picked":"Shrug It Off","floor":10},{"not_picked":["Clash","Wild Strike","Cleave"],"picked":"SKIP","floor":12},{"not_picked":["Clash","Wild Strike"],"picked":"Cleave","floor":12},{"not_picked":["Body Slam","Cleave"],"picked":"Armaments","floor":14},{"not_picked":["Berserk","Brutality"],"picked":"Bludgeon","floor":16},{"not_picked":["Dual Wield","True Grit"],"picked":"Disarm","floor":18},{"not_picked":["Heavy Blade","Cleave","Burning Pact"],"picked":"SKIP","floor":19},{"not_picked":["Perfected Strike","Warcry+1"],"picked":"Corruption+1","floor":20}],"player_experience":1201851,"relics_obtained":[{"floor":6,"key":"Dream Catcher"},{"floor":9,"key":"Bronze Scales"},{"floor":12,"key":"Ginger"}],"event_choices":[{"damage_healed":0,"gold_gain":0,"player_choice":"Take Damage","damage_taken":26,"relics_obtained":["Golden Idol"],"max_hp_gain":0,"max_hp_loss":0,"event_name":"Golden Idol","floor":4,"gold_loss":0},{"damage_healed":0,"gold_gain":150,"player_choice":"AGREE","damage_taken":0,"max_hp_gain":0,"max_hp_loss":0,"event_name":"Liars Game","floor":5,"gold_loss":0,"cards_obtained":["Doubt"]},{"damage_healed":0,"gold_gain":0,"player_choice":"Left Gold","damage_taken":0,"max_hp_gain":0,"max_hp_loss":0,"event_name":"World of Goop","floor":8,"gold_loss":53},{"damage_healed":0,"gold_gain":0,"player_choice":"Bought 1 Potion","damage_taken":0,"max_hp_gain":0,"max_hp_loss":0,"event_name":"The Woman in Blue","floor":11,"gold_loss":0}],"is_beta":false,"boss_relics":[{"not_picked":["Ectoplasm","Fusion Hammer"],"picked":"Mark of Pain"}],"items_purged_floors":[13],"is_endless":false,"potions_floor_spawned":[1,6,16,18],"killed_by":"Shelled Parasite and Fungi","ascension_level":20}