{"path_per_floor":["M","M","M","$","M","E","R","E","T","E","?","R","E","$","R","B",null,"M","?","?","M","M","R","$","E","T"],"character_chosen":"IRONCLAD","items_purchased":["Wild Strike","Double Tap","Orichalcum","Entrench","Feel No Pain"],"gold_per_floor":[115,126,144,65,83,115,115,149,196,226,226,226,256,36,36,113,113,129,129,129,142,152,152,48,75,151,151],"floor_reached":27,"campfire_rested":0,"playtime":1049,"current_hp_per_floor":[68,74,75,75,75,64,64,62,62,40,40,40,30,30,30,19,61,53,32,48,39,40,40,40,11,11,0],"items_purged":[],"gold":151,"score":453,"play_id":"2841425a-663c-4c1f-8091-1e4c3ba793c0","local_time":"20180417094922","is_prod":false,"is_daily":false,"chose_seed":false,"is_ascension_mode":true,"campfire_upgraded":4,"timestamp":1523972962,"path_taken":["M","M","M","?","M","E","R","E","T","E","?","R","E","?","R","BOSS","M","?","?","M","M","R","?","E","T","E"],"build_version":"2018-04-12","seed_source_timestamp":158369920521813,"purchased_purges":2,"victory":false,"master_deck":["Strike_R","Strike_R","Strike_R","Strike_R","Strike_R","Defend_R","Defend_R","Defend_R","Defend_R","Bash","AscendersBane","Thunderclap","Perfected Strike+1","Cleave","Wild Strike","Shrug It Off","Barricade+1","Disarm","Perfected Strike+1","Inflame+1","Double Tap+1","Limit Break","Perfected Strike","Feel No Pain+1","Twin Strike","Entrench","Feel No Pain"],"max_hp_per_floor":[75,75,75,75,75,75,75,75,75,75,75,75,75,75,75,75,75,75,80,80,80,80,80,80,80,80,80],"relics":["Burning Blood","Calipers","Oddly Smooth Stone","Art of War","Bag of Marbles","Omamori","Orichalcum","Mark of Pain","Regal Pillow","Ornamental Fan"],"card_choices":[{"not_picked":["Shrug It Off","Blood for Blood"],"picked":"Thunderclap","floor":1},{"not_picked":["Headbutt","Uppercut"],"picked":"Perfected Strike","floor":2},{"not_picked":["Rampage","Iron Wave"],"picked":"Cleave","floor":3},{"not_picked":["Corruption","Anger"],"picked":"Shrug It Off","floor":5},{"not_picked":["Combust","Second Wind"],"picked":"Barricade","floor":6},{"not_picked":["Rampage","Thunderclap"],"picked":"Disarm","floor":8},{"not_picked":["Bludgeon","Pommel Strike"],"picked":"Perfected Strike","floor":10},{"not_picked":["Second Wind","Dropkick"],"picked":"Inflame","floor":13},{"not_picked":["Barricade","Double Tap"],"picked":"Limit Break","floor":16},{"not_picked":["Sentinel","Heavy Blade"],"picked":"Perfected Strike","floor":18},{"not_picked":["Clothesline","Warcry"],"picked":"Feel No Pain","floor":21},{"not_picked":["Clothesline","Dropkick"],"picked":"Twin Strike","floor":22}],"player_experience":890516,"potions_floor_usage":[8,8,8,10,25,27],"damage_taken":[{"damage":6,"enemies":"Cultist","floor":1,"turns":4},{"damage":0,"enemies":"Small Slimes","floor":2,"turns":3},{"damage":2,"enemies":"2 Louse","floor":3,"turns":3},{"damage":1,"enemies":"Exordium Wildlife","floor":5,"turns":2},{"damage":17,"enemies":"3 Sentries","floor":6,"turns":6},{"damage":8,"enemies":"Gremlin Nob","floor":8,"turns":3},{"damage":28,"enemies":"3 Sentries","floor":10,"turns":6},{"damage":16,"enemies":"Gremlin Nob","floor":13,"turns":3},{"damage":17,"enemies":"Hexaghost","floor":16,"turns":7},{"damage":14,"enemies":"Spheric Guardian","floor":18,"turns":4},{"damage":15,"enemies":"Chosen","floor":21,"turns":4},{"damage":5,"enemies":"Slaver and Parasite","floor":22,"turns":6},{"damage":35,"enemies":"Gremlin Leader","floor":25,"turns":6},{"damage":15,"enemies":"Book of Stabbing","floor":27,"turns":2}],"event_choices":[{"event_name":"Living Wall","player_choice":"Grow","floor":11,"damage_taken":0},{"event_name":"Forgotten Altar","player_choice":"Shed Blood","floor":19,"damage_taken":0},{"event_name":"The Library","player_choice":"Heal","floor":20,"damage_taken":0}],"boss_relics":[{"not_picked":["Runic Pyramid","Calling Bell"],"picked":"Mark of Pain"}],"potions_floor_spawned":[2,3,5,8,13,21,22,25],"seed_played":"-612809219791073407","killed_by":"Book of Stabbing","ascension_level":15,"is_trial":false}