{"path_per_floor":["M","?","?","?","M","E","R","E","T","E","R","M","R","M","R","B",null,"M","M","?","?","$","R","M","R","T","?","R","M"],"character_chosen":"THE_SILENT","items_purchased":["Caltrops","Finesse"],"gold_per_floor":[111,111,61,61,73,98,98,123,123,157,157,176,176,193,193,264,264,284,297,297,297,52,52,67,67,93,18,18,29,29],"floor_reached":30,"campfire_rested":1,"playtime":1078,"current_hp_per_floor":[63,56,56,44,44,20,41,27,41,24,24,24,24,24,24,4,64,40,38,38,38,38,38,38,38,38,38,38,20,0],"items_purged":["Strike_G"],"gold":29,"score":406,"play_id":"6a90db9f-37e4-4500-a07b-c12b9124e492","local_time":"20180404115852","is_prod":false,"is_daily":false,"is_ascension_mode":true,"campfire_upgraded":6,"timestamp":1522857532,"path_taken":["M","?","?","?","M","E","R","E","T","E","R","?","R","M","R","BOSS","M","M","?","?","$","R","M","R","T","?","R","M","E"],"build_version":"2018-03-29v2","purchased_purges":1,"victory":false,"master_deck":["Defend_G","Defend_G","Defend_G","Defend_G","Strike_G+1","Strike_G+1","Survivor","Neutralize+1","AscendersBane","Dagger Throw","Infinite Blades+1","Quick Slash","Dagger Spray+1","Noxious Fumes","Footwork+1","Die Die Die","PiercingWail","Caltrops+1","Finesse+1","Caltrops+1","Caltrops"],"max_hp_per_floor":[70,70,70,70,70,70,70,70,84,84,84,84,84,84,84,84,84,84,84,84,84,84,84,84,84,84,84,84,84,84],"relics":["Ring of the Snake","Vajra","Ancient Tea Set","Whetstone","Mango","Lantern","Black Star","Dream Catcher"],"card_choices":[{"not_picked":["Underhanded Strike","Prepared"],"picked":"Dagger Throw","floor":1},{"not_picked":["Poisoned Stab","Deadly Poison"],"picked":"Infinite Blades","floor":5},{"not_picked":["Masterful Stab","Deadly Poison"],"picked":"Quick Slash","floor":6},{"not_picked":["Deflect","Underhanded Strike"],"picked":"Dagger Spray","floor":8},{"not_picked":["Blur","Setup"],"picked":"Noxious Fumes","floor":10},{"not_picked":["Prepared","Sucker Punch"],"picked":"Footwork","floor":14},{"not_picked":["Burst","Night Terror"],"picked":"Die Die Die","floor":16},{"not_picked":["Masterful Stab","Dodge and Roll"],"picked":"PiercingWail","floor":19},{"not_picked":["Outmaneuver","Quick Slash"],"picked":"Caltrops","floor":24},{"not_picked":["PiercingWail","Dagger Throw"],"picked":"Caltrops","floor":29}],"player_experience":667116,"potions_floor_usage":[10,19,19,30,30],"damage_taken":[{"damage":0,"enemies":"Small Slimes","floor":1,"turns":4},{"damage":0,"enemies":"2 Louse","floor":5,"turns":3},{"damage":24,"enemies":"Lagavulin","floor":6,"turns":7},{"damage":14,"enemies":"Gremlin Nob","floor":8,"turns":4},{"damage":17,"enemies":"Lagavulin","floor":10,"turns":5},{"damage":0,"enemies":"Cultist","floor":12,"turns":2},{"damage":0,"enemies":"3 Louse","floor":14,"turns":1},{"damage":20,"enemies":"The Guardian","floor":16,"turns":10},{"damage":24,"enemies":"Chosen","floor":18,"turns":4},{"damage":2,"enemies":"Spheric Guardian","floor":19,"turns":3},{"damage":0,"enemies":"Chosen and Byrds","floor":24,"turns":6},{"damage":18,"enemies":"Snake Plant","floor":29,"turns":4},{"damage":21,"enemies":"Book of Stabbing","floor":30,"turns":4}],"event_choices":[{"event_name":"Golden Wing","player_choice":"Card Removal","floor":2,"damage_taken":0},{"event_name":"The Cleric","player_choice":"Card Removal","floor":3,"damage_taken":0},{"event_name":"Scrap Ooze","player_choice":"success","floor":4,"damage_taken":12},{"event_name":"The Lab","player_choice":"Got Potions","floor":20,"damage_taken":0},{"event_name":"The Woman in Blue","player_choice":"Bought 0 Potions","floor":21,"damage_taken":0},{"event_name":"Beggar","player_choice":"Gave Gold","floor":27,"damage_taken":0}],"boss_relics":[{"not_picked":["Velvet Choker","Snecko Eye"],"picked":"Black Star"}],"potions_floor_spawned":[6,10,12,16,18,19],"seed_played":"8405324626818235287","killed_by":"Book of Stabbing","ascension_level":13,"is_trial":false}