{"gold_per_floor":[113,113,388,388,388,388,419,419,419,419,82,106,139,166,166,256,256,274,224,242,242,192,192,232,232],"floor_reached":25,"playtime":913,"items_purged":["Strike_R","Strike_R","Defend_R"],"score":478,"play_id":"d2be49ed-8355-4d4f-9e83-94dd1497e9c9","local_time":"20180908132939","is_ascension_mode":true,"campfire_choices":[{"data":"Ghostly Armor","floor":6,"key":"SMITH"},{"data":"Spot Weakness","floor":8,"key":"SMITH"},{"floor":10,"key":"REST"},{"data":"Anger","floor":15,"key":"SMITH"},{"data":"Dual Wield","floor":23,"key":"SMITH"}],"neow_cost":"NONE","seed_source_timestamp":500313256869892,"circlet_count":0,"master_deck":["Defend_R","Defend_R","Defend_R","Bash+1","AscendersBane","Ghostly Armor+1","Spot Weakness+1","Metallicize","Anger+1","Heavy Blade","Limit Break","Uppercut+1","Reckless Charge+1","Bludgeon+1","Dual Wield+1","Sword Boomerang+1"],"relics":["White Beast Statue","Golden Idol","Smiling Mask","Blue Candle","Kunai","Blood Vial","Pen Nib","Astrolabe","MutagenicStrength","Happy Flower"],"potions_floor_usage":[12,16,16,20,25],"damage_taken":[{"damage":13,"enemies":"Jaw Worm","floor":1,"turns":4},{"damage":32,"enemies":"3 Sentries","floor":7,"turns":12},{"damage":0,"enemies":"Cultist","floor":12,"turns":5},{"damage":18,"enemies":"Gremlin Nob","floor":13,"turns":5},{"damage":0,"enemies":"Slime Boss","floor":16,"turns":9},{"damage":2,"enemies":"Shell Parasite","floor":18,"turns":3},{"damage":14,"enemies":"2 Thieves","floor":20,"turns":3},{"damage":40,"enemies":"Book of Stabbing","floor":24,"turns":5},{"damage":19,"enemies":"Snake Plant","floor":25,"turns":2}],"seed_played":"-5300734717108508055","potions_obtained":[{"floor":1,"key":"Ancient Potion"},{"floor":7,"key":"Strength Potion"},{"floor":12,"key":"GamblersBrew"},{"floor":13,"key":"Swift Potion"},{"floor":16,"key":"BloodPotion"},{"floor":18,"key":"Ancient Potion"},{"floor":20,"key":"Explosive Potion"},{"floor":24,"key":"SkillPotion"}],"is_trial":false,"path_per_floor":["M","?","?","?","?","R","E","R","T","R","$","M","E","T","R","B",null,"M","$","M","?","$","R","E"],"character_chosen":"IRONCLAD","items_purchased":["Kunai","Metallicize"],"campfire_rested":1,"item_purchase_floors":[11,11],"current_hp_per_floor":[55,55,55,55,55,55,23,23,23,43,43,43,25,25,25,27,58,58,58,52,52,52,52,14,0],"gold":232,"neow_bonus":"BOSS_RELIC","is_prod":false,"is_daily":false,"chose_seed":false,"campfire_upgraded":4,"win_rate":0,"timestamp":1536427779,"path_taken":["M","?","?","?","?","R","E","R","T","R","$","?","E","?","R","BOSS","M","$","M","?","$","R","E","M"],"build_version":"2018-09-06","purchased_purges":3,"victory":false,"max_hp_per_floor":[75,75,75,68,68,68,68,68,68,68,68,68,68,68,68,68,68,68,68,68,68,68,68,68,68],"card_choices":[{"not_picked":["Pommel Strike","Carnage"],"picked":"Ghostly Armor","floor":1},{"not_picked":["Rupture","Infernal Blade"],"picked":"Spot Weakness","floor":7},{"not_picked":["Intimidate","Reckless Charge"],"picked":"Anger","floor":12},{"not_picked":["Flame Barrier","Shrug It Off"],"picked":"Heavy Blade","floor":13},{"not_picked":["Berserk","Juggernaut"],"picked":"Limit Break","floor":16},{"not_picked":["Shrug It Off","Metallicize"],"picked":"Dual Wield","floor":18},{"not_picked":["Heavy Blade","Shrug It Off","Sever Soul"],"picked":"SKIP","floor":20},{"not_picked":["Shrug It Off","Searing Blow"],"picked":"Sword Boomerang+1","floor":24}],"player_experience":984518,"relics_obtained":[{"floor":7,"key":"Smiling Mask"},{"floor":9,"key":"Blue Candle"},{"floor":13,"key":"Blood Vial"},{"floor":14,"key":"Pen Nib"},{"floor":24,"key":"Happy Flower"}],"event_choices":[{"event_name":"Accursed Blacksmith","player_choice":"Forge","floor":2,"damage_taken":0},{"event_name":"Golden Shrine","player_choice":"Desecrate","floor":3,"damage_taken":0},{"event_name":"Golden Idol","player_choice":"Lose Max HP","floor":4,"damage_taken":0},{"event_name":"Living Wall","player_choice":"Forget","floor":5,"damage_taken":0},{"event_name":"Drug Dealer","player_choice":"Inject Mutagens","floor":21,"damage_taken":0}],"is_beta":false,"boss_relics":[{"not_picked":["Calling Bell","Ectoplasm"],"picked":"Astrolabe"}],"items_purged_floors":[11,19,22],"is_endless":false,"potions_floor_spawned":[1,7,12,13,16,18,20,24],"killed_by":"Snake Plant","ascension_level":15}