{"gold_per_floor":[117,134,24,24,44,44,77,77,77,87,106,135,135,161,161,238,238,253,253,303,40,70,70,113,113,136,136,181,181,217,258,258,335,335,372,385,385,385,385,385,385,450,450,450,53,53,79,97,97,122],"floor_reached":50,"playtime":2302,"items_purged":["Strike_R+1","Perfected Strike+1"],"score":1030,"play_id":"114eafa4-b1ed-4e9a-996a-03c749cb926f","local_time":"20190423054538","is_ascension_mode":true,"campfire_choices":[{"data":"Perfected Strike","floor":6,"key":"SMITH"},{"data":"Perfected Strike","floor":8,"key":"SMITH"},{"data":"True Grit","floor":13,"key":"SMITH"},{"data":"Disarm","floor":15,"key":"SMITH"},{"data":"HandOfGreed","floor":23,"key":"SMITH"},{"data":"Juggernaut","floor":25,"key":"SMITH"},{"data":"Juggernaut","floor":27,"key":"SMITH"},{"data":"Metallicize","floor":29,"key":"SMITH"},{"floor":32,"key":"REST"},{"data":"Barricade","floor":40,"key":"SMITH"},{"data":"Flame Barrier","floor":44,"key":"SMITH"},{"floor":46,"key":"RECALL"},{"data":"Feel No Pain","floor":49,"key":"SMITH"}],"neow_cost":"NONE","seed_source_timestamp":40578424121711,"circlet_count":0,"master_deck":["AscendersBane","Strike_R+1","Strike_R+1","Strike_R+1","Defend_R+1","Defend_R+1","Defend_R+1","Defend_R+1","Bash","True Grit+1","Clothesline","Juggernaut+1","Perfected Strike+1","Feed","Disarm+1","Metallicize+1","Juggernaut+1","HandOfGreed+1","Shrug It Off","Shrug It Off","Flame Barrier+1","Offering","Flame Barrier+1","Barricade+1","Secret Weapon","Body Slam+1","Feel No Pain+1","Shrug It Off"],"relics":["Burning Blood","Whetstone","Oddly Smooth Stone","Dodecahedron","Question Card","Blood Vial","Boot","Velvet Choker","Bag of Marbles","Mark of Pain","OrangePellets","Singing Bowl"],"potions_floor_usage":[7,14,16,24,33,35,48,48,50],"damage_taken":[{"damage":2,"enemies":"Jaw Worm","floor":1,"turns":3},{"damage":1,"enemies":"Cultist","floor":2,"turns":3},{"damage":5,"enemies":"2 Louse","floor":5,"turns":2},{"damage":8,"enemies":"Lagavulin","floor":7,"turns":7},{"damage":8,"enemies":"Blue Slaver","floor":10,"turns":4},{"damage":5,"enemies":"Red Slaver","floor":11,"turns":3},{"damage":16,"enemies":"3 Sentries","floor":12,"turns":7},{"damage":5,"enemies":"Gremlin Nob","floor":14,"turns":3},{"damage":16,"enemies":"The Guardian","floor":16,"turns":15},{"damage":22,"enemies":"3 Byrds","floor":18,"turns":5},{"damage":12,"enemies":"Chosen","floor":22,"turns":5},{"damage":14,"enemies":"Centurion and Healer","floor":24,"turns":6},{"damage":15,"enemies":"Snake Plant","floor":28,"turns":4},{"damage":9,"enemies":"Shelled Parasite and Fungi","floor":30,"turns":7},{"damage":14,"enemies":"Cultist and Chosen","floor":31,"turns":7},{"damage":26,"enemies":"Automaton","floor":33,"turns":9},{"damage":0,"enemies":"3 Shapes","floor":35,"turns":7},{"damage":11,"enemies":"3 Darklings","floor":36,"turns":4},{"damage":13,"enemies":"Jaw Worm Horde","floor":42,"turns":7},{"damage":6,"enemies":"Nemesis","floor":47,"turns":11},{"damage":0,"enemies":"Writhing Mass","floor":48,"turns":5},{"damage":109,"enemies":"Awakened One","floor":50,"turns":7}],"seed_played":"8303237130788460873","potions_obtained":[{"floor":5,"key":"AttackPotion"},{"floor":10,"key":"SteroidPotion"},{"floor":12,"key":"LiquidBronze"},{"floor":14,"key":"EssenceOfSteel"},{"floor":22,"key":"Strength Potion"},{"floor":31,"key":"GamblersBrew"},{"floor":33,"key":"Explosive Potion"},{"floor":42,"key":"Fire Potion"},{"floor":47,"key":"AttackPotion"},{"floor":48,"key":"Regen Potion"}],"is_trial":false,"path_per_floor":["M","M","$","?","M","R","E","R","T","M","M","E","R","E","R","B",null,"M","?","?","$","M","R","M","R","T","R","M","R","M","M","R","B",null,"M","M","?","?","?","R","?","M","T","R","$","R","E","M","R","B"],"character_chosen":"IRONCLAD","items_purchased":["Clothesline","SteroidPotion","HandOfGreed","Feel No Pain","OrangePellets"],"campfire_rested":1,"item_purchase_floors":[3,3,21,45,45],"current_hp_per_floor":[72,75,75,75,75,75,73,73,73,71,72,65,65,68,68,63,77,66,66,58,58,54,54,51,51,51,51,44,44,46,40,67,49,80,91,91,91,91,91,91,91,84,84,84,84,84,88,93,93,0],"gold":122,"neow_bonus":"RANDOM_COMMON_RELIC","is_prod":false,"is_daily":false,"chose_seed":false,"campfire_upgraded":11,"win_rate":0,"timestamp":1556012738,"path_taken":["M","M","$","?","M","R","E","R","T","M","?","E","R","E","R","BOSS","M","?","?","$","M","R","M","R","T","R","?","R","M","M","R","BOSS","M","M","?","?","?","R","?","?","T","R","$","R","E","M","R","BOSS"],"build_version":"2019-01-23","purchased_purges":2,"victory":false,"max_hp_per_floor":[75,75,75,75,75,75,75,75,75,75,75,78,78,78,78,81,81,84,84,84,84,84,84,87,87,87,87,87,87,90,90,90,90,90,93,96,91,91,91,91,91,91,91,91,91,91,93,93,93,93],"card_choices":[{"not_picked":["Twin Strike","Pummel"],"picked":"True Grit","floor":1},{"not_picked":["Iron Wave","Twin Strike"],"picked":"Perfected Strike","floor":2},{"not_picked":["Cleave","Iron Wave"],"picked":"Juggernaut","floor":5},{"not_picked":["Clothesline","Clash"],"picked":"Perfected Strike","floor":7},{"not_picked":["Bloodletting","Warcry","Anger","Clothesline"],"picked":"SKIP","floor":10},{"not_picked":["Reckless Charge","Pommel Strike","Body Slam"],"picked":"Feed","floor":11},{"not_picked":["Twin Strike","Iron Wave","Exhume"],"picked":"Disarm","floor":12},{"not_picked":["Cleave","Pummel","Feed"],"picked":"Metallicize","floor":14},{"not_picked":["Demon Form","Brutality","Limit Break"],"picked":"Juggernaut","floor":16},{"not_picked":["Dual Wield","Cleave","Combust","Bloodletting+1"],"picked":"SKIP","floor":18},{"not_picked":["Twin Strike","Pommel Strike","Clash"],"picked":"Shrug It Off","floor":22},{"not_picked":["Warcry","Cleave","Clothesline"],"picked":"Shrug It Off","floor":24},{"not_picked":["Entrench","Uppercut+1","Clash"],"picked":"Flame Barrier+1","floor":28},{"not_picked":["Flex","Seeing Red","Shrug It Off"],"picked":"Offering","floor":30},{"not_picked":["Twin Strike","Reckless Charge","Iron Wave"],"picked":"Flame Barrier","floor":31},{"not_picked":["Limit Break","Exhume","Feed"],"picked":"Barricade","floor":33},{"not_picked":["Armaments","Iron Wave+1","Thunderclap","Havoc"],"picked":"SKIP","floor":35},{"not_picked":["Flex","Sentinel","True Grit","Combust"],"picked":"SKIP","floor":36},{"not_picked":["Deep Breath","Panache","Finesse"],"picked":"Secret Weapon","floor":39},{"not_picked":["Warcry","True Grit","Battle Trance"],"picked":"Body Slam+1","floor":42},{"not_picked":["Carnage+1","Thunderclap","Wild Strike","Brutality"],"picked":"Singing Bowl","floor":47},{"not_picked":["Sword Boomerang","Twin Strike","Clash"],"picked":"Shrug It Off","floor":48}],"player_experience":1888392,"relics_obtained":[{"floor":7,"key":"Dodecahedron"},{"floor":9,"key":"Question Card"},{"floor":12,"key":"Blood Vial"},{"floor":14,"key":"Boot"},{"floor":26,"key":"Bag of Marbles"},{"floor":47,"key":"Singing Bowl"}],"event_choices":[{"damage_healed":0,"gold_gain":0,"player_choice":"Gave Potion","damage_taken":0,"relics_obtained":["Oddly Smooth Stone"],"max_hp_gain":0,"max_hp_loss":0,"event_name":"WeMeetAgain","floor":4,"gold_loss":0},{"damage_healed":0,"gold_gain":0,"player_choice":"Simplicity","damage_taken":0,"max_hp_gain":0,"max_hp_loss":0,"event_name":"Back to Basics","floor":19,"gold_loss":0,"cards_upgraded":["Strike_R","Strike_R","Strike_R","Defend_R","Defend_R","Defend_R","Defend_R"]},{"damage_healed":0,"gold_gain":50,"player_choice":"Touch","damage_taken":8,"max_hp_gain":0,"max_hp_loss":0,"event_name":"FaceTrader","floor":20,"gold_loss":0},{"damage_healed":0,"gold_gain":0,"player_choice":"Max HP","damage_taken":0,"max_hp_gain":0,"max_hp_loss":5,"event_name":"Winding Halls","floor":37,"gold_loss":0},{"cards_removed":["Strike_R"],"damage_healed":0,"gold_gain":0,"player_choice":"Removed Attack","damage_taken":0,"max_hp_gain":0,"max_hp_loss":0,"event_name":"Falling","floor":38,"gold_loss":0},{"damage_healed":0,"gold_gain":0,"player_choice":"Memory 1","damage_taken":0,"max_hp_gain":0,"max_hp_loss":0,"event_name":"SensoryStone","floor":39,"gold_loss":0},{"damage_healed":0,"gold_gain":0,"player_choice":"Ignored","damage_taken":0,"max_hp_gain":0,"max_hp_loss":0,"event_name":"Tomb of Lord Red Mask","floor":41,"gold_loss":0}],"is_beta":false,"boss_relics":[{"not_picked":["Ectoplasm","Empty Cage"],"picked":"Velvet Choker"},{"not_picked":["Calling Bell","White Beast Statue"],"picked":"Mark of Pain"}],"items_purged_floors":[21,45],"is_endless":false,"potions_floor_spawned":[5,10,12,14,22,31,33,42,47,48],"killed_by":"Awakened One","ascension_level":20}