{"path_per_floor":["M","?","M","?","$","E","R","M","T","M","R","M","E","M","R","B",null,"M","?","M","$","?","R","?","R","T","R","M","R","T","E","R"],"character_chosen":"THE_SILENT","items_purchased":["Caltrops","Bouncing Flask","Backstab","Bag of Preparation","Regen Potion"],"gold_per_floor":[113,113,123,198,12,47,47,59,59,73,73,84,117,136,136,240,240,254,254,268,34,34,34,34,34,34,34,49,49,349,381,381],"floor_reached":33,"campfire_rested":5,"playtime":2418,"current_hp_per_floor":[58,44,36,25,25,6,27,27,27,19,40,19,17,17,38,23,58,42,42,20,20,20,41,64,64,64,64,44,44,44,18,41],"items_purged":["Strike_G"],"gold":381,"score":341,"play_id":"bc16841a-8339-4f56-8ce3-793983b99fde","is_prod":false,"is_daily":false,"is_ascension_mode":true,"campfire_upgraded":3,"path_taken":["M","?","M","?","$","E","R","M","T","M","R","M","E","?","R","BOSS","M","?","M","$","?","R","?","R","T","R","M","R","?","E","R","BOSS"],"build_version":"2018-02-15-PROD1","purchased_purges":1,"victory":false,"master_deck":["Defend_G+1","Defend_G+1","Defend_G+1","Defend_G+1","Defend_G+1","Strike_G+1","Strike_G+1","Strike_G+1","Strike_G+1","Survivor","Neutralize","Well Laid Plans","Infinite Blades+1","Infinite Blades","Die Die Die","Poisoned Stab","Accuracy","Deadly Poison","Caltrops","Bouncing Flask+1","Storm of Steel","Cloak And Dagger","Distraction+1","Dagger Throw","Blur","Phantasmal Killer+1","Skewer","Backstab","Choke+1"],"max_hp_per_floor":[70,70,70,70,70,70,70,70,70,70,70,70,70,70,70,70,70,70,70,70,70,70,70,70,70,70,70,70,70,70,77,77],"relics":["Orrery","Gambling Chip","Ice Cream","Vajra","Black Star","Bag of Preparation","War Paint","Old Coin","Art of War","Strawberry"],"card_choices":[{"not_picked":["Dagger Throw","Cloak And Dagger"],"picked":"Well Laid Plans"},{"not_picked":["Outmaneuver","Flying Knee"],"picked":"Infinite Blades"},{"not_picked":["Acrobatics","Poisoned Stab"],"picked":"Infinite Blades"},{"not_picked":["Poisoned Stab","Deflect"],"picked":"Die Die Die"},{"not_picked":["Slice","Prepared"],"picked":"Poisoned Stab"},{"not_picked":["Deadly Poison","Dodge and Roll"],"picked":"Accuracy"},{"not_picked":["Acrobatics","Dagger Throw"],"picked":"Deadly Poison"},{"not_picked":["Flying Knee","Acrobatics"],"picked":"Storm of Steel"},{"not_picked":["Slice","Backstab"],"picked":"Cloak And Dagger"},{"not_picked":["Endless Agony","Dagger Throw"],"picked":"Distraction"},{"not_picked":["Outmaneuver","Underhanded Strike"],"picked":"Dagger Throw"},{"not_picked":["Infinite Blades","Dagger Throw"],"picked":"Blur"},{"not_picked":["Tools of the Trade","Burst"],"picked":"Phantasmal Killer"},{"not_picked":["PiercingWail","Prepared"],"picked":"Skewer"},{"not_picked":["Poisoned Stab","Slice"],"picked":"Choke"}],"player_experience":310439,"potions_floor_usage":[13,16,20,28,31,31,33],"damage_taken":[{"damage":12,"enemies":"Jaw Worm","floor":1,"turns":4},{"damage":8,"enemies":"2 Louse","floor":3,"turns":3},{"damage":19,"enemies":"Gremlin Nob","floor":6,"turns":4},{"damage":0,"enemies":"Cultist","floor":8,"turns":3},{"damage":8,"enemies":"Blue Slaver","floor":10,"turns":4},{"damage":21,"enemies":"Exordium Wildlife","floor":12,"turns":3},{"damage":2,"enemies":"Lagavulin","floor":13,"turns":5},{"damage":0,"enemies":"2 Fungi Beasts","floor":14,"turns":2},{"damage":15,"enemies":"Hexaghost","floor":16,"turns":6},{"damage":16,"enemies":"3 Byrds","floor":18,"turns":5},{"damage":22,"enemies":"Spheric Guardian","floor":20,"turns":6},{"damage":20,"enemies":"Cultist and Chosen","floor":28,"turns":5},{"damage":48,"enemies":"Gremlin Leader","floor":31,"turns":6},{"damage":56,"enemies":"Collector","floor":33,"turns":3}],"event_choices":[{"event_name":"Shining Light","player_choice":"Entered Light","floor":2,"damage_taken":0},{"event_name":"World of Goop","player_choice":"Gather Gold","floor":4,"damage_taken":0},{"event_name":"Back to Basics","player_choice":"Simplicity","floor":19,"damage_taken":0},{"event_name":"Cursed Tome","player_choice":"Ignored","floor":22,"damage_taken":0},{"event_name":"The Library","player_choice":"Heal","floor":24,"damage_taken":0}],"boss_relics":[{"not_picked":["White Beast Statue","Ectoplasm"],"picked":"Black Star"}],"potions_floor_spawned":[8,12,13,20,28,31],"seed_played":"-7579823446881873420","killed_by":"Collector","ascension_level":5,"is_trial":false}