{"path_per_floor":["M","$","?","?","T","R","E","M","T","?","M","R","$","M","R","B",null,"M","?","?","M","?"],"character_chosen":"IRONCLAD","items_purchased":["Red Skull","Inflame","Inflame"],"gold_per_floor":[366,0,0,0,0,0,25,45,45,45,59,59,26,39,39,142,142,153,153,153,168,93],"floor_reached":23,"campfire_rested":0,"playtime":897,"current_hp_per_floor":[63,63,63,63,63,63,30,36,36,22,28,28,28,31,31,27,61,35,35,35,25,25],"items_purged":[],"gold":93,"score":243,"play_id":"34ba14d6-dcad-40d1-aeb9-8ab546fc4cd7","is_prod":false,"is_daily":false,"is_ascension_mode":true,"campfire_upgraded":3,"path_taken":["M","$","?","?","?","R","E","?","T","?","M","R","?","M","R","BOSS","M","?","?","M","?","E"],"build_version":"2018-02-15-PROD1","purchased_purges":0,"victory":false,"master_deck":["Strike_R","Strike_R","Strike_R+1","Strike_R+1","Defend_R","Defend_R","Defend_R","Defend_R","Bash+1","Wild Strike","Inflame+1","Clothesline","Disarm","Inflame+1","Berserk","Hemokinesis+1"],"max_hp_per_floor":[72,72,72,72,72,72,72,72,72,72,72,72,72,72,72,72,72,72,72,72,72,72],"relics":["Burning Blood","Red Skull","Ginger","Bag of Preparation","Bottled Flame","Question Card"],"card_choices":[{"not_picked":["Iron Wave","Sever Soul"],"picked":"Wild Strike"},{"not_picked":["Searing Blow","Brutality"],"picked":"Clothesline"},{"not_picked":["Entrench","Carnage"],"picked":"Disarm"},{"not_picked":["Dark Embrace","Reaper"],"picked":"Berserk"},{"not_picked":["Perfected Strike","Twin Strike","Warcry"],"picked":"Hemokinesis"}],"player_experience":324712,"potions_floor_usage":[11,18,23],"damage_taken":[{"damage":15,"enemies":"Small Slimes","floor":1,"turns":3},{"damage":39,"enemies":"3 Sentries","floor":7,"turns":7},{"damage":0,"enemies":"Cultist","floor":8,"turns":2},{"damage":0,"enemies":"Jaw Worm","floor":11,"turns":3},{"damage":3,"enemies":"3 Louse","floor":14,"turns":2},{"damage":10,"enemies":"Slime Boss","floor":16,"turns":5},{"damage":32,"enemies":"Shell Parasite","floor":18,"turns":8},{"damage":16,"enemies":"Chosen","floor":21,"turns":4},{"damage":25,"enemies":"Gremlin Leader","floor":23,"turns":2}],"event_choices":[{"event_name":"The Cleric","player_choice":"Leave","floor":3,"damage_taken":0},{"event_name":"Liars Game","player_choice":"disagreed","floor":4,"damage_taken":0},{"event_name":"Shining Light","player_choice":"Entered Light","floor":10,"damage_taken":0},{"event_name":"Transmorgrifier","player_choice":"Transform","floor":19,"damage_taken":0},{"event_name":"Vampires","player_choice":"Ignored","floor":20,"damage_taken":0},{"event_name":"Beggar","player_choice":"Gave Gold","floor":22,"damage_taken":0}],"boss_relics":[{"not_picked":["Cursed Key","Velvet Choker"],"picked":"Question Card"}],"potions_floor_spawned":[7,8,16,21],"seed_played":"644017218303992543","killed_by":"Gremlin Leader","ascension_level":6,"is_trial":false}