{"gold_per_floor":[111,124,49,199,41,41,60,60,60,60,91,91,91,91],"floor_reached":14,"playtime":397,"items_purged":["Doubt"],"score":172,"play_id":"68e9a323-bb61-4276-865c-07012cfbeaf4","local_time":"20190427195810","is_ascension_mode":true,"campfire_choices":[{"data":"Bash","floor":6,"key":"SMITH"},{"data":"Armaments","floor":8,"key":"SMITH"},{"data":"True Grit","floor":10,"key":"SMITH"},{"data":"Clothesline","floor":12,"key":"SMITH"}],"neow_cost":"NONE","seed_source_timestamp":439269812121629,"circlet_count":0,"master_deck":["AscendersBane","Strike_R+1","Strike_R","Strike_R+1","Strike_R","Defend_R","Defend_R","Defend_R","Defend_R","Bash+1","Armaments+1","Shrug It Off","True Grit+1","Anger","Shrug It Off","Clothesline+1"],"relics":["Burning Blood","Smiling Mask","Orichalcum"],"potions_floor_usage":[],"damage_taken":[{"damage":4,"enemies":"Jaw Worm","floor":1,"turns":5},{"damage":5,"enemies":"Small Slimes","floor":2,"turns":4},{"damage":1,"enemies":"2 Louse","floor":7,"turns":2},{"damage":58,"enemies":"Gremlin Nob","floor":11,"turns":5},{"damage":12,"enemies":"Large Slime","floor":14,"turns":1}],"seed_played":"1040869451107173892","potions_obtained":[{"floor":2,"key":"Explosive Potion"}],"is_trial":false,"path_per_floor":["M","M","?","?","$","R","M","R","T","R","E","R","?","M"],"character_chosen":"IRONCLAD","items_purchased":["True Grit","Anger"],"campfire_rested":0,"item_purchase_floors":[5,5],"current_hp_per_floor":[77,78,78,78,78,78,82,82,82,82,30,30,5,0],"gold":91,"neow_bonus":"TEN_PERCENT_HP_BONUS","is_prod":false,"is_daily":false,"chose_seed":false,"campfire_upgraded":4,"win_rate":0,"timestamp":1556409490,"path_taken":["M","M","?","?","$","R","M","R","T","R","E","R","?","M"],"build_version":"2019-01-23","purchased_purges":1,"victory":false,"max_hp_per_floor":[82,82,82,82,82,82,82,82,82,82,82,82,82,82],"card_choices":[{"not_picked":["Iron Wave","Havoc"],"picked":"Armaments","floor":1},{"not_picked":["Wild Strike","Thunderclap"],"picked":"Shrug It Off","floor":2},{"not_picked":["Hemokinesis","Perfected Strike"],"picked":"Shrug It Off","floor":7},{"not_picked":["Warcry","Cleave"],"picked":"Clothesline","floor":11}],"player_experience":2001256,"relics_obtained":[{"floor":9,"key":"Smiling Mask"},{"floor":11,"key":"Orichalcum"}],"event_choices":[{"cards_removed":["Strike_R"],"damage_healed":0,"gold_gain":0,"player_choice":"Card Removal","damage_taken":0,"max_hp_gain":0,"max_hp_loss":0,"event_name":"The Cleric","floor":3,"gold_loss":75},{"damage_healed":0,"gold_gain":150,"player_choice":"AGREE","damage_taken":0,"max_hp_gain":0,"max_hp_loss":0,"event_name":"Liars Game","floor":4,"gold_loss":0,"cards_obtained":["Doubt"]},{"damage_healed":0,"gold_gain":0,"player_choice":"Entered Light","damage_taken":25,"max_hp_gain":0,"max_hp_loss":0,"event_name":"Shining Light","floor":13,"gold_loss":0,"cards_upgraded":["Strike_R","Strike_R"]}],"is_beta":false,"boss_relics":[],"items_purged_floors":[5],"is_endless":false,"potions_floor_spawned":[2],"killed_by":"Large Slime","ascension_level":20}