{"gold_per_floor":[112,129,129,58,23,54,34,34,60,60,72,372,372,402,402,505,505,524,449,449],"floor_reached":20,"playtime":837,"items_purged":[],"score":168,"play_id":"e2b19d96-54ca-4ce0-b422-726c2d8c9104","local_time":"20190223103918","is_ascension_mode":false,"campfire_choices":[{"data":"Footwork","floor":8,"key":"SMITH"},{"data":"Catalyst","floor":10,"key":"SMITH"},{"floor":13,"key":"REST"},{"data":"Dodge and Roll","floor":15,"key":"SMITH"}],"neow_cost":"NONE","seed_source_timestamp":555683594237,"circlet_count":0,"master_deck":["Defend_G","Defend_G+1","Defend_G","Defend_G+1","Defend_G","Strike_G","Strike_G","Strike_G","Strike_G","Strike_G","Survivor","Neutralize","Die Die Die","Dagger Throw","Acrobatics","Footwork+1","Catalyst+1","Dodge and Roll+1","Regret","Tools of the Trade","Dagger Throw","Accuracy+1"],"relics":["Ring of the Snake","Art of War","Old Coin","Tiny Chest","Cursed Key"],"potions_floor_usage":[16,16],"damage_taken":[{"damage":0,"enemies":"Jaw Worm","floor":1,"turns":4},{"damage":0,"enemies":"2 Louse","floor":2,"turns":2},{"damage":31,"enemies":"Gremlin Nob","floor":6,"turns":6},{"damage":0,"enemies":"Cultist","floor":11,"turns":3},{"damage":36,"enemies":"Hexaghost","floor":16,"turns":16},{"damage":5,"enemies":"Shell Parasite","floor":18,"turns":11},{"damage":48,"enemies":"2 Thieves","floor":19,"turns":5},{"damage":23,"enemies":"Centurion and Healer","floor":20,"turns":2}],"seed_played":"7430330168002904681","potions_obtained":[{"floor":7,"key":"Fire Potion"},{"floor":11,"key":"PowerPotion"},{"floor":16,"key":"Ancient Potion"},{"floor":18,"key":"Strength Potion"}],"is_trial":false,"path_per_floor":["M","M","?","$","?","E","?","R","T","R","M","T","R","?","R","B",null,"M","M","M"],"character_chosen":"THE_SILENT","items_purchased":["Footwork"],"campfire_rested":1,"item_purchase_floors":[4],"current_hp_per_floor":[70,70,56,56,70,39,39,39,39,39,39,39,60,60,60,24,70,65,17,0],"gold":449,"neow_bonus":"ONE_RANDOM_RARE_CARD","is_prod":false,"is_daily":false,"chose_seed":false,"campfire_upgraded":3,"win_rate":0,"timestamp":1550936358,"path_taken":["M","M","?","$","?","E","?","R","T","R","?","?","R","?","R","BOSS","M","M","M"],"build_version":"2019-01-23","purchased_purges":0,"victory":false,"max_hp_per_floor":[70,70,70,70,70,70,70,70,70,70,70,70,70,70,70,70,70,70,70,70],"card_choices":[{"not_picked":["Prepared","Tactician"],"picked":"Dagger Throw","floor":1},{"not_picked":["Quick Slash","Predator"],"picked":"Acrobatics","floor":2},{"not_picked":["Outmaneuver","Tactician"],"picked":"Catalyst","floor":6},{"not_picked":["Backflip","Cloak And Dagger"],"picked":"Dodge and Roll","floor":11},{"not_picked":["After Image","Phantasmal Killer"],"picked":"Tools of the Trade","floor":16},{"not_picked":["Riddle With Holes+1","Finisher"],"picked":"Dagger Throw","floor":18},{"not_picked":["Cloak And Dagger+1","Quick Slash"],"picked":"Accuracy+1","floor":19}],"player_experience":601297,"relics_obtained":[{"floor":6,"key":"Art of War"},{"floor":12,"key":"Old Coin"}],"event_choices":[{"damage_healed":0,"gold_gain":0,"player_choice":"Entered Light","damage_taken":14,"max_hp_gain":0,"max_hp_loss":0,"event_name":"Shining Light","floor":3,"gold_loss":0,"cards_upgraded":["Defend_G","Defend_G"]},{"damage_healed":17,"gold_gain":0,"player_choice":"Healed","damage_taken":0,"max_hp_gain":0,"max_hp_loss":0,"event_name":"The Cleric","floor":5,"gold_loss":35},{"damage_healed":0,"gold_gain":0,"player_choice":"Bought 1 Potion","damage_taken":0,"max_hp_gain":0,"max_hp_loss":0,"event_name":"The Woman in Blue","floor":7,"gold_loss":0},{"damage_healed":0,"gold_gain":0,"player_choice":"Box","damage_taken":0,"relics_obtained":["Tiny Chest"],"max_hp_gain":0,"max_hp_loss":0,"event_name":"Big Fish","floor":14,"gold_loss":0,"cards_obtained":["Regret"]}],"is_beta":false,"boss_relics":[{"not_picked":["Coffee Dripper","Sozu"],"picked":"Cursed Key"}],"items_purged_floors":[],"is_endless":false,"potions_floor_spawned":[11,16,18],"killed_by":"Centurion and Healer","ascension_level":0}