{"path_per_floor":["M","M","?","?","?","R","M","?","T","E","M","R","M","?","R","B",null,"M","M","?","$","M","R","$","R","T"],"character_chosen":"IRONCLAD","items_purchased":["Membership Card","Toxic Egg 2","True Grit","Shrug It Off"],"gold_per_floor":[113,128,128,128,228,228,239,239,239,267,287,287,304,332,332,428,428,447,460,460,25,42,42,24,24,24],"floor_reached":27,"campfire_rested":0,"playtime":1030,"current_hp_per_floor":[68,67,51,44,44,44,46,46,46,28,27,27,28,28,28,26,67,57,29,29,29,21,21,21,21,21],"items_purged":[],"gold":24,"score":306,"play_id":"4b619007-1665-4ccb-a061-d68712cc95d7","local_time":"20180314232243","is_prod":false,"is_daily":false,"is_ascension_mode":true,"campfire_upgraded":5,"timestamp":1521084163,"path_taken":["M","M","?","?","?","R","M","?","T","E","?","R","?","?","R","BOSS","M","M","?","$","?","R","$","R","T","M"],"build_version":"2018-03-09","purchased_purges":0,"victory":false,"master_deck":["Strike_R","Strike_R","Strike_R","Defend_R","Defend_R+1","Defend_R","Defend_R","Bash+1","Rampage+1","Disarm+1","Warcry+1","Dropkick+1","Brutality+1","Sword Boomerang+1","Writhe","True Grit+1","Seeing Red+1","Shrug It Off+1"],"max_hp_per_floor":[80,80,80,80,80,80,80,80,80,80,80,80,80,80,80,80,80,80,80,80,80,80,80,80,80,80],"relics":["Burning Blood","Dead Branch","Dodecahedron","Odd Mushroom","Runic Cube","Vajra","Membership Card","Toxic Egg 2","Orichalcum"],"card_choices":[{"not_picked":["Shrug It Off","Impervious"],"picked":"Rampage"},{"not_picked":["Wild Strike","Havoc"],"picked":"Disarm"},{"not_picked":["Wild Strike","Havoc"],"picked":"Warcry"},{"not_picked":["Entrench","Hemokinesis"],"picked":"Dropkick"},{"not_picked":["Bludgeon","Exhume"],"picked":"Brutality"},{"not_picked":["Heavy Blade","Headbutt"],"picked":"Sword Boomerang"},{"not_picked":["Twin Strike","True Grit"],"picked":"Seeing Red"}],"player_experience":508803,"potions_floor_usage":[14,14,16,19,22,22,27],"damage_taken":[{"damage":10,"enemies":"Small Slimes","floor":1,"turns":5},{"damage":7,"enemies":"2 Louse","floor":2,"turns":3},{"damage":4,"enemies":"Jaw Worm","floor":7,"turns":4},{"damage":24,"enemies":"Gremlin Nob","floor":10,"turns":4},{"damage":7,"enemies":"Blue Slaver","floor":11,"turns":4},{"damage":5,"enemies":"Looter","floor":13,"turns":3},{"damage":6,"enemies":"The Mushroom Lair","floor":14,"turns":4},{"damage":8,"enemies":"Hexaghost","floor":16,"turns":10},{"damage":16,"enemies":"Chosen","floor":18,"turns":5},{"damage":34,"enemies":"Shell Parasite","floor":19,"turns":8},{"damage":14,"enemies":"Snecko","floor":22,"turns":5},{"damage":22,"enemies":"Sentry and Sphere","floor":27,"turns":5}],"event_choices":[{"event_name":"Shining Light","player_choice":"Entered Light","floor":3,"damage_taken":0},{"event_name":"Golden Wing","player_choice":"Card Removal","floor":4,"damage_taken":0},{"event_name":"Golden Shrine","player_choice":"Pray","floor":5,"damage_taken":0},{"event_name":"Purifier","player_choice":"One Purge","floor":8,"damage_taken":0},{"event_name":"Mushrooms","player_choice":"Fought Mushrooms","floor":14,"damage_taken":0},{"event_name":"The Mausoleum","player_choice":"Yes","floor":20,"damage_taken":0}],"boss_relics":[{"not_picked":["White Beast Statue","Black Star"],"picked":"Runic Cube"}],"potions_floor_spawned":[7,10,11,13,16,18,19,22],"seed_played":"-7314329275228415732","killed_by":"Sentry and Sphere","ascension_level":9,"is_trial":false}