{"gold_per_floor":[115,127,127,127,142,142,170,170,245,265,275,275,84,96,96,191,191,203,203,237,222,137,171,171,200,200,299,310,61,61,61,61,164,164,179,279,292,308,322,322,356,356,356,381,398,398,415,10,10,10],"floor_reached":51,"playtime":7605,"items_purged":["Strike_G"],"score":1051,"play_id":"afe0764f-398f-44bc-b914-a0336a4e0cf0","local_time":"20190429104937","is_ascension_mode":true,"campfire_choices":[{"data":"Neutralize","floor":6.0,"key":"SMITH"},{"data":"Cloak And Dagger","floor":8.0,"key":"SMITH"},{"data":"Dodge and Roll","floor":12.0,"key":"SMITH"},{"data":"Backflip","floor":15.0,"key":"SMITH"},{"data":"Doppelganger","floor":24,"key":"SMITH"},{"data":"Mayhem","floor":32,"key":"SMITH"},{"data":"A Thousand Cuts","floor":40,"key":"SMITH"},{"data":"Footwork","floor":42,"key":"SMITH"},{"data":"After Image","floor":49,"key":"SMITH"}],"neow_cost":"NONE","seed_source_timestamp":0,"circlet_count":0,"master_deck":["Defend_G+1","Defend_G","Defend_G+1","Defend_G+1","Defend_G","Strike_G+1","Strike_G+1","Strike_G+1","Survivor","Neutralize+1","Backflip+1","Cloak And Dagger+1","PiercingWail","Well Laid Plans","Dodge and Roll+1","After Image+1","Doppelganger+1","Footwork+1","Dodge and Roll+1","Infinite Blades","Backflip+1","Mayhem+1","A Thousand Cuts+1","Cloak And Dagger+1","Caltrops+1","Parasite","Noxious Fumes+1","Writhe","Footwork+1"],"special_seed":0,"relics":["Ring of the Snake","Anchor","Potion Belt","Singing Bowl","Lee\u0027s Waffle","Coffee Dripper","Red Mask","Meat on the Bone","War Paint","Whetstone","Letter Opener","Black Star","Blue Candle","Ancient Tea Set","Pear","Tingsha","Frozen Egg 2","Bottled Tornado"],"potions_floor_usage":[33,33,41,47,50,50,50,50],"damage_taken":[{"damage":0.0,"enemies":"Jaw Worm","floor":1.0,"turns":4.0},{"damage":0.0,"enemies":"Small Slimes","floor":2.0,"turns":4.0},{"damage":0.0,"enemies":"Cultist","floor":5.0,"turns":4.0},{"damage":24.0,"enemies":"Lagavulin","floor":7.0,"turns":12.0},{"damage":0.0,"enemies":"Red Slaver","floor":10.0,"turns":4.0},{"damage":7.0,"enemies":"Large Slime","floor":11.0,"turns":8.0},{"damage":3.0,"enemies":"3 Louse","floor":14.0,"turns":3.0},{"damage":33.0,"enemies":"The Guardian","floor":16.0,"turns":20.0},{"damage":0.0,"enemies":"Spheric Guardian","floor":18.0,"turns":8.0},{"damage":3.0,"enemies":"Colosseum Slavers","floor":19.0,"turns":9.0},{"damage":13.0,"enemies":"Masked Bandits","floor":20.0,"turns":9.0},{"damage":0.0,"enemies":"2 Thieves","floor":21.0,"turns":4.0},{"damage":36,"enemies":"Book of Stabbing","floor":23,"turns":13},{"damage":28,"enemies":"Slavers","floor":25,"turns":27},{"damage":7,"enemies":"Chosen and Byrds","floor":28,"turns":11},{"damage":0,"enemies":"Collector","floor":33,"turns":16},{"damage":13,"enemies":"3 Darklings","floor":35,"turns":6},{"damage":0,"enemies":"Orb Walker","floor":37,"turns":5},{"damage":2,"enemies":"Sphere and 2 Shapes","floor":38,"turns":6},{"damage":0,"enemies":"Writhing Mass","floor":39,"turns":9},{"damage":0,"enemies":"Giant Head","floor":41,"turns":12},{"damage":16,"enemies":"Nemesis","floor":44,"turns":7},{"damage":13,"enemies":"3 Darklings","floor":45,"turns":5},{"damage":3,"enemies":"Jaw Worm Horde","floor":47,"turns":5},{"damage":23,"enemies":"Time Eater","floor":50,"turns":14}],"seed_played":"-8261631086104289561","potions_obtained":[{"floor":5.0,"key":"PowerPotion"},{"floor":10.0,"key":"Poison Potion"},{"floor":18.0,"key":"Dexterity Potion"},{"floor":20.0,"key":"SteroidPotion"},{"floor":25,"key":"Strength Potion"},{"floor":28,"key":"Weak Potion"},{"floor":37,"key":"AttackPotion"},{"floor":39,"key":"PowerPotion"},{"floor":41,"key":"GamblersBrew"},{"floor":47,"key":"FearPotion"}],"is_trial":false,"path_per_floor":["M","M","?","?","M","R","E","R","T","M","M","R","$","M","R","B",null,"M","?","?","M","?","E","R","E","T","?","M","$","T","$","R","B",null,"M","?","M","M","M","R","E","R","T","E","M","?","M","$","R","B",null],"character_chosen":"THE_SILENT","items_purchased":["Lee\u0027s Waffle","Mayhem","Bottled Tornado","Footwork+1","GhostInAJar"],"campfire_rested":0,"item_purchase_floors":[13,29,48,48,48],"current_hp_per_floor":[63,63,49,49,49,49,25,25,25,25,18,18,77,74,74,41,68,70,67,56,56,56,32,32,16,16,16,21,21,21,21,21,33,69,56,56,56,56,58,58,60,60,70,54,55,80,79,79,79,56],"gold":10,"neow_bonus":"RANDOM_COMMON_RELIC","is_prod":false,"is_daily":false,"chose_seed":false,"campfire_upgraded":9,"win_rate":0,"timestamp":1556531377,"path_taken":["M","M","?","?","?","R","E","R","T","M","M","R","?","M","R","BOSS","M","?","?","M","?","E","R","E","T","?","?","$","?","$","R","BOSS","M","?","M","M","?","R","E","R","T","E","M","?","M","?","R","BOSS"],"build_version":"2019-01-23","purchased_purges":1,"victory":true,"max_hp_per_floor":[70,70,70,70,70,70,70,70,70,70,70,70,77,77,77,77,77,79,79,81,81,81,81,81,81,81,81,81,81,81,81,81,81,81,81,81,81,83,85,85,87,87,97,97,99,99,101,101,101,101],"card_choices":[{"not_picked":["Acrobatics","Concentrate","Bane"],"picked":"SKIP","floor":1.0},{"not_picked":["Poisoned Stab","Acrobatics"],"picked":"Backflip","floor":2.0},{"not_picked":["Poisoned Stab","Reflex"],"picked":"Cloak And Dagger","floor":5.0},{"not_picked":["Setup","Cloak And Dagger"],"picked":"PiercingWail","floor":7.0},{"not_picked":["Deflect","Accuracy"],"picked":"Well Laid Plans","floor":10.0},{"not_picked":["Setup","Flying Knee"],"picked":"Dodge and Roll","floor":11.0},{"not_picked":["Blade Dance","Blur"],"picked":"After Image","floor":14.0},{"not_picked":["Venomology","Unload"],"picked":"Doppelganger","floor":16.0},{"not_picked":["Sucker Punch","Endless Agony","Calculated Gamble"],"picked":"Singing Bowl","floor":18.0},{"not_picked":["Setup","Underhanded Strike+1","Bane"],"picked":"Singing Bowl","floor":20.0},{"not_picked":["Poisoned Stab","Flying Knee"],"picked":"Footwork","floor":21.0},{"not_picked":["Deflect","Deadly Poison+1"],"picked":"Dodge and Roll+1","floor":23},{"not_picked":["Blur+1","Terror"],"picked":"Infinite Blades","floor":25},{"not_picked":["Predator","Blur"],"picked":"Backflip+1","floor":28},{"not_picked":["Envenom","Venomology"],"picked":"A Thousand Cuts","floor":33},{"not_picked":["Dagger Spray+1","Underhanded Strike"],"picked":"Cloak And Dagger+1","floor":35},{"not_picked":["Dagger Spray","Underhanded Strike+1"],"picked":"Caltrops+1","floor":37},{"not_picked":["Slice+1","Terror","Riddle With Holes+1"],"picked":"Singing Bowl","floor":38},{"not_picked":["PiercingWail+1","Flying Knee+1","Endless Agony+1"],"picked":"Singing Bowl","floor":39},{"not_picked":["Dodge and Roll","Well Laid Plans","Poisoned Stab+1"],"picked":"Singing Bowl","floor":41},{"not_picked":["Quick Slash+1","Caltrops+1"],"picked":"Noxious Fumes+1","floor":44},{"not_picked":["Masterful Stab+1","Eviscerate+1","Catalyst"],"picked":"Singing Bowl","floor":45},{"not_picked":["Quick Slash","Well Laid Plans+1","Dodge and Roll+1"],"picked":"Singing Bowl","floor":47}],"player_experience":234632,"relics_obtained":[{"floor":7.0,"key":"Potion Belt"},{"floor":9.0,"key":"Singing Bowl"},{"floor":20.0,"key":"Red Mask"},{"floor":23,"key":"War Paint"},{"floor":25,"key":"Whetstone"},{"floor":30,"key":"Letter Opener"},{"floor":41,"key":"Blue Candle"},{"floor":41,"key":"Ancient Tea Set"},{"floor":43,"key":"Pear"},{"floor":44,"key":"Tingsha"},{"floor":44,"key":"Frozen Egg 2"}],"event_choices":[{"damage_healed":0.0,"max_hp_gain":0.0,"max_hp_loss":0.0,"gold_gain":0.0,"event_name":"Shining Light","player_choice":"Entered Light","floor":3.0,"gold_loss":0.0,"damage_taken":14.0,"cards_upgraded":["Strike_G","Defend_G"]},{"cards_removed":["Strike_G"],"damage_healed":0.0,"max_hp_gain":0.0,"max_hp_loss":0.0,"gold_gain":0.0,"event_name":"Bonfire Elementals","player_choice":"Offered Basic","floor":4.0,"gold_loss":0.0,"damage_taken":0.0},{"damage_healed":0.0,"max_hp_gain":0.0,"max_hp_loss":0.0,"gold_gain":0.0,"event_name":"Colosseum","player_choice":"Fight","floor":19.0,"gold_loss":0.0,"damage_taken":0.0},{"damage_healed":0.0,"max_hp_gain":0.0,"max_hp_loss":0.0,"gold_gain":0.0,"event_name":"Colosseum","player_choice":"Fled From Nobs","floor":19.0,"gold_loss":0.0,"damage_taken":0.0},{"damage_healed":0.0,"max_hp_gain":0.0,"max_hp_loss":0.0,"gold_gain":0.0,"event_name":"Masked Bandits","player_choice":"Fought Bandits","floor":20.0,"gold_loss":0.0,"damage_taken":0.0},{"damage_healed":0.0,"max_hp_gain":0.0,"max_hp_loss":0.0,"gold_gain":0.0,"event_name":"Addict","player_choice":"Obtained Relic","floor":22.0,"gold_loss":85.0,"damage_taken":0.0,"relics_obtained":["Meat on the Bone"]},{"damage_healed":0,"gold_gain":99,"player_choice":"Stole From Cult","damage_taken":0,"max_hp_gain":0,"max_hp_loss":0,"event_name":"Nest","floor":27,"gold_loss":0},{"damage_healed":0,"gold_gain":100,"player_choice":"Pray","damage_taken":0,"max_hp_gain":0,"max_hp_loss":0,"event_name":"Golden Shrine","floor":36,"gold_loss":0},{"damage_healed":25,"gold_gain":0,"player_choice":"Writhe","damage_taken":0,"max_hp_gain":0,"max_hp_loss":0,"event_name":"Winding Halls","floor":46,"gold_loss":0,"cards_obtained":["Writhe"]}],"is_beta":false,"boss_relics":[{"not_picked":["Velvet Choker","Pandora\u0027s Box"],"picked":"Coffee Dripper"},{"not_picked":["Astrolabe","Philosopher\u0027s Stone"],"picked":"Black Star"}],"items_purged_floors":[29],"is_endless":false,"potions_floor_spawned":[5,10,18,20,25,28,37,39,41,47],"ascension_level":6}