{"gold_per_floor":[119,119,133,133,45,74,94,94,144,219,245,260,260,260,260,260],"floor_reached":16,"playtime":432,"items_purged":[],"score":266,"play_id":"a86fd639-1c03-4195-a054-133905592db0","local_time":"20190416001237","is_ascension_mode":true,"campfire_choices":[{"data":"True Grit","floor":8,"key":"SMITH"},{"data":"Bash","floor":13,"key":"SMITH"},{"data":"Inflame","floor":15,"key":"SMITH"}],"neow_cost":"NONE","seed_source_timestamp":366511588850473,"circlet_count":0,"master_deck":["AscendersBane","Strike_R","Strike_R+1","Strike_R","Strike_R","Defend_R+1","Defend_R+1","Defend_R+1","Defend_R","Bash+1","True Grit+1","Reckless Charge","Metallicize","Inflame+1"],"relics":["Burning Blood","NeowsBlessing","War Paint","Smiling Mask","Juzu Bracelet","Orichalcum"],"potions_floor_usage":[11,12],"damage_taken":[{"damage":0,"enemies":"Small Slimes","floor":1,"turns":1},{"damage":0,"enemies":"2 Louse","floor":3,"turns":2},{"damage":0,"enemies":"Gremlin Nob","floor":6,"turns":1},{"damage":0,"enemies":"Jaw Worm","floor":7,"turns":5},{"damage":9,"enemies":"3 Sentries","floor":11,"turns":9},{"damage":7,"enemies":"3 Louse","floor":12,"turns":3},{"damage":59,"enemies":"Slime Boss","floor":16,"turns":7}],"seed_played":"-6204193974568052232","potions_obtained":[{"floor":1,"key":"Fire Potion"},{"floor":6,"key":"SteroidPotion"}],"is_trial":false,"path_per_floor":["M","?","M","?","$","E","M","R","T","?","E","M","R","?","R","B"],"character_chosen":"IRONCLAD","items_purchased":["Metallicize"],"campfire_rested":0,"item_purchase_floors":[5],"current_hp_per_floor":[74,67,73,50,50,56,62,62,62,51,48,47,47,47,47,0],"gold":260,"neow_bonus":"THREE_ENEMY_KILL","is_prod":false,"is_daily":false,"chose_seed":false,"campfire_upgraded":3,"win_rate":0,"timestamp":1555387957,"path_taken":["M","?","M","?","$","E","M","R","T","?","E","M","R","?","R","BOSS"],"build_version":"2019-01-23","purchased_purges":0,"victory":false,"max_hp_per_floor":[75,75,75,75,75,75,75,75,75,75,75,75,75,75,75,75],"card_choices":[{"not_picked":["Bloodletting","Headbutt"],"picked":"True Grit","floor":1},{"not_picked":["Blood for Blood","Pommel Strike"],"picked":"Reckless Charge","floor":3},{"not_picked":["Second Wind","Carnage"],"picked":"Inflame","floor":6},{"not_picked":["Second Wind","Havoc","Blood for Blood"],"picked":"SKIP","floor":7},{"not_picked":["Warcry","Carnage","Perfected Strike"],"picked":"SKIP","floor":11},{"not_picked":["Dropkick","Headbutt","True Grit"],"picked":"SKIP","floor":12}],"player_experience":1848084,"relics_obtained":[{"floor":6,"key":"War Paint"},{"floor":9,"key":"Smiling Mask"},{"floor":11,"key":"Juzu Bracelet"}],"event_choices":[{"cards_removed":["Strike_R"],"damage_healed":0,"gold_gain":0,"player_choice":"Card Removal","damage_taken":7,"max_hp_gain":0,"max_hp_loss":0,"event_name":"Golden Wing","floor":2,"gold_loss":0},{"damage_healed":0,"gold_gain":0,"player_choice":"Entered Light","damage_taken":23,"max_hp_gain":0,"max_hp_loss":0,"event_name":"Shining Light","floor":4,"gold_loss":0,"cards_upgraded":["Strike_R","Defend_R"]},{"damage_healed":0,"gold_gain":75,"player_choice":"Gather Gold","damage_taken":11,"max_hp_gain":0,"max_hp_loss":0,"event_name":"World of Goop","floor":10,"gold_loss":0},{"damage_healed":0,"gold_gain":0,"player_choice":"Searched \u00271\u0027 times","damage_taken":0,"relics_obtained":["Orichalcum"],"max_hp_gain":0,"max_hp_loss":0,"event_name":"Dead Adventurer","floor":14,"gold_loss":0}],"is_beta":false,"boss_relics":[],"items_purged_floors":[],"is_endless":false,"potions_floor_spawned":[1,6,7],"killed_by":"Slime Boss","ascension_level":20}