{"path_per_floor":["M","M","M","?","?","R","M","E","T","E","M","?","?","M","R","B",null,"M","?","$","M","M","R","?","E","T","M","?","M","R","M","R"],"character_chosen":"THE_SILENT","items_purchased":["Mango"],"gold_per_floor":[113,129,147,147,147,147,162,194,247,275,292,344,309,319,319,396,396,407,407,19,30,45,45,45,80,106,122,22,36,36,56,56,56],"floor_reached":33,"campfire_rested":0,"playtime":1476,"current_hp_per_floor":[54,54,54,54,54,54,52,41,41,17,19,19,35,37,37,9,52,43,43,57,59,56,56,56,28,28,11,11,10,10,10,10,0],"items_purged":["Strike_G"],"gold":56,"score":488,"play_id":"3bad8512-f236-434a-9aba-44469d2ca0fd","local_time":"20180417101424","is_prod":false,"is_daily":false,"chose_seed":false,"is_ascension_mode":true,"campfire_upgraded":5,"timestamp":1523974464,"path_taken":["M","M","M","?","?","R","?","E","T","E","M","?","?","M","R","BOSS","M","?","$","M","?","R","?","E","T","M","?","M","R","M","R","BOSS"],"build_version":"2018-04-12","seed_source_timestamp":159449749710177,"purchased_purges":1,"victory":false,"master_deck":["Defend_G","Defend_G","Defend_G","Defend_G","Defend_G","Strike_G","Strike_G","Strike_G","Survivor","Neutralize+1","AscendersBane","Finisher","Cloak And Dagger","Accuracy","Unload","Predator","Terror+1","Choke+1","Die Die Die","Predator","J.A.X.+1","Infinite Blades+1"],"max_hp_per_floor":[66,66,66,66,66,66,66,66,66,66,66,66,66,66,66,66,66,66,66,80,80,80,80,80,80,80,80,80,80,80,80,80,80],"relics":["Ring of the Snake","Blood Vial","Tiny Chest","Lantern","Velvet Choker","Mango","Ancient Tea Set","Snake Skull"],"card_choices":[{"not_picked":["Slice","Poisoned Stab"],"picked":"Finisher","floor":1},{"not_picked":["Acrobatics","Catalyst"],"picked":"Cloak And Dagger","floor":2},{"not_picked":["Crippling Poison","Quick Slash"],"picked":"Accuracy","floor":3},{"not_picked":["Prepared","Eviscerate"],"picked":"Unload","floor":7},{"not_picked":["Flying Knee","Grand Finale"],"picked":"Predator","floor":8},{"not_picked":["Expertise","Flying Knee"],"picked":"Terror","floor":11},{"not_picked":["Deadly Poison","Quick Slash"],"picked":"Choke","floor":14},{"not_picked":["A Thousand Cuts","Burst"],"picked":"Die Die Die","floor":16},{"not_picked":["Concentrate","PiercingWail"],"picked":"Predator","floor":18},{"not_picked":["Crippling Poison","Sucker Punch"],"picked":"Infinite Blades","floor":29}],"player_experience":891565,"potions_floor_usage":[10,14,22,22,33],"damage_taken":[{"damage":5,"enemies":"Jaw Worm","floor":1,"turns":6},{"damage":0,"enemies":"Cultist","floor":2,"turns":3},{"damage":0,"enemies":"Small Slimes","floor":3,"turns":5},{"damage":2,"enemies":"Red Slaver","floor":7,"turns":6},{"damage":11,"enemies":"3 Sentries","floor":8,"turns":10},{"damage":26,"enemies":"Lagavulin","floor":10,"turns":8},{"damage":0,"enemies":"3 Louse","floor":11,"turns":3},{"damage":0,"enemies":"Lots of Slimes","floor":14,"turns":2},{"damage":30,"enemies":"The Guardian","floor":16,"turns":13},{"damage":11,"enemies":"2 Thieves","floor":18,"turns":3},{"damage":0,"enemies":"Chosen","floor":21,"turns":2},{"damage":5,"enemies":"Snake Plant","floor":22,"turns":3},{"damage":30,"enemies":"Gremlin Leader","floor":25,"turns":4},{"damage":19,"enemies":"Cultist and Chosen","floor":27,"turns":5},{"damage":3,"enemies":"Centurion and Healer","floor":29,"turns":4},{"damage":2,"enemies":"Snecko","floor":31,"turns":3},{"damage":17,"enemies":"Automaton","floor":33,"turns":2}],"event_choices":[{"event_name":"Bonfire Elementals","player_choice":"BASIC","floor":4,"damage_taken":0},{"event_name":"The Lab","player_choice":"Got Potions","floor":5,"damage_taken":0},{"event_name":"Golden Wing","player_choice":"Gained Gold","floor":12,"damage_taken":0},{"event_name":"The Cleric","player_choice":"Healed","floor":13,"damage_taken":0},{"event_name":"Match and Keep!","player_choice":"0 cards matched","floor":19,"damage_taken":0},{"event_name":"N\u0027loth","player_choice":"Ignored","floor":24,"damage_taken":0},{"event_name":"Drug Dealer","player_choice":"Got JAXXED","floor":28,"damage_taken":0}],"boss_relics":[{"not_picked":["Runic Pyramid","Tiny House"],"picked":"Velvet Choker"}],"potions_floor_spawned":[1,7,8,10,21,27,29],"seed_played":"1956484159350396297","killed_by":"Automaton","ascension_level":15,"is_trial":false}