{"path_per_floor":["M","?","M","?","?","R","E","R","T","M","M","R","M","M","R"],"character_chosen":"THE_SILENT","items_purchased":[],"gold_per_floor":[110,110,127,127,92,92,125,125,176,194,211,211,222,236,236,236],"floor_reached":16,"campfire_rested":0,"playtime":619,"current_hp_per_floor":[63,63,63,45,62,62,39,39,39,38,26,26,22,19,19,0],"items_purged":[],"gold":236,"score":168,"play_id":"2c7c1a11-01ad-477a-85b6-7b131878d48c","local_time":"20180404210151","is_prod":false,"is_daily":false,"is_ascension_mode":true,"campfire_upgraded":4,"timestamp":1522890111,"path_taken":["M","?","?","?","?","R","E","R","T","M","?","R","M","M","R","BOSS"],"build_version":"2018-03-29v2","purchased_purges":0,"victory":false,"master_deck":["Defend_G","Defend_G","Defend_G","Defend_G","Defend_G","Strike_G","Strike_G","Strike_G","Strike_G","Strike_G","Survivor","Neutralize","AscendersBane","Sucker Punch","Doppelganger+1","Blind+1","Neutralize","Finisher","Caltrops+1","Dagger Spray+1","Prepared"],"max_hp_per_floor":[70,70,70,70,70,70,70,70,70,70,70,70,70,70,70,70],"relics":["Ring of the Snake","Centennial Puzzle","The Courier","Bag of Preparation"],"card_choices":[{"not_picked":["Dodge and Roll","PiercingWail"],"picked":"Sucker Punch","floor":1},{"not_picked":["Phantasmal Killer","Bouncing Flask"],"picked":"Finisher","floor":3},{"not_picked":["Sucker Punch","Deflect"],"picked":"Caltrops","floor":7},{"not_picked":["Cloak And Dagger","Terror"],"picked":"Dagger Spray","floor":10},{"not_picked":["Masterful Stab","Acrobatics"],"picked":"Prepared","floor":13}],"player_experience":669994,"potions_floor_usage":[16,16],"damage_taken":[{"damage":0,"enemies":"2 Louse","floor":1,"turns":5},{"damage":0,"enemies":"Cultist","floor":3,"turns":4},{"damage":23,"enemies":"Gremlin Nob","floor":7,"turns":4},{"damage":1,"enemies":"Jaw Worm","floor":10,"turns":3},{"damage":12,"enemies":"Lots of Slimes","floor":11,"turns":3},{"damage":4,"enemies":"Blue Slaver","floor":13,"turns":3},{"damage":3,"enemies":"Looter","floor":14,"turns":3},{"damage":20,"enemies":"Hexaghost","floor":16,"turns":9}],"event_choices":[{"event_name":"Match and Keep!","player_choice":"3 cards matched","floor":2,"damage_taken":0},{"event_name":"Scrap Ooze","player_choice":"success","floor":4,"damage_taken":18},{"event_name":"The Cleric","player_choice":"Healed","floor":5,"damage_taken":0}],"boss_relics":[],"potions_floor_spawned":[3,11,13,14],"seed_played":"-59789035564655411","killed_by":"Hexaghost","ascension_level":13,"is_trial":false}