{"gold_per_floor":[363,10,10,10,26,26,51,51,51,86,102,134,134,167,167,243,243,263,34,34,34,34,34,45,77,77,77,95,121,121,133,133,211,211,225,237,257,77,77,110,162,162,162,187,187,187,34,54,54,54,54,54,54,1,27,27],"floor_reached":57,"playtime":4031,"items_purged":["Regret","Writhe"],"score":2819,"play_id":"d65892fb-dc9d-4003-b161-bb312d3cc144","local_time":"20190507105710","is_ascension_mode":true,"campfire_choices":[{"data":"Masterful Stab","floor":6.0,"key":"SMITH"},{"data":"Noxious Fumes","floor":8.0,"key":"SMITH"},{"data":"Neutralize","floor":13.0,"key":"SMITH"},{"floor":15.0,"key":"REST"},{"data":"Die Die Die","floor":23.0,"key":"SMITH"},{"floor":27,"key":"REST"},{"data":"Footwork","floor":30,"key":"SMITH"},{"data":"Leg Sweep","floor":32,"key":"SMITH"},{"data":"Burst","floor":42,"key":"SMITH"},{"floor":45,"key":"RECALL"},{"data":"Survivor","floor":49,"key":"SMITH"},{"data":"Dodge and Roll","floor":53,"key":"SMITH"}],"neow_cost":"CURSE","seed_source_timestamp":1267161082771029,"circlet_count":0,"master_deck":["AscendersBane","Defend_G+1","Defend_G+1","Defend_G+1","Defend_G+1","Defend_G+1","Strike_G+1","Strike_G+1","Strike_G+1","Strike_G+1","Strike_G+1","Survivor+1","Neutralize+1","Backstab+1","Noxious Fumes+1","Leg Sweep+1","Footwork+1","Predator","Escape Plan","Die Die Die+1","Escape Plan","Catalyst+1","Well Laid Plans+1","PiercingWail","Deadly Poison+1","Dodge and Roll+1","Wraith Form v2+1","Leg Sweep+1","Acrobatics","Burst+1","Dodge and Roll+1","Backflip","Deadly Poison+1","PiercingWail","Acrobatics+1"],"special_seed":0,"relics":["Ring of the Snake","Vajra","Paper Crane","Bottled Tornado","Frozen Egg 2","Snake Skull","Eternal Feather","Regal Pillow","Bag of Preparation","Molten Egg 2","Cursed Key","StoneCalendar","Pocketwatch","Oddly Smooth Stone","Bottled Flame"],"potions_floor_usage":[25,29,33,44,50,56,56],"damage_taken":[{"damage":6.0,"enemies":"Cultist","floor":1.0,"turns":4.0},{"damage":2.0,"enemies":"Jaw Worm","floor":5.0,"turns":3.0},{"damage":25.0,"enemies":"Lagavulin","floor":7.0,"turns":7.0},{"damage":0.0,"enemies":"3 Sentries","floor":10.0,"turns":4.0},{"damage":0.0,"enemies":"Small Slimes","floor":11.0,"turns":1.0},{"damage":0.0,"enemies":"Lagavulin","floor":12.0,"turns":5.0},{"damage":24.0,"enemies":"Gremlin Nob","floor":14.0,"turns":5.0},{"damage":10.0,"enemies":"Hexaghost","floor":16.0,"turns":10.0},{"damage":20.0,"enemies":"3 Byrds","floor":18.0,"turns":5.0},{"damage":12.0,"enemies":"2 Thieves","floor":24.0,"turns":4.0},{"damage":22,"enemies":"Book of Stabbing","floor":25,"turns":4},{"damage":0,"enemies":"Centurion and Healer","floor":28,"turns":4},{"damage":15,"enemies":"Gremlin Leader","floor":29,"turns":7},{"damage":0,"enemies":"Snecko","floor":31,"turns":4},{"damage":11,"enemies":"Champ","floor":33,"turns":10},{"damage":9,"enemies":"3 Shapes","floor":35,"turns":5},{"damage":0,"enemies":"3 Darklings","floor":36,"turns":4},{"damage":0,"enemies":"4 Shapes","floor":37,"turns":5},{"damage":18,"enemies":"Giant Head","floor":40,"turns":9},{"damage":11,"enemies":"2 Orb Walkers","floor":41,"turns":4},{"damage":10,"enemies":"Nemesis","floor":44,"turns":5},{"damage":0,"enemies":"Sphere and 2 Shapes","floor":48,"turns":7},{"damage":7,"enemies":"Donu and Deca","floor":50,"turns":10},{"damage":4,"enemies":"Time Eater","floor":51,"turns":10},{"damage":12,"enemies":"Shield and Spear","floor":55,"turns":8},{"damage":33,"enemies":"The Heart","floor":56,"turns":11}],"seed_played":"8973734583139730162","potions_obtained":[{"floor":7.0,"key":"Explosive Potion"},{"floor":11.0,"key":"Dexterity Potion"},{"floor":12.0,"key":"Dexterity Potion"},{"floor":25,"key":"Dexterity Potion"},{"floor":28,"key":"Weak Potion"},{"floor":31,"key":"SpeedPotion"},{"floor":36,"key":"Fire Potion"},{"floor":44,"key":"SkillPotion"},{"floor":55,"key":"Strength Potion"}],"is_trial":false,"path_per_floor":["M","$","?","?","M","R","E","R","T","E","M","E","R","E","R","B",null,"M","$","?","?","?","R","M","E","T","R","M","E","R","M","R","B",null,"M","M","M","$","?","E","?","R","T","E","R","T","$","M","R","B","B",null,"R","$","E","B",null],"character_chosen":"THE_SILENT","items_purchased":["Noxious Fumes","Fire Potion","Explosive Potion","Masterful Stab","Catalyst","Well Laid Plans+1","SteroidPotion","Burst","PiercingWail","PowerPotion"],"campfire_rested":2,"item_purchase_floors":[2,2,2,2,19,19,19,38,47,54],"current_hp_per_floor":[53,53,53,53,51,51,26,26,26,26,26,26,26,2,21,11,52,32,32,32,32,32,44,32,10,10,59,59,44,59,59,66,55,63,54,54,54,54,54,36,25,43,43,33,51,51,51,51,66,59,55,63,66,66,54,21],"gold":27,"neow_bonus":"TWO_FIFTY_GOLD","is_prod":false,"is_daily":false,"chose_seed":false,"campfire_upgraded":9,"win_rate":0,"timestamp":1557241030,"path_taken":["M","$","?","?","M","R","E","R","T","E","M","E","R","E","R","BOSS","M","$","?","?","?","R","M","E","T","R","M","E","R","M","R","BOSS","M","M","?","$","?","E","?","R","T","E","R","?","$","M","R","BOSS","BOSS","R","$","E","BOSS"],"build_version":"2019-01-23","purchased_purges":2,"victory":true,"max_hp_per_floor":[66,66,66,66,66,66,66,66,66,66,66,66,66,66,66,66,66,66,66,66,66,66,66,66,66,66,66,66,66,66,66,66,66,66,66,66,66,66,66,66,66,66,66,66,66,66,66,66,66,66,66,66,66,66,66,66],"card_choices":[{"not_picked":["Dodge and Roll","Caltrops"],"picked":"Backstab","floor":1.0},{"not_picked":["Blade Dance","Eviscerate","Calculated Gamble"],"picked":"SKIP","floor":5.0},{"not_picked":["Bouncing Flask","All Out Attack"],"picked":"Leg Sweep","floor":7.0},{"not_picked":["Terror","Blade Dance"],"picked":"Footwork","floor":10.0},{"not_picked":["Finisher","Heel Hook","Crippling Poison"],"picked":"SKIP","floor":11.0},{"not_picked":["PiercingWail","Outmaneuver"],"picked":"Predator","floor":12.0},{"not_picked":["Sucker Punch","Deadly Poison"],"picked":"Escape Plan","floor":14.0},{"not_picked":["Unload","Doppelganger"],"picked":"Die Die Die","floor":16.0},{"not_picked":["Dagger Throw","Predator+1"],"picked":"Escape Plan","floor":18.0},{"not_picked":["Reflex","Dagger Spray"],"picked":"PiercingWail","floor":24.0},{"not_picked":["Dodge and Roll","Endless Agony","Infinite Blades+1"],"picked":"SKIP","floor":25},{"not_picked":["Outmaneuver","Poisoned Stab"],"picked":"Deadly Poison+1","floor":28},{"not_picked":["Prepared","Deflect"],"picked":"Dodge and Roll","floor":29},{"not_picked":["Deadly Poison","Tactician","Dash+1"],"picked":"SKIP","floor":31},{"not_picked":["Corpse Explosion","Burst"],"picked":"Wraith Form v2+1","floor":33},{"not_picked":["Dodge and Roll","Dagger Throw+1"],"picked":"Leg Sweep+1","floor":35},{"not_picked":["Accuracy+1","Dodge and Roll"],"picked":"Acrobatics","floor":36},{"not_picked":["Dodge and Roll","Acrobatics","Finisher+1"],"picked":"SKIP","floor":37},{"not_picked":["Cloak And Dagger","Flechettes+1"],"picked":"Dodge and Roll+1","floor":40},{"not_picked":["Dagger Throw+1","Underhanded Strike+1"],"picked":"Backflip","floor":41},{"not_picked":["Bullet Time","Blade Dance+1"],"picked":"Deadly Poison+1","floor":44},{"not_picked":["Deflect","Tactician","Underhanded Strike+1"],"picked":"SKIP","floor":48},{"not_picked":["Sucker Punch+1","Corpse Explosion"],"picked":"Acrobatics+1","floor":55}],"player_experience":2440698,"relics_obtained":[{"floor":7.0,"key":"Vajra"},{"floor":9.0,"key":"Paper Crane"},{"floor":10.0,"key":"Bottled Tornado"},{"floor":12.0,"key":"Frozen Egg 2"},{"floor":14.0,"key":"Snake Skull"},{"floor":25,"key":"Regal Pillow"},{"floor":26,"key":"Bag of Preparation"},{"floor":29,"key":"Molten Egg 2"},{"floor":40,"key":"StoneCalendar"},{"floor":41,"key":"Pocketwatch"},{"floor":44,"key":"Oddly Smooth Stone"},{"floor":55,"key":"Bottled Flame"}],"event_choices":[{"damage_healed":0.0,"max_hp_gain":0.0,"max_hp_loss":0.0,"gold_gain":0.0,"event_name":"Living Wall","player_choice":"Grow","floor":3.0,"gold_loss":0.0,"damage_taken":0.0,"cards_upgraded":["Backstab"]},{"damage_healed":0.0,"max_hp_gain":0.0,"max_hp_loss":0.0,"gold_gain":0.0,"event_name":"Liars Game","player_choice":"Ignored","floor":4.0,"gold_loss":0.0,"damage_taken":0.0},{"damage_healed":0.0,"max_hp_gain":0.0,"max_hp_loss":0.0,"gold_gain":0.0,"event_name":"Back to Basics","player_choice":"Simplicity","floor":20.0,"gold_loss":0.0,"damage_taken":0.0,"cards_upgraded":["Defend_G","Defend_G","Defend_G","Defend_G","Defend_G","Strike_G","Strike_G","Strike_G","Strike_G","Strike_G"]},{"damage_healed":0.0,"max_hp_gain":0.0,"max_hp_loss":0.0,"gold_gain":0.0,"event_name":"The Mausoleum","player_choice":"Ignored","floor":21.0,"gold_loss":0.0,"damage_taken":0.0},{"damage_healed":0.0,"max_hp_gain":0.0,"max_hp_loss":0.0,"gold_gain":0.0,"event_name":"Upgrade Shrine","player_choice":"Upgraded","floor":22.0,"gold_loss":0.0,"damage_taken":0.0,"cards_upgraded":["Catalyst"]},{"cards_removed":["Masterful Stab"],"damage_healed":0,"gold_gain":0,"player_choice":"Removed Attack","damage_taken":0,"max_hp_gain":0,"max_hp_loss":0,"event_name":"Falling","floor":39,"gold_loss":0},{"damage_healed":0,"gold_gain":0,"player_choice":"Fight","damage_taken":0,"max_hp_gain":0,"max_hp_loss":0,"event_name":"Mysterious Sphere","floor":41,"gold_loss":0}],"is_beta":false,"boss_relics":[{"not_picked":["Snecko Eye","WristBlade"],"picked":"Eternal Feather"},{"not_picked":["Empty Cage","Sozu"],"picked":"Cursed Key"}],"items_purged_floors":[2,47],"is_endless":false,"potions_floor_spawned":[7,11,12,25,28,31,36,37,41,44,55],"ascension_level":20}