{"gold_per_floor":[114,38,38,38,3,3,19,69,93,128,154,168,1,21,21,21],"floor_reached":16,"playtime":592,"items_purged":[],"score":196,"play_id":"05f4e653-42e3-4a15-9860-d57457d04e91","local_time":"20190510111749","is_ascension_mode":true,"campfire_choices":[{"data":"Uppercut","floor":6,"key":"SMITH"},{"data":"Bash","floor":15,"key":"SMITH"}],"neow_cost":"NONE","seed_source_timestamp":1531188782538389,"circlet_count":0,"master_deck":["AscendersBane","Strike_R","Strike_R","Strike_R","Strike_R","Strike_R","Defend_R","Defend_R","Defend_R","Defend_R","Bash+1","Armaments","Uppercut+1","Headbutt","Feel No Pain","Disarm","Inflame"],"relics":["Burning Blood","Juzu Bracelet","Art of War","Kunai","PreservedInsect","Matryoshka","Odd Mushroom"],"potions_floor_usage":[11,14,16],"damage_taken":[{"damage":8,"enemies":"Cultist","floor":1,"turns":5},{"damage":3,"enemies":"Jaw Worm","floor":7,"turns":5},{"damage":30,"enemies":"Lagavulin","floor":10,"turns":5},{"damage":16,"enemies":"The Mushroom Lair","floor":11,"turns":4},{"damage":0,"enemies":"Small Slimes","floor":12,"turns":2},{"damage":16,"enemies":"Exordium Thugs","floor":14,"turns":5},{"damage":26,"enemies":"Hexaghost","floor":16,"turns":12}],"seed_played":"1390367117280443381","potions_obtained":[{"floor":7,"key":"Strength Potion"},{"floor":11,"key":"Fire Potion"},{"floor":12,"key":"Energy Potion"}],"is_trial":false,"path_per_floor":["M","$","?","T","?","R","M","?","T","E","?","M","$","M","R","B"],"character_chosen":"IRONCLAD","items_purchased":["Uppercut","Feel No Pain","Disarm"],"campfire_rested":0,"item_purchase_floors":[2,13,13],"current_hp_per_floor":[66,66,40,40,58,58,61,61,61,37,27,33,33,23,23,0],"gold":21,"neow_bonus":"RANDOM_COMMON_RELIC","is_prod":false,"is_daily":false,"chose_seed":false,"campfire_upgraded":2,"win_rate":0,"timestamp":1557501469,"path_taken":["M","?","?","?","?","R","M","?","T","E","?","M","?","M","R","BOSS"],"build_version":"2019-01-23","purchased_purges":0,"victory":false,"max_hp_per_floor":[75,75,75,75,75,75,75,75,75,75,75,75,75,75,75,75],"card_choices":[{"not_picked":["Cleave","Perfected Strike"],"picked":"Armaments","floor":1},{"not_picked":["Havoc","Second Wind"],"picked":"Headbutt","floor":7},{"not_picked":["Uppercut","Warcry","Searing Blow"],"picked":"SKIP","floor":10},{"not_picked":["Clash","Warcry","Sword Boomerang"],"picked":"SKIP","floor":12},{"not_picked":["Burning Pact","Clothesline"],"picked":"Inflame","floor":14}],"player_experience":2550869,"relics_obtained":[{"floor":4,"key":"Kunai"},{"floor":9,"key":"PreservedInsect"},{"floor":10,"key":"Matryoshka"},{"floor":11,"key":"Odd Mushroom"}],"event_choices":[{"damage_healed":0,"gold_gain":0,"player_choice":"Success","damage_taken":26,"relics_obtained":["Art of War"],"max_hp_gain":0,"max_hp_loss":0,"event_name":"Scrap Ooze","floor":3,"gold_loss":0},{"damage_healed":18,"gold_gain":0,"player_choice":"Healed","damage_taken":0,"max_hp_gain":0,"max_hp_loss":0,"event_name":"The Cleric","floor":5,"gold_loss":35},{"damage_healed":0,"gold_gain":50,"player_choice":"Pray","damage_taken":0,"max_hp_gain":0,"max_hp_loss":0,"event_name":"Golden Shrine","floor":8,"gold_loss":0},{"damage_healed":0,"gold_gain":0,"player_choice":"Fought Mushrooms","damage_taken":0,"max_hp_gain":0,"max_hp_loss":0,"event_name":"Mushrooms","floor":11,"gold_loss":0}],"is_beta":false,"boss_relics":[],"items_purged_floors":[],"is_endless":false,"potions_floor_spawned":[7,11,12],"killed_by":"Hexaghost","ascension_level":20}