{"gold_per_floor":[118,118,118,29,39,39,65,65,133,133,148,161,175,188,188,259,259,239,239,254,274,274],"floor_reached":22,"playtime":771,"items_purged":[],"score":526,"play_id":"a39604a8-4290-4d6d-b2c6-515a5d9f0d5f","local_time":"20190228162340","is_ascension_mode":true,"campfire_choices":[{"data":"Leg Sweep","floor":6,"key":"SMITH"},{"data":"Glass Knife","floor":8,"key":"SMITH"},{"floor":10,"key":"DIG"},{"floor":15,"key":"DIG"}],"neow_cost":"NONE","seed_source_timestamp":339455064698992,"circlet_count":0,"master_deck":["AscendersBane","Defend_G","Defend_G","Defend_G","Defend_G","Defend_G","Strike_G","Strike_G","Strike_G","Strike_G","Strike_G+1","Survivor+1","Neutralize","Crippling Poison","Pain","Leg Sweep+1","Backflip","Glass Knife+1","Blur","Cloak And Dagger","Deadly Poison","Infinite Blades","Die Die Die","Well Laid Plans+1","Backflip"],"relics":["Ring of the Serpent","NeowsBlessing","WarpedTongs","Shovel","Blue Candle","Regal Pillow","Peace Pipe","Nilry\u0027s Codex"],"potions_floor_usage":[16,21,21,21],"damage_taken":[{"damage":0,"enemies":"Small Slimes","floor":1,"turns":1},{"damage":2,"enemies":"2 Louse","floor":5,"turns":1},{"damage":1,"enemies":"3 Sentries","floor":7,"turns":1},{"damage":1,"enemies":"Cultist","floor":11,"turns":3},{"damage":1,"enemies":"2 Fungi Beasts","floor":12,"turns":3},{"damage":1,"enemies":"Gremlin Gang","floor":13,"turns":4},{"damage":1,"enemies":"Large Slime","floor":14,"turns":5},{"damage":1,"enemies":"The Guardian","floor":16,"turns":11},{"damage":16,"enemies":"2 Thieves","floor":18,"turns":4},{"damage":5,"enemies":"Chosen","floor":20,"turns":6},{"damage":19,"enemies":"Shelled Parasite and Fungi","floor":21,"turns":9},{"damage":11,"enemies":"3 Cultists","floor":22,"turns":3}],"seed_played":"-678948473912690695","potions_obtained":[{"floor":1,"key":"Fire Potion"},{"floor":7,"key":"SkillPotion"},{"floor":14,"key":"Dexterity Potion"},{"floor":16,"key":"Weak Potion"},{"floor":18,"key":"EntropicBrew"}],"is_trial":false,"path_per_floor":["M","?","?","$","M","R","E","R","T","R","M","M","M","M","R","B",null,"M","?","M","M","M"],"character_chosen":"THE_SILENT","items_purchased":["Leg Sweep"],"campfire_rested":0,"item_purchase_floors":[4],"current_hp_per_floor":[59,39,39,39,37,37,36,36,36,36,35,34,33,32,32,31,57,41,20,15,6,0],"gold":274,"neow_bonus":"THREE_ENEMY_KILL","is_prod":false,"is_daily":false,"chose_seed":false,"campfire_upgraded":2,"win_rate":0,"timestamp":1551396220,"path_taken":["M","?","?","$","?","R","E","R","T","R","M","M","M","M","R","BOSS","M","?","M","M","M"],"build_version":"2019-02-06","purchased_purges":0,"victory":false,"max_hp_per_floor":[66,66,66,66,66,66,66,66,66,66,66,66,66,66,66,66,66,66,66,66,66,66],"card_choices":[{"not_picked":["Underhanded Strike","Caltrops"],"picked":"Crippling Poison","floor":1},{"not_picked":["Flying Knee","Bane"],"picked":"Backflip","floor":5},{"not_picked":["Bane","Concentrate"],"picked":"Glass Knife","floor":7},{"not_picked":["Prepared","Outmaneuver"],"picked":"Blur","floor":11},{"not_picked":["Underhanded Strike","Quick Slash"],"picked":"Cloak And Dagger","floor":12},{"not_picked":["Blur","Terror"],"picked":"Deadly Poison","floor":13},{"not_picked":["Burst","Underhanded Strike"],"picked":"Infinite Blades","floor":14},{"not_picked":["Bullet Time","Doppelganger"],"picked":"Die Die Die","floor":16},{"not_picked":["Dagger Spray","Blur","Underhanded Strike"],"picked":"SKIP","floor":18},{"not_picked":["Flying Knee+1","Leg Sweep"],"picked":"Well Laid Plans+1","floor":20},{"not_picked":["Quick Slash","Masterful Stab"],"picked":"Backflip","floor":21}],"player_experience":1137063,"relics_obtained":[{"floor":7,"key":"Shovel"},{"floor":9,"key":"Blue Candle"},{"floor":10,"key":"Regal Pillow"},{"floor":15,"key":"Peace Pipe"},{"floor":19,"key":"Nilry\u0027s Codex"}],"event_choices":[{"damage_healed":0,"gold_gain":0,"player_choice":"Entered Light","damage_taken":20,"max_hp_gain":0,"max_hp_loss":0,"event_name":"Shining Light","floor":2,"gold_loss":0,"cards_upgraded":["Strike_G","Survivor"]},{"damage_healed":0,"gold_gain":0,"player_choice":"Rummage","damage_taken":0,"relics_obtained":["WarpedTongs"],"max_hp_gain":0,"max_hp_loss":0,"event_name":"Accursed Blacksmith","floor":3,"gold_loss":0,"cards_obtained":["Pain"]},{"damage_healed":0,"gold_gain":0,"player_choice":"Obtained Book","damage_taken":21,"max_hp_gain":0,"max_hp_loss":0,"event_name":"Cursed Tome","floor":19,"gold_loss":0}],"is_beta":true,"boss_relics":[{"not_picked":["Runic Dome","White Beast Statue"],"picked":"Ring of the Serpent"}],"items_purged_floors":[],"is_endless":false,"potions_floor_spawned":[1,7,14,16,18,20],"killed_by":"3 Cultists","ascension_level":20}