{"gold_per_floor":[360,377,377,377,393,423,423,423,446,446,446,457,457,487,487,560,560,570,570,584,584,603,603,616,616,616,616],"floor_reached":27,"playtime":1513,"items_purged":[],"score":442,"play_id":"781232b3-480f-4af1-b310-251b3baea333","local_time":"20190430221137","is_ascension_mode":true,"campfire_choices":[{"floor":8.0,"key":"REST"},{"data":"True Grit","floor":10.0,"key":"SMITH"},{"data":"Bash","floor":13.0,"key":"SMITH"},{"data":"Shockwave","floor":15.0,"key":"SMITH"},{"data":"J.A.X.","floor":23,"key":"SMITH"},{"floor":25,"key":"REST"}],"neow_cost":"TEN_PERCENT_HP_LOSS","seed_source_timestamp":705338461575740,"circlet_count":0,"master_deck":["AscendersBane","Strike_R","Strike_R","Strike_R","Strike_R","Strike_R","Defend_R","Bash+1","Clash","Shockwave+1","True Grit+1","Battle Trance","Second Wind","Bludgeon","Fiend Fire+1","Impervious+1","Evolve+1","Spot Weakness","Pummel","J.A.X.+1","Clash","Heavy Blade"],"special_seed":0,"relics":["Burning Blood","Ancient Tea Set","PreservedInsect","Blood Vial","Pear","Strawberry","Astrolabe","Shuriken"],"potions_floor_usage":[20,22,24,27],"damage_taken":[{"damage":2.0,"enemies":"Cultist","floor":1.0,"turns":4.0},{"damage":14.0,"enemies":"2 Louse","floor":2.0,"turns":4.0},{"damage":11.0,"enemies":"Jaw Worm","floor":5.0,"turns":4.0},{"damage":57.0,"enemies":"3 Sentries","floor":6.0,"turns":11.0},{"damage":4.0,"enemies":"Exordium Thugs","floor":12.0,"turns":4.0},{"damage":1.0,"enemies":"Gremlin Nob","floor":14.0,"turns":3.0},{"damage":40.0,"enemies":"The Guardian","floor":16.0,"turns":16.0},{"damage":16.0,"enemies":"2 Thieves","floor":18.0,"turns":4.0},{"damage":2,"enemies":"3 Byrds","floor":20,"turns":3},{"damage":40,"enemies":"3 Cultists","floor":22,"turns":6},{"damage":44,"enemies":"Snake Plant","floor":24,"turns":5},{"damage":48,"enemies":"Gremlin Leader","floor":27,"turns":4}],"seed_played":"783392423374092762","potions_obtained":[{"floor":5.0,"key":"Weak Potion"},{"floor":6.0,"key":"Energy Potion"},{"floor":19.0,"key":"EssenceOfSteel"},{"floor":19.0,"key":"LiquidBronze"},{"floor":20,"key":"SkillPotion"},{"floor":22,"key":"BloodPotion"}],"is_trial":false,"path_per_floor":["M","M","?","?","M","E","?","R","T","R","T","M","R","E","R","B",null,"M","?","M","?","M","R","M","R","T","E"],"character_chosen":"IRONCLAD","items_purchased":[],"campfire_rested":2,"item_purchase_floors":[],"current_hp_per_floor":[68,60,60,65,60,9,4,25,25,25,35,39,39,53,53,21,73,65,65,71,71,39,39,12,39,39,0],"gold":616,"neow_bonus":"TWO_FIFTY_GOLD","is_prod":false,"is_daily":false,"chose_seed":false,"campfire_upgraded":4,"win_rate":0,"timestamp":1556676697,"path_taken":["M","M","?","?","M","E","?","R","T","R","?","?","R","E","R","BOSS","M","?","?","?","M","R","M","R","T","E"],"build_version":"2019-01-23","purchased_purges":0,"victory":false,"max_hp_per_floor":[68,68,68,73,73,73,73,73,73,73,83,83,83,90,90,90,90,90,90,90,90,90,90,90,90,90,90],"card_choices":[{"not_picked":["Thunderclap","Corruption"],"picked":"Clash","floor":1.0},{"not_picked":["Power Through","Cleave"],"picked":"Shockwave","floor":2.0},{"not_picked":["Pommel Strike","Sword Boomerang","Dual Wield"],"picked":"SKIP","floor":5.0},{"not_picked":["Pommel Strike","Headbutt"],"picked":"True Grit","floor":6.0},{"not_picked":["Headbutt","Wild Strike"],"picked":"Battle Trance","floor":12.0},{"not_picked":["Rupture","Dropkick"],"picked":"Second Wind","floor":14.0},{"not_picked":["Exhume","Impervious"],"picked":"Bludgeon","floor":16.0},{"not_picked":["Blood for Blood","Heavy Blade"],"picked":"Spot Weakness","floor":18.0},{"not_picked":["Heavy Blade","Ghostly Armor"],"picked":"Pummel","floor":20},{"not_picked":["Clothesline","Sentinel"],"picked":"Clash","floor":22},{"not_picked":["Body Slam","Iron Wave"],"picked":"Heavy Blade","floor":24}],"player_experience":2168559,"relics_obtained":[{"floor":6.0,"key":"Ancient Tea Set"},{"floor":9.0,"key":"Blood Vial"},{"floor":11.0,"key":"Pear"},{"floor":14.0,"key":"Strawberry"},{"floor":26,"key":"Shuriken"}],"event_choices":[{"damage_healed":0.0,"max_hp_gain":0.0,"max_hp_loss":0.0,"gold_gain":0.0,"event_name":"Liars Game","player_choice":"Ignored","floor":3.0,"gold_loss":0.0,"damage_taken":0.0},{"damage_healed":0.0,"max_hp_gain":5.0,"max_hp_loss":0.0,"gold_gain":0.0,"event_name":"Big Fish","player_choice":"Donut","floor":4.0,"gold_loss":0.0,"damage_taken":0.0},{"damage_healed":0.0,"max_hp_gain":0.0,"max_hp_loss":0.0,"gold_gain":0.0,"event_name":"Scrap Ooze","player_choice":"Success","floor":7.0,"gold_loss":0.0,"damage_taken":5.0,"relics_obtained":["PreservedInsect"]},{"damage_healed":0.0,"max_hp_gain":0.0,"max_hp_loss":0.0,"gold_gain":0.0,"event_name":"Lab","player_choice":"Got Potions","floor":19.0,"gold_loss":0.0,"damage_taken":0.0},{"damage_healed":0,"gold_gain":0,"player_choice":"Obtain J.A.X.","damage_taken":0,"max_hp_gain":0,"max_hp_loss":0,"event_name":"Drug Dealer","floor":21,"gold_loss":0,"cards_obtained":["J.A.X."]}],"is_beta":false,"boss_relics":[{"not_picked":["Pandora\u0027s Box","Snecko Eye"],"picked":"Astrolabe"}],"items_purged_floors":[],"is_endless":false,"potions_floor_spawned":[5,6,20,22],"killed_by":"Gremlin Leader","ascension_level":20}