{"path_per_floor":["M","?","?","?","M","R","M","R","T","M","R","M","M","$","R","B",null,"M","?","?","?","M","R","M","R","T","R","M","M","R","M","R"],"character_chosen":"IRONCLAD","items_purchased":["Demon Form"],"gold_per_floor":[118,193,163,163,180,180,190,190,190,203,203,218,234,99,99,195,195,205,205,205,205,216,216,234,234,284,284,295,307,307,326,326],"floor_reached":33,"campfire_rested":1,"playtime":1062,"current_hp_per_floor":[69,58,58,58,54,54,59,59,59,61,61,64,68,68,68,58,72,72,72,72,72,72,72,29,29,29,29,12,18,40,41,41],"items_purged":[],"gold":326,"score":239,"play_id":"fb0221d3-1bd2-43eb-8f84-e506e05b69b5","local_time":"20180318174440","is_prod":false,"is_daily":false,"is_ascension_mode":false,"campfire_upgraded":8,"timestamp":1521409480,"path_taken":["M","?","?","?","M","R","M","R","T","M","R","?","M","?","R","BOSS","M","?","?","?","?","R","M","R","T","R","M","M","R","M","R","BOSS"],"build_version":"2018-03-15v3","purchased_purges":1,"victory":false,"master_deck":["Strike_R","Strike_R","Defend_R","Defend_R","Defend_R","Bash+1","Whirlwind+1","Pommel Strike","Thunderclap","Reaper+1","Metallicize+1","Feed+1","Entrench+1","Inflame+1","Demon Form+1","Fiend Fire+1","Rupture","Entrench+1","Power Through","Second Wind+1"],"max_hp_per_floor":[72,72,72,72,72,72,72,72,72,72,72,72,72,72,72,72,72,72,72,72,72,72,72,72,72,72,72,76,76,76,76,76],"relics":["Burning Blood","Charon\u0027s Ashes","Mark of Pain","Bronze Scales"],"card_choices":[{"not_picked":["Entrench","Heavy Blade"],"picked":"Thunderclap"},{"not_picked":["Clash","Thunderclap"],"picked":"Reaper"},{"not_picked":["Warcry","Sentinel"],"picked":"Metallicize"},{"not_picked":["Iron Wave","Armaments"],"picked":"Feed"},{"not_picked":["Armaments","Warcry"],"picked":"Entrench"},{"not_picked":["Cleave","Clash"],"picked":"Inflame"},{"not_picked":["Exhume","Immolate"],"picked":"Fiend Fire"},{"not_picked":["Shrug It Off","Blood for Blood"],"picked":"Entrench"},{"not_picked":["Anger","Perfected Strike"],"picked":"Power Through"},{"not_picked":["Body Slam","True Grit"],"picked":"Second Wind"}],"player_experience":564770,"potions_floor_usage":[12,18,18,24,28,33],"damage_taken":[{"damage":9,"enemies":"2 Louse","floor":1,"turns":2},{"damage":10,"enemies":"Small Slimes","floor":5,"turns":2},{"damage":6,"enemies":"Cultist","floor":7,"turns":3},{"damage":8,"enemies":"Blue Slaver","floor":10,"turns":5},{"damage":3,"enemies":"Gremlin Gang","floor":12,"turns":2},{"damage":7,"enemies":"Looter","floor":13,"turns":3},{"damage":16,"enemies":"Slime Boss","floor":16,"turns":5},{"damage":8,"enemies":"Spheric Guardian","floor":18,"turns":4},{"damage":0,"enemies":"3 Byrds","floor":22,"turns":2},{"damage":54,"enemies":"Slaver and Parasite","floor":24,"turns":6},{"damage":27,"enemies":"Cultist and Chosen","floor":28,"turns":6},{"damage":0,"enemies":"3 Cultists","floor":29,"turns":2},{"damage":10,"enemies":"Centurion and Healer","floor":31,"turns":5},{"damage":63,"enemies":"Collector","floor":33,"turns":5}],"event_choices":[{"event_name":"World of Goop","player_choice":"Gather Gold","floor":2,"damage_taken":0},{"event_name":"The Woman in Blue","player_choice":"Bought 2 Potions","floor":3,"damage_taken":0},{"event_name":"Living Wall","player_choice":"Grow","floor":4,"damage_taken":0},{"event_name":"Purifier","player_choice":"One Purge","floor":19,"damage_taken":0},{"event_name":"N\u0027loth","player_choice":"Ignored","floor":20,"damage_taken":0},{"event_name":"Transmorgrifier","player_choice":"Transform","floor":21,"damage_taken":0}],"boss_relics":[{"not_picked":["Astrolabe","Ectoplasm"],"picked":"Mark of Pain"}],"potions_floor_spawned":[1,10,13,24,31],"seed_played":"1923990560185866859","killed_by":"Collector","ascension_level":0,"is_trial":false}