{"gold_per_floor":[366,27,38,38,50,79,79,106,106,106,125,125,125,144,144,217,217,234,234,247,247,247,247,264,264,264,280,304,324,352,372,372,372],"floor_reached":33,"playtime":1465,"items_purged":[],"score":654,"play_id":"e26c49c4-00e3-4957-92b8-3ac627d7f334","local_time":"20190328183938","is_ascension_mode":true,"campfire_choices":[{"floor":7,"key":"REST"},{"data":"Zap","floor":10,"key":"SMITH"},{"data":"Static Discharge","floor":15,"key":"SMITH"},{"data":"Capacitor","floor":23,"key":"SMITH"},{"data":"Dualcast","floor":25,"key":"SMITH"},{"data":"Barrage","floor":32,"key":"SMITH"}],"neow_cost":"TEN_PERCENT_HP_LOSS","seed_source_timestamp":1011097012208967,"circlet_count":0,"master_deck":["AscendersBane","Strike_B+1","Strike_B+1","Strike_B+1","Strike_B+1","Defend_B+1","Defend_B+1","Defend_B+1","Defend_B+1","Zap+1","Dualcast+1","Conserve Battery","Core Surge","Static Discharge+1","Ball Lightning","Cold Snap","Echo Form","BootSequence","Core Surge","Capacitor+1","Capacitor+1","Barrage+1","Leap"],"relics":["Cracked Core","Tiny Chest","Shuriken","Darkstone Periapt","Bag of Preparation","Symbiotic Virus","Sozu","MutagenicStrength","Pantograph","Lantern","Smiling Mask"],"potions_floor_usage":[14,16,16,16],"damage_taken":[{"damage":0,"enemies":"Cultist","floor":1,"turns":3},{"damage":10,"enemies":"Small Slimes","floor":3,"turns":2},{"damage":0,"enemies":"2 Louse","floor":5,"turns":2},{"damage":28,"enemies":"3 Sentries","floor":6,"turns":6},{"damage":11,"enemies":"Lagavulin","floor":8,"turns":7},{"damage":4,"enemies":"Looter","floor":11,"turns":2},{"damage":4,"enemies":"Large Slime","floor":14,"turns":3},{"damage":0,"enemies":"The Guardian","floor":16,"turns":8},{"damage":0,"enemies":"Chosen","floor":18,"turns":3},{"damage":4,"enemies":"3 Byrds","floor":20,"turns":3},{"damage":22,"enemies":"Shelled Parasite and Fungi","floor":24,"turns":6},{"damage":7,"enemies":"Cultist and Chosen","floor":27,"turns":5},{"damage":9,"enemies":"Centurion and Healer","floor":29,"turns":6},{"damage":23,"enemies":"Slavers","floor":30,"turns":4},{"damage":16,"enemies":"Snecko","floor":31,"turns":4},{"damage":34,"enemies":"Collector","floor":33,"turns":6}],"seed_played":"-4905584222428826275","potions_obtained":[{"floor":3,"key":"Ancient Potion"},{"floor":8,"key":"PowerPotion"},{"floor":11,"key":"Explosive Potion"},{"floor":14,"key":"EntropicBrew"}],"is_trial":false,"path_per_floor":["M","$","M","T","M","E","R","E","T","R","M","?","?","M","R","B",null,"M","?","M","?","?","R","M","R","T","M","T","M","E","M","R","B"],"character_chosen":"DEFECT","items_purchased":["Tiny Chest","Core Surge","Static Discharge"],"campfire_rested":1,"item_purchase_floors":[2,2,2],"current_hp_per_floor":[64,64,54,54,54,26,45,34,34,34,30,35,35,31,31,31,60,60,60,56,56,69,69,47,47,47,40,40,31,8,6,6,0],"gold":372,"neow_bonus":"TWO_FIFTY_GOLD","is_prod":false,"is_daily":false,"chose_seed":false,"campfire_upgraded":5,"win_rate":0,"timestamp":1553812778,"path_taken":["M","$","M","?","M","E","R","E","T","R","M","?","?","?","R","BOSS","M","?","M","?","?","R","M","R","T","?","?","M","E","M","R","BOSS"],"build_version":"2019-01-23","purchased_purges":0,"victory":false,"max_hp_per_floor":[64,64,64,64,64,64,64,64,64,64,64,69,69,69,69,69,69,69,69,69,69,69,69,69,69,69,69,69,69,69,69,69,69],"card_choices":[{"not_picked":["Stack","Compile Driver"],"picked":"Conserve Battery","floor":1},{"not_picked":["Rebound","Redo","Chaos"],"picked":"SKIP","floor":3},{"not_picked":["Hello World","Turbo"],"picked":"Ball Lightning","floor":5},{"not_picked":["Heatsinks","Streamline"],"picked":"Cold Snap","floor":6},{"not_picked":["Redo","Rebound"],"picked":"Echo Form","floor":8},{"not_picked":["Gash","Lockon","Conserve Battery"],"picked":"SKIP","floor":11},{"not_picked":["Go for the Eyes","Rebound"],"picked":"BootSequence","floor":14},{"not_picked":["Hyperbeam","Thunder Strike"],"picked":"Core Surge","floor":16},{"not_picked":["Rebound","Stack"],"picked":"Capacitor","floor":18},{"not_picked":["Conserve Battery","Cold Snap","Heatsinks"],"picked":"SKIP","floor":20},{"not_picked":["Conserve Battery","Redo","Rebound"],"picked":"SKIP","floor":24},{"not_picked":["Cold Snap","Steam"],"picked":"Capacitor+1","floor":27},{"not_picked":["Redo","Beam Cell"],"picked":"Barrage","floor":29},{"not_picked":["Turbo+1","Stack"],"picked":"Leap","floor":30},{"not_picked":["Leap","Coolheaded","Rebound"],"picked":"SKIP","floor":31}],"player_experience":1479015,"relics_obtained":[{"floor":4,"key":"Shuriken"},{"floor":6,"key":"Darkstone Periapt"},{"floor":8,"key":"Bag of Preparation"},{"floor":9,"key":"Symbiotic Virus"},{"floor":26,"key":"Pantograph"},{"floor":28,"key":"Lantern"},{"floor":30,"key":"Smiling Mask"}],"event_choices":[{"damage_healed":0,"gold_gain":0,"player_choice":"Donut","damage_taken":0,"max_hp_gain":5,"max_hp_loss":0,"event_name":"Big Fish","floor":12,"gold_loss":0},{"damage_healed":0,"gold_gain":0,"player_choice":"0 cards matched","damage_taken":0,"max_hp_gain":0,"max_hp_loss":0,"event_name":"Match and Keep!","floor":13,"gold_loss":0,"cards_obtained":[]},{"damage_healed":0,"gold_gain":0,"player_choice":"Inject Mutagens","damage_taken":0,"relics_obtained":["MutagenicStrength"],"max_hp_gain":0,"max_hp_loss":0,"event_name":"Drug Dealer","floor":19,"gold_loss":0},{"damage_healed":0,"gold_gain":0,"player_choice":"Simplicity","damage_taken":0,"max_hp_gain":0,"max_hp_loss":0,"event_name":"Back to Basics","floor":21,"gold_loss":0,"cards_upgraded":["Strike_B","Strike_B","Strike_B","Strike_B","Defend_B","Defend_B","Defend_B","Defend_B"]},{"damage_healed":13,"gold_gain":0,"player_choice":"Full Heal","damage_taken":0,"max_hp_gain":0,"max_hp_loss":0,"event_name":"Wheel of Change","floor":22,"gold_loss":0}],"is_beta":false,"boss_relics":[{"not_picked":["FrozenCore","Inserter"],"picked":"Sozu"}],"items_purged_floors":[],"is_endless":false,"potions_floor_spawned":[3,8,11,14,24,30],"killed_by":"Collector","ascension_level":20}