{"gold_per_floor":[212,284,12,32,47,47,64,92,92,92,120,120,120,120,120,192,192,202,127,26,26,26,26,54,54,54,83,83,96,13,32,32,32],"floor_reached":33,"playtime":2314,"items_purged":["Strike_G"],"score":628,"play_id":"8c3080f1-32dd-4010-8a0c-528a94613f60","local_time":"20190408183814","is_ascension_mode":true,"campfire_choices":[{"data":"Noxious Fumes","floor":6,"key":"SMITH"},{"data":"Glass Knife","floor":10,"key":"SMITH"},{"data":"Cloak And Dagger","floor":12,"key":"SMITH"},{"floor":15,"key":"REST"},{"data":"Die Die Die","floor":23,"key":"SMITH"},{"data":"Backstab","floor":28,"key":"SMITH"},{"data":"Noxious Fumes","floor":32,"key":"SMITH"}],"neow_cost":"NONE","seed_source_timestamp":633347510631479,"circlet_count":0,"master_deck":["AscendersBane","Defend_G","Defend_G","Defend_G","Defend_G","Defend_G","Strike_G","Strike_G","Strike_G","Survivor+1","Neutralize","Dash","Noxious Fumes+1","Dodge and Roll+1","Cloak And Dagger+1","Backstab+1","Glass Knife+1","Die Die Die+1","Footwork","Sucker Punch","Phantasmal Killer","Ghostly","Ghostly","Ghostly","Endless Agony","Well Laid Plans","Noxious Fumes+1"],"relics":["Ring of the Snake","Anchor","Question Card","Blue Candle","Pantograph","Sundial","Coffee Dripper","MutagenicStrength","PreservedInsect","Mercury Hourglass","Meat on the Bone"],"potions_floor_usage":[8,11,24,27,33,33],"damage_taken":[{"damage":3,"enemies":"Small Slimes","floor":1,"turns":4},{"damage":0,"enemies":"Jaw Worm","floor":4,"turns":3},{"damage":0,"enemies":"2 Louse","floor":5,"turns":3},{"damage":4,"enemies":"Blue Slaver","floor":7,"turns":5},{"damage":16,"enemies":"3 Sentries","floor":8,"turns":6},{"damage":10,"enemies":"Lagavulin","floor":11,"turns":6},{"damage":41,"enemies":"Slime Boss","floor":16,"turns":12},{"damage":0,"enemies":"2 Thieves","floor":18,"turns":3},{"damage":6,"enemies":"Colosseum Slavers","floor":21,"turns":5},{"damage":0,"enemies":"Slavers","floor":24,"turns":4},{"damage":20,"enemies":"Book of Stabbing","floor":27,"turns":4},{"damage":0,"enemies":"Spheric Guardian","floor":29,"turns":1},{"damage":12,"enemies":"Snecko","floor":31,"turns":5},{"damage":45,"enemies":"Collector","floor":33,"turns":9}],"seed_played":"-1492217162327421275","potions_obtained":[{"floor":5,"key":"Strength Potion"},{"floor":7,"key":"SkillPotion"},{"floor":11,"key":"Strength Potion"},{"floor":24,"key":"LiquidBronze"},{"floor":27,"key":"Fruit Juice"},{"floor":29,"key":"SpeedPotion"}],"is_trial":false,"path_per_floor":["M","?","$","M","M","R","M","E","T","R","E","R","T","?","R","B",null,"M","?","$","?","?","R","E","?","T","E","R","M","$","M","R","B"],"character_chosen":"THE_SILENT","items_purchased":["Noxious Fumes","Anchor","Dodge and Roll","Sucker Punch","Well Laid Plans"],"campfire_rested":1,"item_purchase_floors":[3,3,3,20,30],"current_hp_per_floor":[56,56,56,56,56,56,52,36,36,36,26,26,26,6,25,9,52,52,52,52,46,46,46,46,33,33,13,13,25,25,25,25,0],"gold":32,"neow_bonus":"HUNDRED_GOLD","is_prod":false,"is_daily":false,"chose_seed":false,"campfire_upgraded":6,"win_rate":0,"timestamp":1554763094,"path_taken":["M","?","$","M","M","R","M","E","T","R","E","R","?","?","R","BOSS","M","?","$","?","?","R","E","?","T","E","R","M","?","?","R","BOSS"],"build_version":"2019-01-23","purchased_purges":1,"victory":false,"max_hp_per_floor":[66,66,66,66,66,66,66,66,66,66,66,66,66,66,66,66,66,66,66,66,66,66,66,66,33,33,33,33,33,33,33,33,38],"card_choices":[{"not_picked":["Deflect","Slice"],"picked":"Dash","floor":1},{"not_picked":["Acrobatics","Setup"],"picked":"Cloak And Dagger","floor":4},{"not_picked":["Eviscerate","Blade Dance","Dagger Throw"],"picked":"SKIP","floor":5},{"not_picked":["All Out Attack","Bane"],"picked":"Backstab","floor":7},{"not_picked":["Bane","Dodge and Roll"],"picked":"Glass Knife","floor":8},{"not_picked":["Acrobatics","Slice","Phantasmal Killer","Masterful Stab"],"picked":"SKIP","floor":11},{"not_picked":["Envenom","Phantasmal Killer","Unload"],"picked":"Die Die Die","floor":16},{"not_picked":["Sucker Punch","Deadly Poison","Reflex+1"],"picked":"Footwork","floor":18},{"not_picked":["Flying Knee","Reflex","Dagger Throw"],"picked":"Phantasmal Killer","floor":24},{"not_picked":["Choke","All Out Attack","Quick Slash"],"picked":"Endless Agony","floor":27},{"not_picked":["Distraction","Flying Knee+1","Dagger Spray","Deadly Poison"],"picked":"SKIP","floor":29},{"not_picked":["Backflip","PiercingWail","Outmaneuver+1"],"picked":"Noxious Fumes","floor":31}],"player_experience":1739253,"relics_obtained":[{"floor":8,"key":"Question Card"},{"floor":9,"key":"Blue Candle"},{"floor":11,"key":"Pantograph"},{"floor":13,"key":"Sundial"},{"floor":24,"key":"PreservedInsect"},{"floor":26,"key":"Mercury Hourglass"},{"floor":27,"key":"Meat on the Bone"}],"event_choices":[{"damage_healed":0,"gold_gain":72,"player_choice":"Gained Gold","damage_taken":0,"max_hp_gain":0,"max_hp_loss":0,"event_name":"Golden Wing","floor":2,"gold_loss":0},{"damage_healed":0,"gold_gain":0,"player_choice":"Entered Light","damage_taken":20,"max_hp_gain":0,"max_hp_loss":0,"event_name":"Shining Light","floor":14,"gold_loss":0,"cards_upgraded":["Dodge and Roll","Survivor"]},{"cards_removed":["Strike_G"],"damage_healed":0,"gold_gain":0,"player_choice":"Gave Gold","damage_taken":0,"max_hp_gain":0,"max_hp_loss":0,"event_name":"Beggar","floor":19,"gold_loss":75},{"damage_healed":0,"gold_gain":0,"player_choice":"Fight","damage_taken":0,"max_hp_gain":0,"max_hp_loss":0,"event_name":"Colosseum","floor":21,"gold_loss":0},{"damage_healed":0,"gold_gain":0,"player_choice":"Fled From Nobs","damage_taken":0,"max_hp_gain":0,"max_hp_loss":0,"event_name":"Colosseum","floor":21,"gold_loss":0},{"damage_healed":0,"gold_gain":0,"player_choice":"Inject Mutagens","damage_taken":0,"relics_obtained":["MutagenicStrength"],"max_hp_gain":0,"max_hp_loss":0,"event_name":"Drug Dealer","floor":22,"gold_loss":0},{"damage_healed":0,"gold_gain":0,"player_choice":"Became a Ghost","damage_taken":0,"max_hp_gain":0,"max_hp_loss":33,"event_name":"Ghosts","floor":25,"gold_loss":0,"cards_obtained":["Ghostly","Ghostly","Ghostly"]}],"is_beta":false,"boss_relics":[{"not_picked":["Orrery","Lizard Tail"],"picked":"Coffee Dripper"}],"items_purged_floors":[20],"is_endless":false,"potions_floor_spawned":[5,7,11,24,27,29],"killed_by":"Collector","ascension_level":20}