{"gold_per_floor":[118,118,118,135,210,240,240,165,235,264,539,551,551,33,33,108,108,122,132,148,148,165,165,165,165,195,395,406,21,21,21,21,21],"floor_reached":33,"playtime":1283,"items_purged":["Regret"],"score":464,"play_id":"6b07cc6d-dcd7-4a9b-86e3-5c0d99e89b3c","local_time":"20190313013347","is_ascension_mode":true,"campfire_choices":[{"floor":7,"key":"REST"},{"data":"Brutality","floor":13,"key":"SMITH"},{"data":"Blood for Blood","floor":15,"key":"SMITH"},{"data":"Combust","floor":23,"key":"SMITH"},{"data":"Offering","floor":25,"key":"SMITH"},{"data":"Panacea","floor":30,"key":"SMITH"},{"data":"Jack Of All Trades","floor":32,"key":"SMITH"}],"neow_cost":"PERCENT_DAMAGE","seed_source_timestamp":829163582327563,"circlet_count":0,"master_deck":["AscendersBane","Strike_R","Strike_R","Strike_R","Strike_R","Defend_R","Defend_R","Defend_R","Defend_R","Bash+1","Panacea+1","Jack Of All Trades+1","Iron Wave+1","Headbutt","Brutality+1","Blood for Blood+1","Offering+1","Necronomicurse","Combust+1","Shame"],"relics":["Burning Blood","Vajra","Kunai","Mummified Hand","Matryoshka","Blood Vial","Coffee Dripper","Necronomicon","Juzu Bracelet","Tiny Chest","Sling","Orichalcum","Sundial"],"potions_floor_usage":[6,10,19,20],"damage_taken":[{"damage":1,"enemies":"2 Louse","floor":1,"turns":3},{"damage":7,"enemies":"Small Slimes","floor":4,"turns":3},{"damage":22,"enemies":"Gremlin Nob","floor":6,"turns":5},{"damage":12,"enemies":"3 Sentries","floor":10,"turns":9},{"damage":5,"enemies":"Cultist","floor":12,"turns":4},{"damage":36,"enemies":"Hexaghost","floor":16,"turns":7},{"damage":8,"enemies":"Spheric Guardian","floor":18,"turns":3},{"damage":14,"enemies":"Shell Parasite","floor":19,"turns":4},{"damage":7,"enemies":"Centurion and Healer","floor":20,"turns":4},{"damage":7,"enemies":"Snecko","floor":22,"turns":2},{"damage":12,"enemies":"3 Cultists","floor":28,"turns":4},{"damage":49,"enemies":"Champ","floor":33,"turns":5}],"seed_played":"-2955249503103484225","potions_obtained":[{"floor":4,"key":"Poison Potion"},{"floor":6,"key":"SkillPotion"},{"floor":16,"key":"EssenceOfSteel"},{"floor":19,"key":"Poison Potion"}],"is_trial":false,"path_per_floor":["M","?","?","M","?","E","R","?","T","E","?","M","R","$","R","B",null,"M","M","M","?","M","R","$","R","T","?","M","$","R","?","R","B"],"character_chosen":"IRONCLAD","items_purchased":["Matryoshka","Blood Vial","Sling","Orichalcum"],"campfire_rested":1,"item_purchase_floors":[14,14,29,29],"current_hp_per_floor":[55,32,57,56,45,29,51,51,51,45,45,46,46,46,46,18,61,61,55,56,35,36,36,36,36,36,36,32,32,32,32,32,0],"gold":21,"neow_bonus":"RANDOM_COLORLESS_2","is_prod":false,"is_daily":false,"chose_seed":false,"campfire_upgraded":6,"win_rate":0,"timestamp":1552455227,"path_taken":["M","?","?","M","?","E","R","?","T","E","?","M","R","$","R","BOSS","M","M","M","?","M","R","$","R","T","?","M","$","R","?","R","BOSS"],"build_version":"2019-01-23","purchased_purges":1,"victory":false,"max_hp_per_floor":[75,75,75,75,75,75,75,75,75,75,75,75,75,75,75,75,75,75,75,75,75,75,75,75,75,75,75,75,75,75,75,75,75],"card_choices":[{"not_picked":["Blood for Blood","Clash"],"picked":"Iron Wave","floor":1},{"not_picked":["Twin Strike","Rampage"],"picked":"Headbutt","floor":4},{"not_picked":["Flex","Rupture"],"picked":"Brutality","floor":6},{"not_picked":["Infernal Blade","Armaments"],"picked":"Blood for Blood","floor":10},{"not_picked":["Disarm","Anger","Armaments"],"picked":"SKIP","floor":12},{"not_picked":["Barricade","Limit Break"],"picked":"Offering","floor":16},{"not_picked":["Pommel Strike","Corruption","True Grit"],"picked":"SKIP","floor":18},{"not_picked":["Shrug It Off","Whirlwind","Perfected Strike"],"picked":"SKIP","floor":19},{"not_picked":["Carnage","Sword Boomerang","Pummel"],"picked":"SKIP","floor":20},{"not_picked":["Flex+1","Heavy Blade+1"],"picked":"Combust","floor":22},{"not_picked":["Wild Strike","Flame Barrier","Second Wind"],"picked":"SKIP","floor":28}],"player_experience":1066355,"relics_obtained":[{"floor":6,"key":"Vajra"},{"floor":9,"key":"Kunai"},{"floor":10,"key":"Mummified Hand"},{"floor":21,"key":"Necronomicon"},{"floor":26,"key":"Juzu Bracelet"},{"floor":26,"key":"Tiny Chest"}],"event_choices":[{"damage_healed":0,"gold_gain":0,"player_choice":"Entered Light","damage_taken":23,"max_hp_gain":0,"max_hp_loss":0,"event_name":"Shining Light","floor":2,"gold_loss":0,"cards_upgraded":["Bash","Iron Wave"]},{"damage_healed":25,"gold_gain":0,"player_choice":"Banana","damage_taken":0,"max_hp_gain":0,"max_hp_loss":0,"event_name":"Big Fish","floor":3,"gold_loss":0},{"damage_healed":0,"gold_gain":75,"player_choice":"Gather Gold","damage_taken":11,"max_hp_gain":0,"max_hp_loss":0,"event_name":"World of Goop","floor":5,"gold_loss":0},{"cards_removed":["Strike_R"],"damage_healed":0,"gold_gain":0,"player_choice":"Card Removal","damage_taken":0,"max_hp_gain":0,"max_hp_loss":0,"event_name":"The Cleric","floor":8,"gold_loss":75},{"damage_healed":0,"gold_gain":275,"player_choice":"Desecrate","damage_taken":0,"max_hp_gain":0,"max_hp_loss":0,"event_name":"Golden Shrine","floor":11,"gold_loss":0,"cards_obtained":["Regret"]},{"damage_healed":0,"gold_gain":0,"player_choice":"Obtained Book","damage_taken":21,"max_hp_gain":0,"max_hp_loss":0,"event_name":"Cursed Tome","floor":21,"gold_loss":0},{"damage_healed":0,"gold_gain":200,"player_choice":"Gold","damage_taken":0,"max_hp_gain":0,"max_hp_loss":0,"event_name":"Wheel of Change","floor":27,"gold_loss":0},{"damage_healed":0,"gold_gain":0,"player_choice":"Stole Relic","damage_taken":0,"relics_obtained":["Sundial"],"max_hp_gain":0,"max_hp_loss":0,"event_name":"Addict","floor":31,"gold_loss":0,"cards_obtained":["Shame"]}],"is_beta":false,"boss_relics":[{"not_picked":["Orrery","White Beast Statue"],"picked":"Coffee Dripper"}],"items_purged_floors":[14],"is_endless":false,"potions_floor_spawned":[4,6,16,19],"killed_by":"Champ","ascension_level":17}