{"gold_per_floor":[116,127,127,127,52,52,70,70,150,176,176,209,209,224,224,224],"floor_reached":16,"playtime":350,"items_purged":[],"score":216,"play_id":"55728cf4-e2b9-4caf-a3dd-79852006a2a2","local_time":"20190215202821","is_ascension_mode":true,"campfire_choices":[{"data":"Limit Break","floor":6,"key":"SMITH"},{"data":"Bash","floor":8,"key":"SMITH"},{"data":"Uppercut","floor":11,"key":"SMITH"},{"data":"Barricade","floor":13,"key":"SMITH"},{"floor":15,"key":"REST"}],"neow_cost":"TEN_PERCENT_HP_LOSS","seed_source_timestamp":35710194720886,"circlet_count":0,"master_deck":["AscendersBane","Strike_R","Strike_R","Strike_R","Defend_R","Defend_R","Defend_R","Defend_R","Bash+1","Limit Break+1","Shrug It Off","Headbutt","Uppercut+1","Barricade+1","Warcry"],"relics":["Burning Blood","Paper Frog","Omamori","Smiling Mask"],"potions_floor_usage":[10,14,16],"damage_taken":[{"damage":6,"enemies":"Cultist","floor":1,"turns":3},{"damage":4,"enemies":"Small Slimes","floor":2,"turns":5},{"damage":4,"enemies":"Jaw Worm","floor":7,"turns":7},{"damage":32,"enemies":"Gremlin Nob","floor":10,"turns":4},{"damage":37,"enemies":"3 Sentries","floor":12,"turns":11},{"damage":9,"enemies":"Exordium Wildlife","floor":14,"turns":3},{"damage":30,"enemies":"Slime Boss","floor":16,"turns":6}],"seed_played":"4162280575057389162","potions_obtained":[{"floor":2,"key":"Energy Potion"},{"floor":10,"key":"FearPotion"},{"floor":12,"key":"SkillPotion"}],"is_trial":false,"path_per_floor":["M","M","?","?","?","R","M","R","T","E","R","E","R","M","R","B"],"character_chosen":"IRONCLAD","items_purchased":[],"campfire_rested":1,"item_purchase_floors":[],"current_hp_per_floor":[68,68,61,66,66,66,68,68,68,42,42,11,11,8,29,0],"gold":224,"neow_bonus":"THREE_RARE_CARDS","is_prod":false,"is_daily":false,"chose_seed":false,"campfire_upgraded":4,"win_rate":0,"timestamp":1550287701,"path_taken":["M","M","?","?","?","R","M","R","T","E","R","E","R","M","R","BOSS"],"build_version":"2019-02-06","purchased_purges":0,"victory":false,"max_hp_per_floor":[68,68,68,73,73,73,73,73,73,73,73,73,73,73,73,73],"card_choices":[{"not_picked":["Exhume","Impervious"],"picked":"Limit Break","floor":0},{"not_picked":["Clash","Anger"],"picked":"Shrug It Off","floor":1},{"not_picked":["Perfected Strike","Rage","Thunderclap"],"picked":"SKIP","floor":2},{"not_picked":["Anger","Shockwave"],"picked":"Headbutt","floor":7},{"not_picked":["Headbutt","Clash"],"picked":"Uppercut","floor":10},{"not_picked":["Anger","Thunderclap"],"picked":"Barricade","floor":12},{"not_picked":["Thunderclap","Wild Strike"],"picked":"Warcry","floor":14}],"player_experience":1095136,"relics_obtained":[{"floor":9,"key":"Paper Frog"},{"floor":10,"key":"Omamori"},{"floor":12,"key":"Smiling Mask"}],"event_choices":[{"cards_removed":["Strike_R"],"damage_healed":0,"gold_gain":0,"player_choice":"Card Removal","damage_taken":7,"max_hp_gain":0,"max_hp_loss":0,"event_name":"Golden Wing","floor":3,"gold_loss":0},{"damage_healed":0,"gold_gain":0,"player_choice":"Donut","damage_taken":0,"max_hp_gain":5,"max_hp_loss":0,"event_name":"Big Fish","floor":4,"gold_loss":0},{"cards_removed":["Strike_R"],"damage_healed":0,"gold_gain":0,"player_choice":"Card Removal","damage_taken":0,"max_hp_gain":0,"max_hp_loss":0,"event_name":"The Cleric","floor":5,"gold_loss":75}],"is_beta":true,"boss_relics":[],"items_purged_floors":[],"is_endless":false,"potions_floor_spawned":[2,10,12],"killed_by":"Slime Boss","ascension_level":20}