{"path_per_floor":["M","M","$","?","?","R","M","M","T","M","R","$","M","M","R","B",null,"M","?","M","$","?","M","R","M","T","R","$","?","M","M","R","B",null,"M","?","?","M","?","R","E","R","T","?","M","$","M","T","R","B"],"character_chosen":"IRONCLAD","items_purchased":[],"gold_per_floor":[113,129,54,54,54,54,70,82,151,162,162,62,80,92,92,188,188,207,207,225,100,100,113,113,128,128,128,78,78,88,99,99,201,201,216,216,216,230,230,230,258,258,258,258,269,219,239,239,239,239],"floor_reached":51,"campfire_rested":4,"playtime":814,"current_hp_per_floor":[80,70,70,75,75,75,70,55,55,42,42,42,44,38,38,53,85,71,71,77,77,85,75,75,81,81,81,81,81,85,79,85,49,85,54,54,54,50,50,75,85,99,99,99,87,87,68,68,97,57],"items_purged":["Defend_R","Defend_R","Strike_R","Strike_R","Strike_R"],"gold":239,"score":769,"play_id":"5bffc779-ebb1-449e-9ea6-639674e44fca","local_time":"20180414000426","is_prod":false,"is_daily":false,"chose_seed":false,"is_ascension_mode":false,"campfire_upgraded":5,"timestamp":1523689466,"path_taken":["M","M","$","?","?","R","M","M","T","M","R","?","?","M","R","BOSS","M","?","?","$","?","M","R","M","T","R","$","?","M","M","R","BOSS","M","?","?","M","?","R","E","R","T","?","?","$","M","?","R","BOSS"],"build_version":"2018-04-12","seed_source_timestamp":183130465200671,"purchased_purges":5,"victory":true,"master_deck":["Bash+1","Flex+1","Battle Trance+1","Heavy Blade+1","Flex+1"],"max_hp_per_floor":[80,80,80,85,85,85,85,85,85,85,85,85,85,85,85,85,85,85,85,85,85,85,85,85,85,85,85,85,85,85,85,85,85,85,85,85,85,85,85,85,99,99,99,99,99,99,99,99,99,99],"relics":["Burning Blood","Pantograph","Runic Pyramid","Smiling Mask","Sozu","Mango","Girya","Mercury Hourglass"],"card_choices":[{"not_picked":["Pommel Strike","Shockwave"],"picked":"Flex","floor":2},{"not_picked":["Fire Breathing","Blood for Blood"],"picked":"Battle Trance","floor":13},{"not_picked":["Cleave","Warcry"],"picked":"Heavy Blade","floor":14},{"not_picked":["Iron Wave","Warcry"],"picked":"Flex","floor":20}],"player_experience":460692,"potions_floor_usage":[13,18,20,25,41],"damage_taken":[{"damage":6,"enemies":"Cultist","floor":1,"turns":3},{"damage":16,"enemies":"2 Louse","floor":2,"turns":3},{"damage":11,"enemies":"Jaw Worm","floor":7,"turns":2},{"damage":21,"enemies":"3 Louse","floor":8,"turns":3},{"damage":19,"enemies":"Exordium Wildlife","floor":10,"turns":4},{"damage":4,"enemies":"Large Slime","floor":13,"turns":3},{"damage":12,"enemies":"Blue Slaver","floor":14,"turns":2},{"damage":16,"enemies":"Slime Boss","floor":16,"turns":8},{"damage":20,"enemies":"2 Thieves","floor":18,"turns":2},{"damage":0,"enemies":"Chosen","floor":20,"turns":2},{"damage":16,"enemies":"Centurion and Healer","floor":23,"turns":4},{"damage":0,"enemies":"Snecko","floor":25,"turns":2},{"damage":0,"enemies":"Sentry and Sphere","floor":30,"turns":2},{"damage":12,"enemies":"Centurion and Healer","floor":31,"turns":3},{"damage":42,"enemies":"Automaton","floor":33,"turns":6},{"damage":37,"enemies":"3 Darklings","floor":35,"turns":3},{"damage":10,"enemies":"Orb Walker","floor":38,"turns":2},{"damage":10,"enemies":"2 Orb Walkers","floor":41,"turns":2},{"damage":18,"enemies":"4 Shapes","floor":45,"turns":3},{"damage":25,"enemies":"Maw","floor":47,"turns":3},{"damage":48,"enemies":"Time Eater","floor":50,"turns":3}],"event_choices":[{"event_name":"Big Fish","player_choice":"Donut","floor":4,"damage_taken":0},{"event_name":"Living Wall","player_choice":"Forget","floor":5,"damage_taken":0},{"event_name":"Ghosts","player_choice":"Ignored","floor":19,"damage_taken":0},{"event_name":"The Library","player_choice":"Heal","floor":22,"damage_taken":0},{"event_name":"Back to Basics","player_choice":"Elegance","floor":29,"damage_taken":0},{"event_name":"Tomb of Lord Red Mask","player_choice":"Ignored","floor":37,"damage_taken":0},{"event_name":"SensoryStone","player_choice":"Memory 1","floor":39,"damage_taken":0},{"event_name":"Mysterious Sphere","player_choice":"Ignore","floor":44,"damage_taken":0}],"boss_relics":[{"not_picked":["Black Star","Tiny House"],"picked":"Runic Pyramid"},{"not_picked":["Velvet Choker","Lizard Tail"],"picked":"Sozu"}],"potions_floor_spawned":[2,10,13,20,23,30,35,38],"seed_played":"5741468116408683770","ascension_level":0,"is_trial":false}