{"gold_per_floor":[209,222,239,108,108,108,135,135,135,135,153,183,206,268,280,369,381,408,440,127,127],"floor_reached":21,"playtime":1671,"items_purged":["Strike_G"],"score":378,"play_id":"f44719be-f2e5-4feb-be7b-3408e7c7a0b2","local_time":"20190501211343","is_ascension_mode":true,"campfire_choices":[{"data":"Masterful Stab","floor":6,"key":"SMITH"},{"data":"Neutralize","floor":10,"key":"SMITH"},{"data":"Caltrops","floor":15,"key":"SMITH"}],"neow_cost":"NONE","seed_source_timestamp":788160492729132,"circlet_count":0,"master_deck":["AscendersBane","Defend_G","Defend_G","Defend_G","Defend_G","Defend_G","Strike_G","Strike_G","Strike_G","Survivor","Neutralize+1","Masterful Stab+1","Well Laid Plans","Backflip","Caltrops+1","Footwork","PiercingWail","Glass Knife","Leg Sweep","Backflip","Caltrops"],"relics":["Ring of the Snake","Blue Candle","Strawberry","MawBank","Black Star","Omamori"],"potions_floor_usage":[7,12,16,21,21],"damage_taken":[{"damage":1,"enemies":"Cultist","floor":1,"turns":3},{"damage":0,"enemies":"Jaw Worm","floor":2,"turns":5},{"damage":0,"enemies":"Small Slimes","floor":3,"turns":2},{"damage":15,"enemies":"Lagavulin","floor":7,"turns":7},{"damage":0,"enemies":"Exordium Thugs","floor":11,"turns":5},{"damage":12,"enemies":"3 Sentries","floor":12,"turns":9},{"damage":1,"enemies":"Lots of Slimes","floor":13,"turns":5},{"damage":12,"enemies":"The Guardian","floor":16,"turns":16},{"damage":20,"enemies":"Spheric Guardian","floor":18,"turns":7},{"damage":5,"enemies":"3 Byrds","floor":19,"turns":5},{"damage":38,"enemies":"Centurion and Healer","floor":21,"turns":18}],"seed_played":"3896851676294921306","potions_obtained":[{"floor":1,"key":"Swift Potion"},{"floor":2,"key":"SmokeBomb"},{"floor":7,"key":"PowerPotion"},{"floor":13,"key":"Regen Potion"},{"floor":18,"key":"Poison Potion"}],"is_trial":false,"path_per_floor":["M","M","M","$","?","R","E","?","T","R","M","E","M","?","R","B",null,"M","M","$","M"],"character_chosen":"THE_SILENT","items_purchased":["Strength Potion","Caltrops","Omamori","Caltrops"],"campfire_rested":0,"item_purchase_floors":[4,4,20,20],"current_hp_per_floor":[58,58,58,58,58,58,43,36,43,43,43,31,30,30,30,33,63,43,38,38,0],"gold":127,"neow_bonus":"HUNDRED_GOLD","is_prod":false,"is_daily":false,"chose_seed":false,"campfire_upgraded":3,"win_rate":0,"timestamp":1556759623,"path_taken":["M","M","M","$","?","R","E","?","T","R","M","E","M","?","R","BOSS","M","M","$","M"],"build_version":"2019-01-23","purchased_purges":1,"victory":false,"max_hp_per_floor":[66,66,66,66,66,66,66,66,73,73,73,73,73,73,73,73,73,73,73,73,73],"card_choices":[{"not_picked":["Tactician","Dodge and Roll"],"picked":"Masterful Stab","floor":1},{"not_picked":["Quick Slash","Bane"],"picked":"Well Laid Plans","floor":2},{"not_picked":["Bane","Blade Dance"],"picked":"Backflip","floor":3},{"not_picked":["Dagger Spray","Bane"],"picked":"Footwork","floor":7},{"not_picked":["Tools of the Trade","Finisher"],"picked":"PiercingWail","floor":11},{"not_picked":["Flying Knee","Slice","Endless Agony"],"picked":"SKIP","floor":12},{"not_picked":["Underhanded Strike","Blade Dance","Predator"],"picked":"SKIP","floor":13},{"not_picked":["Underhanded Strike","Blade Dance","Predator"],"picked":"SKIP","floor":13},{"not_picked":["Doppelganger","Grand Finale"],"picked":"Glass Knife","floor":16},{"not_picked":["Prepared","Flying Knee"],"picked":"Leg Sweep","floor":18},{"not_picked":["Choke","Bane+1"],"picked":"Backflip","floor":19}],"player_experience":2218788,"relics_obtained":[{"floor":7,"key":"Blue Candle"},{"floor":9,"key":"Strawberry"},{"floor":12,"key":"MawBank"}],"event_choices":[{"damage_healed":0,"gold_gain":0,"player_choice":"Ignored","damage_taken":0,"max_hp_gain":0,"max_hp_loss":0,"event_name":"Liars Game","floor":5,"gold_loss":0},{"cards_removed":["Strike_G"],"damage_healed":0,"gold_gain":0,"player_choice":"Card Removal","damage_taken":7,"max_hp_gain":0,"max_hp_loss":0,"event_name":"Golden Wing","floor":8,"gold_loss":0},{"damage_healed":0,"gold_gain":50,"player_choice":"Pray","damage_taken":0,"max_hp_gain":0,"max_hp_loss":0,"event_name":"Golden Shrine","floor":14,"gold_loss":0}],"is_beta":false,"boss_relics":[{"not_picked":["White Beast Statue","HoveringKite"],"picked":"Black Star"}],"items_purged_floors":[20],"is_endless":false,"potions_floor_spawned":[1,2,7,13,18],"killed_by":"Centurion and Healer","ascension_level":20}