{"gold_per_floor":[215,231,247,258,50,83,83,117,168,168,194,210,360,122,122,122],"floor_reached":16,"playtime":837,"items_purged":["Doubt"],"score":240,"play_id":"31740dfc-ccdf-40ba-8e6c-01f71c67a6dc","local_time":"20190429052802","is_ascension_mode":true,"campfire_choices":[{"floor":7,"key":"REST"},{"floor":10,"key":"REST"},{"floor":15,"key":"REST"}],"neow_cost":"NONE","seed_source_timestamp":559428977020287,"circlet_count":0,"master_deck":["AscendersBane","Strike_B","Strike_B","Strike_B","Strike_B","Defend_B","Defend_B","Defend_B","Defend_B","Zap","Dualcast","Hologram","Go for the Eyes","Compile Driver","Ball Lightning","Biased Cognition","BootSequence","Skim","Creative AI","Stack"],"relics":["Cracked Core","Ice Cream","Blue Candle","DataDisk","Pen Nib","Tiny Chest"],"potions_floor_usage":[4,6,8,16],"damage_taken":[{"damage":3,"enemies":"2 Louse","floor":1,"turns":3},{"damage":2,"enemies":"Jaw Worm","floor":2,"turns":4},{"damage":0,"enemies":"Cultist","floor":3,"turns":3},{"damage":6,"enemies":"Exordium Thugs","floor":4,"turns":3},{"damage":27,"enemies":"3 Sentries","floor":6,"turns":6},{"damage":44,"enemies":"Gremlin Nob","floor":8,"turns":4},{"damage":12,"enemies":"3 Sentries","floor":11,"turns":6},{"damage":0,"enemies":"Red Slaver","floor":12,"turns":3},{"damage":34,"enemies":"The Guardian","floor":16,"turns":9}],"seed_played":"-2042315590827878942","potions_obtained":[{"floor":3,"key":"AttackPotion"},{"floor":4,"key":"Energy Potion"},{"floor":11,"key":"Strength Potion"},{"floor":12,"key":"Swift Potion"}],"is_trial":false,"path_per_floor":["M","M","M","M","$","E","R","E","T","R","E","M","?","$","R","B"],"character_chosen":"DEFECT","items_purchased":["Biased Cognition","AttackPotion","Tiny Chest","Stack"],"campfire_rested":3,"item_purchase_floors":[5,5,14,14],"current_hp_per_floor":[61,59,59,53,53,26,47,3,3,24,12,12,12,12,33,0],"gold":122,"neow_bonus":"HUNDRED_GOLD","is_prod":false,"is_daily":false,"chose_seed":false,"campfire_upgraded":0,"win_rate":0,"timestamp":1556530082,"path_taken":["M","M","M","M","$","E","R","E","T","R","E","M","?","$","R","BOSS"],"build_version":"2019-01-23","purchased_purges":1,"victory":false,"max_hp_per_floor":[71,71,71,71,71,71,71,71,71,71,71,71,71,71,71,71],"card_choices":[{"not_picked":["Stack","Fusion"],"picked":"Hologram","floor":1},{"not_picked":["Fusion","Aggregate"],"picked":"Go for the Eyes","floor":2},{"not_picked":["Double Energy","Beam Cell"],"picked":"Compile Driver","floor":3},{"not_picked":["Compile Driver","Reprogram"],"picked":"Ball Lightning","floor":4},{"not_picked":["Blizzard","Leap"],"picked":"BootSequence","floor":6},{"not_picked":["Steam Power","Force Field"],"picked":"Skim","floor":8},{"not_picked":["Heatsinks","Streamline"],"picked":"Creative AI","floor":11},{"not_picked":["Go for the Eyes","Rebound","Beam Cell"],"picked":"SKIP","floor":12}],"player_experience":2080751,"relics_obtained":[{"floor":6,"key":"Ice Cream"},{"floor":8,"key":"Blue Candle"},{"floor":9,"key":"DataDisk"},{"floor":11,"key":"Pen Nib"}],"event_choices":[{"damage_healed":0,"gold_gain":150,"player_choice":"AGREE","damage_taken":0,"max_hp_gain":0,"max_hp_loss":0,"event_name":"Liars Game","floor":13,"gold_loss":0,"cards_obtained":["Doubt"]}],"is_beta":false,"boss_relics":[],"items_purged_floors":[14],"is_endless":false,"potions_floor_spawned":[3,4,11,12],"killed_by":"The Guardian","ascension_level":20}