{"path_per_floor":["M","?","?","M","?","E","R","?","T","E","$","R","M","M","R","B",null,"M","M","?","M","M","R"],"character_chosen":"IRONCLAD","items_purchased":[],"gold_per_floor":[112,82,82,100,50,84,84,84,110,144,69,69,83,95,95,193,193,211,230,155,170,186,186],"floor_reached":24,"campfire_rested":0,"playtime":937,"current_hp_per_floor":[80,80,73,79,79,79,79,79,86,87,87,87,87,86,86,40,87,81,61,61,51,7,7],"items_purged":["Strike_R"],"gold":186,"score":206,"play_id":"66b6922e-ab3f-42a5-83b0-f59d586fd1cf","local_time":"20180317135615","is_prod":false,"is_daily":false,"is_ascension_mode":false,"campfire_upgraded":4,"timestamp":1521309375,"path_taken":["M","?","?","M","?","E","R","?","T","E","$","R","?","M","R","BOSS","M","?","?","?","M","R","E"],"build_version":"2018-03-15v2","purchased_purges":1,"victory":false,"master_deck":["Strike_R","Defend_R","Defend_R+1","Defend_R","Defend_R","Bash+1","Dropkick+1","Intimidate+1","Twin Strike+1","Entrench+1","Hemokinesis+1","Iron Wave","Impervious","Pommel Strike+1"],"max_hp_per_floor":[80,80,80,80,80,80,80,80,87,87,87,87,87,87,87,87,87,87,87,87,87,87,87],"relics":["Burning Blood","Ornamental Fan","Strawberry","War Paint","Runic Cube"],"card_choices":[{"not_picked":["Corruption","Fire Breathing"],"picked":"Dropkick"},{"not_picked":["Armaments","Clothesline"],"picked":"Intimidate"},{"not_picked":["Blood for Blood","Havoc"],"picked":"Twin Strike"},{"not_picked":["Demon Form","Body Slam"],"picked":"Entrench"},{"not_picked":["Clash","Headbutt"],"picked":"Hemokinesis"},{"not_picked":["Dropkick","Pommel Strike"],"picked":"Iron Wave"},{"not_picked":["Reaper","Double Tap"],"picked":"Impervious"},{"not_picked":["Dual Wield","Twin Strike"],"picked":"Pommel Strike"}],"player_experience":536556,"potions_floor_usage":[6,6,10,18,21,21,22],"damage_taken":[{"damage":1,"enemies":"Jaw Worm","floor":1,"turns":3},{"damage":0,"enemies":"Cultist","floor":4,"turns":2},{"damage":6,"enemies":"Gremlin Nob","floor":6,"turns":3},{"damage":3,"enemies":"3 Sentries","floor":10,"turns":6},{"damage":0,"enemies":"Small Slimes","floor":13,"turns":4},{"damage":7,"enemies":"3 Louse","floor":14,"turns":5},{"damage":52,"enemies":"The Guardian","floor":16,"turns":8},{"damage":12,"enemies":"Shell Parasite","floor":18,"turns":5},{"damage":26,"enemies":"Spheric Guardian","floor":19,"turns":5},{"damage":16,"enemies":"Centurion and Healer","floor":21,"turns":8},{"damage":50,"enemies":"Sentry and Sphere","floor":22,"turns":10},{"damage":20,"enemies":"Slavers","floor":24,"turns":3}],"event_choices":[{"event_name":"The Woman in Blue","player_choice":"Bought 2 Potions","floor":2,"damage_taken":0},{"event_name":"Golden Wing","player_choice":"Card Removal","floor":3,"damage_taken":0},{"event_name":"The Cleric","player_choice":"Card Removal","floor":5,"damage_taken":0},{"event_name":"Upgrade Shrine","player_choice":"Upgraded","floor":8,"damage_taken":0},{"event_name":"Beggar","player_choice":"Gave Gold","floor":20,"damage_taken":0}],"boss_relics":[{"not_picked":["Eternal Feather","Tiny House"],"picked":"Runic Cube"}],"potions_floor_spawned":[1,4,13,16,18,21],"seed_played":"7191450634709033418","killed_by":"Slavers","ascension_level":0,"is_trial":false}