{"gold_per_floor":[118,42,54,65,83,83,113,38,38,53,53,80,80,80,80,157,157,176,196,196,146,157,157,186,205,230,230,262,282,282,297,297,297],"floor_reached":33,"playtime":1061,"items_purged":[],"score":594,"play_id":"afc73ae8-5412-44ac-bcd0-1b5f4c64c3d1","local_time":"20190223163425","is_ascension_mode":true,"campfire_choices":[{"data":"Bludgeon","floor":6,"key":"SMITH"},{"data":"Bash","floor":11,"key":"SMITH"},{"data":"Metallicize","floor":13,"key":"SMITH"},{"data":"True Grit","floor":15,"key":"SMITH"},{"floor":23,"key":"REST"},{"floor":27,"key":"REST"},{"floor":30,"key":"REST"},{"floor":32,"key":"REST"}],"neow_cost":"PERCENT_DAMAGE","seed_source_timestamp":457947355089393,"circlet_count":0,"master_deck":["AscendersBane","Strike_R+1","Strike_R+1","Strike_R+1","Strike_R+1","Defend_R+1","Defend_R+1","Defend_R+1","Defend_R+1","Bash+1","Bludgeon+1","Iron Wave+1","Metallicize+1","True Grit+1","Evolve","Clothesline+1","Offering","Headbutt","Rage+1","Iron Wave","True Grit","Uppercut","Decay","Disarm","Shrug It Off"],"relics":["Burning Blood","PreservedInsect","Pantograph","Peace Pipe","Cursed Key","Bottled Tornado","Boot","Omamori"],"potions_floor_usage":[7,16,22,24,28],"damage_taken":[{"damage":9,"enemies":"Small Slimes","floor":1,"turns":5},{"damage":2,"enemies":"Jaw Worm","floor":3,"turns":2},{"damage":0,"enemies":"2 Louse","floor":4,"turns":3},{"damage":20,"enemies":"Lots of Slimes","floor":5,"turns":6},{"damage":5,"enemies":"Gremlin Nob","floor":7,"turns":3},{"damage":1,"enemies":"Blue Slaver","floor":10,"turns":5},{"damage":10,"enemies":"3 Sentries","floor":12,"turns":7},{"damage":10,"enemies":"The Guardian","floor":16,"turns":12},{"damage":24,"enemies":"3 Byrds","floor":18,"turns":10},{"damage":14,"enemies":"2 Thieves","floor":19,"turns":4},{"damage":27,"enemies":"Sentry and Sphere","floor":22,"turns":5},{"damage":30,"enemies":"Book of Stabbing","floor":24,"turns":4},{"damage":6,"enemies":"Snecko","floor":25,"turns":5},{"damage":44,"enemies":"Gremlin Leader","floor":28,"turns":6},{"damage":3,"enemies":"Snake Plant","floor":29,"turns":3},{"damage":25,"enemies":"Centurion and Healer","floor":31,"turns":6},{"damage":92,"enemies":"Collector","floor":33,"turns":9}],"seed_played":"8104527570015725875","potions_obtained":[{"floor":3,"key":"Swift Potion"},{"floor":5,"key":"Energy Potion"},{"floor":10,"key":"Fire Potion"},{"floor":12,"key":"Strength Potion"},{"floor":16,"key":"Explosive Potion"},{"floor":22,"key":"Regen Potion"},{"floor":29,"key":"SteroidPotion"}],"is_trial":false,"path_per_floor":["M","$","M","M","M","R","E","?","T","M","R","E","R","?","R","B",null,"M","M","?","?","M","R","E","M","T","R","E","M","R","M","R","B"],"character_chosen":"IRONCLAD","items_purchased":["Metallicize"],"campfire_rested":4,"item_purchase_floors":[2],"current_hp_per_floor":[47,47,51,57,43,43,44,44,44,49,49,45,45,22,22,43,67,49,41,41,41,20,42,30,30,30,52,14,17,39,20,42,0],"gold":297,"neow_bonus":"THREE_RARE_CARDS","is_prod":false,"is_daily":false,"chose_seed":false,"campfire_upgraded":4,"win_rate":0,"timestamp":1550964865,"path_taken":["M","$","M","M","M","R","E","?","T","M","R","E","R","?","R","BOSS","M","M","?","?","M","R","E","M","T","R","E","M","R","?","R","BOSS"],"build_version":"2019-02-06","purchased_purges":0,"victory":false,"max_hp_per_floor":[75,75,75,75,75,75,75,75,75,75,75,75,75,75,75,75,75,75,75,75,75,75,75,75,75,75,75,75,75,75,75,75,75],"card_choices":[{"not_picked":["Double Tap","Offering"],"picked":"Bludgeon","floor":0},{"not_picked":["Sword Boomerang","Flex"],"picked":"Iron Wave","floor":1},{"not_picked":["Fire Breathing","Anger","Rupture"],"picked":"SKIP","floor":3},{"not_picked":["Perfected Strike","Seeing Red","Bloodletting"],"picked":"SKIP","floor":4},{"not_picked":["Perfected Strike","Sever Soul","Wild Strike"],"picked":"SKIP","floor":5},{"not_picked":["Metallicize","Cleave"],"picked":"True Grit","floor":7},{"not_picked":["Anger","Heavy Blade"],"picked":"Evolve","floor":10},{"not_picked":["Sever Soul","Rupture"],"picked":"Clothesline","floor":12},{"not_picked":["Feed","Brutality"],"picked":"Offering","floor":16},{"not_picked":["Sword Boomerang","Cleave"],"picked":"Headbutt","floor":18},{"not_picked":["Flex","Reckless Charge"],"picked":"Rage+1","floor":19},{"not_picked":["Rupture","Searing Blow"],"picked":"Iron Wave","floor":22},{"not_picked":["Carnage","Blood for Blood"],"picked":"True Grit","floor":24},{"not_picked":["Perfected Strike","Rage+1"],"picked":"Uppercut","floor":25},{"not_picked":["Flex","Clash"],"picked":"Disarm","floor":28},{"not_picked":["Uppercut","Infernal Blade","Pummel"],"picked":"SKIP","floor":29},{"not_picked":["Pummel","Combust"],"picked":"Shrug It Off","floor":31}],"player_experience":1125533,"relics_obtained":[{"floor":7,"key":"PreservedInsect"},{"floor":9,"key":"Pantograph"},{"floor":12,"key":"Peace Pipe"},{"floor":24,"key":"Bottled Tornado"},{"floor":26,"key":"Boot"},{"floor":28,"key":"Omamori"}],"event_choices":[{"cards_removed":["Strike_R"],"damage_healed":0,"gold_gain":0,"player_choice":"Card Removal","damage_taken":0,"max_hp_gain":0,"max_hp_loss":0,"event_name":"The Cleric","floor":8,"gold_loss":75},{"damage_healed":0,"gold_gain":0,"player_choice":"Entered Light","damage_taken":23,"max_hp_gain":0,"max_hp_loss":0,"event_name":"Shining Light","floor":14,"gold_loss":0,"cards_upgraded":["Defend_R","Iron Wave"]},{"damage_healed":0,"gold_gain":0,"player_choice":"Simplicity","damage_taken":0,"max_hp_gain":0,"max_hp_loss":0,"event_name":"Back to Basics","floor":20,"gold_loss":0,"cards_upgraded":["Strike_R","Strike_R","Strike_R","Strike_R","Defend_R","Defend_R","Defend_R"]},{"damage_healed":0,"gold_gain":0,"player_choice":"Upgrade","damage_taken":0,"max_hp_gain":0,"max_hp_loss":0,"event_name":"Designer","floor":21,"gold_loss":50,"cards_upgraded":["Clothesline"]}],"is_beta":true,"boss_relics":[{"not_picked":["Runic Pyramid","Velvet Choker"],"picked":"Cursed Key"}],"items_purged_floors":[],"is_endless":false,"potions_floor_spawned":[3,5,10,12,16,18,22,29],"killed_by":"Collector","ascension_level":20}