{"gold_per_floor":[112,112,112,124,174,203,203,215,242,269,269,269,288,300,300,371,371,348,183,183,200,200,232,232,267,290,290,320,337,349,349],"floor_reached":31,"playtime":1741,"items_purged":["Anger"],"score":631,"play_id":"64be05c7-e9d4-4525-875a-c034434a5b14","local_time":"20190505154500","is_ascension_mode":true,"campfire_choices":[{"floor":7,"key":"REST"},{"floor":12,"key":"REST"},{"data":"True Grit","floor":15,"key":"SMITH"},{"data":"Spot Weakness","floor":24,"key":"SMITH"}],"neow_cost":"NONE","seed_source_timestamp":453442282783865,"circlet_count":0,"master_deck":["AscendersBane","Defend_R","Defend_R","Defend_R+1","Defend_R+1","Bash+1","Thunderclap","Spot Weakness+1","Metallicize","Rampage","True Grit+1","Clothesline","Reaper","Disarm+1","Flame Barrier+1","Bite","Bite","Bite","Bite","Bite","Armaments+1","Shrug It Off","Whirlwind","Disarm","Flame Barrier"],"relics":["Burning Blood","War Paint","Dream Catcher","Lantern","Potion Belt","Snecko Eye","Juzu Bracelet","Art of War","Oddly Smooth Stone","Happy Flower"],"potions_floor_usage":[16,23,28,31,31,31],"damage_taken":[{"damage":0,"enemies":"2 Louse","floor":1,"turns":3},{"damage":1,"enemies":"Small Slimes","floor":4,"turns":3},{"damage":57,"enemies":"3 Sentries","floor":6,"turns":10},{"damage":0,"enemies":"Cultist","floor":8,"turns":3},{"damage":44,"enemies":"Gremlin Nob","floor":10,"turns":5},{"damage":4,"enemies":"Looter","floor":13,"turns":4},{"damage":3,"enemies":"3 Louse","floor":14,"turns":3},{"damage":29,"enemies":"Hexaghost","floor":16,"turns":7},{"damage":39,"enemies":"2 Thieves","floor":18,"turns":4},{"damage":13,"enemies":"Spheric Guardian","floor":21,"turns":5},{"damage":22,"enemies":"Gremlin Leader","floor":23,"turns":7},{"damage":5,"enemies":"Book of Stabbing","floor":25,"turns":5},{"damage":40,"enemies":"Slavers","floor":28,"turns":5},{"damage":5,"enemies":"Snecko","floor":29,"turns":8},{"damage":8,"enemies":"Snake Plant","floor":30,"turns":5},{"damage":71,"enemies":"Gremlin Leader","floor":31,"turns":6}],"seed_played":"-115896629457128581","potions_obtained":[{"floor":8,"key":"Energy Potion"},{"floor":10,"key":"Dexterity Potion"},{"floor":13,"key":"Weak Potion"},{"floor":16,"key":"SpeedPotion"},{"floor":18,"key":"Strength Potion"},{"floor":21,"key":"Swift Potion"},{"floor":25,"key":"Strength Potion"}],"is_trial":false,"path_per_floor":["M","?","?","M","?","E","R","M","T","E","?","R","M","M","R","B",null,"M","$","?","M","?","E","R","E","T","?","E","M","M","E"],"character_chosen":"IRONCLAD","items_purchased":["Flame Barrier"],"campfire_rested":2,"item_purchase_floors":[19],"current_hp_per_floor":[74,79,79,80,80,29,53,59,59,21,14,38,40,43,43,20,65,40,40,40,39,39,56,56,56,56,56,39,56,56,0],"gold":349,"neow_bonus":"RANDOM_COMMON_RELIC","is_prod":false,"is_daily":false,"chose_seed":false,"campfire_upgraded":2,"win_rate":0,"timestamp":1557096300,"path_taken":["M","?","?","M","?","E","R","?","T","E","?","R","M","M","R","BOSS","M","$","?","M","?","E","R","E","T","?","E","M","M","E"],"build_version":"2019-04-23","purchased_purges":1,"victory":false,"max_hp_per_floor":[75,80,80,80,80,80,80,80,80,80,80,80,80,80,80,80,80,80,80,56,56,56,56,56,56,56,56,56,56,56,56],"card_choices":[{"not_picked":["True Grit","Ghostly Armor"],"picked":"Thunderclap","floor":1},{"not_picked":["Dropkick","Perfected Strike"],"picked":"Spot Weakness","floor":4},{"not_picked":["Cleave","Clash"],"picked":"Metallicize","floor":6},{"not_picked":["Pummel","Havoc"],"picked":"Rampage","floor":8},{"not_picked":["Seeing Red","Sword Boomerang"],"picked":"True Grit","floor":10},{"not_picked":["Barricade","Flex"],"picked":"Anger","floor":12},{"not_picked":["Intimidate","Twin Strike"],"picked":"Clothesline","floor":13},{"not_picked":["Flex","Wild Strike","Sword Boomerang"],"picked":"SKIP","floor":14},{"not_picked":["Limit Break","Double Tap"],"picked":"Reaper","floor":16},{"not_picked":["Cleave","Thunderclap"],"picked":"Disarm+1","floor":18},{"not_picked":["Dropkick","Wild Strike"],"picked":"Armaments+1","floor":21},{"not_picked":["Flex","Rupture"],"picked":"Shrug It Off","floor":23},{"not_picked":["Rampage","Anger"],"picked":"Whirlwind","floor":25},{"not_picked":["Shrug It Off","Flex"],"picked":"Disarm","floor":28},{"not_picked":["True Grit","Havoc+1","Headbutt+1"],"picked":"SKIP","floor":29},{"not_picked":["Armaments","Bloodletting"],"picked":"Flame Barrier","floor":30}],"player_experience":6172676,"relics_obtained":[{"floor":6,"key":"Dream Catcher"},{"floor":9,"key":"Lantern"},{"floor":10,"key":"Potion Belt"},{"floor":23,"key":"Juzu Bracelet"},{"floor":25,"key":"Art of War"},{"floor":26,"key":"Oddly Smooth Stone"},{"floor":28,"key":"Happy Flower"}],"event_choices":[{"damage_healed":0,"gold_gain":0,"player_choice":"Donut","damage_taken":0,"max_hp_gain":5,"max_hp_loss":0,"event_name":"Big Fish","floor":2,"gold_loss":0},{"damage_healed":0,"gold_gain":0,"player_choice":"Grow","damage_taken":0,"max_hp_gain":0,"max_hp_loss":0,"event_name":"Living Wall","floor":3,"gold_loss":0,"cards_upgraded":["Bash"]},{"damage_healed":0,"gold_gain":50,"player_choice":"Pray","damage_taken":0,"max_hp_gain":0,"max_hp_loss":0,"event_name":"Golden Shrine","floor":5,"gold_loss":0},{"cards_removed":["Strike_R"],"damage_healed":0,"gold_gain":0,"player_choice":"Card Removal","damage_taken":7,"max_hp_gain":0,"max_hp_loss":0,"event_name":"Golden Wing","floor":11,"gold_loss":0},{"damage_healed":0,"gold_gain":0,"player_choice":"Became a vampire","damage_taken":0,"max_hp_gain":0,"max_hp_loss":24,"event_name":"Vampires","floor":20,"gold_loss":0,"cards_obtained":["Bite","Bite","Bite","Bite","Bite"]},{"damage_healed":0,"gold_gain":0,"player_choice":"Upgraded","damage_taken":0,"max_hp_gain":0,"max_hp_loss":0,"event_name":"Upgrade Shrine","floor":22,"gold_loss":0,"cards_upgraded":["Flame Barrier"]},{"damage_healed":0,"gold_gain":0,"player_choice":"0 cards matched","damage_taken":0,"max_hp_gain":0,"max_hp_loss":0,"event_name":"Match and Keep!","floor":27,"gold_loss":0,"cards_obtained":[]}],"is_beta":true,"boss_relics":[{"not_picked":["Tiny House","Velvet Choker"],"picked":"Snecko Eye"}],"items_purged_floors":[19],"is_endless":false,"potions_floor_spawned":[8,10,13,16,18,21,25],"killed_by":"Gremlin Leader","ascension_level":20}