{"gold_per_floor":[361,208,225,225,168,168,168,168,192,224,224,237,271,283,283,283],"floor_reached":16,"playtime":504,"items_purged":["Strike_R"],"score":253,"play_id":"d3f50784-6693-4a3b-929c-cd93968f53f6","local_time":"20190201111510","is_ascension_mode":true,"campfire_choices":[{"data":"True Grit","floor":6,"key":"SMITH"},{"data":"Bash","floor":8,"key":"SMITH"},{"data":"Inflame","floor":11,"key":"SMITH"},{"data":"True Grit","floor":15,"key":"SMITH"}],"neow_cost":"TEN_PERCENT_HP_LOSS","seed_source_timestamp":180107483046191,"circlet_count":0,"master_deck":["AscendersBane","Strike_R","Strike_R","Strike_R","Defend_R","Defend_R","Defend_R","Defend_R","Bash+1","Pummel","Inflame+1","Feel No Pain","True Grit+1","Flame Barrier","True Grit+1","Shrug It Off","Twin Strike"],"special_seed":0,"relics":["Burning Blood","Art of War","Regal Pillow","Torii"],"potions_floor_usage":[10,13,13],"damage_taken":[{"damage":6,"enemies":"Cultist","floor":1,"turns":3},{"damage":2,"enemies":"2 Louse","floor":3,"turns":4},{"damage":26,"enemies":"Gremlin Nob","floor":10,"turns":4},{"damage":7,"enemies":"Small Slimes","floor":12,"turns":3},{"damage":0,"enemies":"Lagavulin","floor":13,"turns":4},{"damage":1,"enemies":"Exordium Wildlife","floor":14,"turns":6},{"damage":63,"enemies":"Hexaghost","floor":16,"turns":16}],"seed_played":"-5105434968348833017","potions_obtained":[{"floor":1,"key":"AttackPotion"},{"floor":10,"key":"FearPotion"},{"floor":12,"key":"SteroidPotion"},{"floor":13,"key":"Ancient Potion"}],"is_trial":false,"path_per_floor":["M","$","M","?","$","R","?","R","T","E","R","M","E","M","R","B"],"character_chosen":"IRONCLAD","items_purchased":["Inflame","True Grit"],"campfire_rested":0,"item_purchase_floors":[2,5],"current_hp_per_floor":[68,68,68,73,73,73,73,73,73,53,53,52,58,63,63,0],"gold":283,"neow_bonus":"TWO_FIFTY_GOLD","is_prod":false,"is_daily":false,"chose_seed":false,"campfire_upgraded":4,"win_rate":0,"timestamp":1549044910,"path_taken":["M","$","M","?","$","R","?","R","T","E","R","M","E","M","R","BOSS"],"build_version":"2019-01-23","purchased_purges":1,"victory":false,"max_hp_per_floor":[68,68,68,73,73,73,73,73,73,73,73,73,73,73,73,73],"card_choices":[{"not_picked":["Bloodletting","Carnage"],"picked":"Pummel","floor":1},{"not_picked":["Havoc","Second Wind"],"picked":"Feel No Pain","floor":3},{"not_picked":["Sword Boomerang","Twin Strike"],"picked":"Flame Barrier","floor":10},{"not_picked":["Thunderclap","Iron Wave"],"picked":"True Grit","floor":12},{"not_picked":["Cleave","Havoc"],"picked":"Shrug It Off","floor":13},{"not_picked":["Dual Wield","Rampage"],"picked":"Twin Strike","floor":14}],"player_experience":1054077,"relics_obtained":[{"floor":9,"key":"Art of War"},{"floor":10,"key":"Regal Pillow"},{"floor":13,"key":"Torii"}],"event_choices":[{"damage_healed":0,"gold_gain":0,"player_choice":"Donut","damage_taken":0,"max_hp_gain":5,"max_hp_loss":0,"event_name":"Big Fish","floor":4,"gold_loss":0},{"cards_removed":["Strike_R"],"damage_healed":0,"gold_gain":0,"player_choice":"Forget","damage_taken":0,"max_hp_gain":0,"max_hp_loss":0,"event_name":"Living Wall","floor":7,"gold_loss":0}],"is_beta":true,"boss_relics":[],"items_purged_floors":[2],"is_endless":false,"potions_floor_spawned":[1,10,12,13],"killed_by":"Hexaghost","ascension_level":18}