{"gold_per_floor":[109,33,33,33,183,222,222,14,84,108,128,161,161,181,181,276,276,300,323,20,20,36,36,36],"floor_reached":24,"playtime":741,"items_purged":["Doubt"],"score":558,"play_id":"47ba6d74-1976-4ede-b034-e21c6ef3e561","local_time":"20190407024629","is_ascension_mode":true,"campfire_choices":[{"data":"Combust","floor":7,"key":"SMITH"},{"data":"Bash","floor":15,"key":"SMITH"},{"floor":23,"key":"REST"}],"neow_cost":"NONE","seed_source_timestamp":491385842476086,"circlet_count":0,"master_deck":["AscendersBane","Strike_R","Strike_R","Strike_R","Strike_R","Strike_R","Defend_R","Defend_R+1","Defend_R","Defend_R","Bash+1","Hemokinesis+1","Combust+1","Shrug It Off","Metallicize","Clothesline","Rupture","Metallicize","Uppercut+1","Sword Boomerang+1","Limit Break","Body Slam+1","Pommel Strike+1","Flame Barrier","Limit Break"],"relics":["Burning Blood","NeowsBlessing","Golden Idol","Red Skull","Molten Egg 2","Eternal Feather","Brimstone","NlothsMask"],"potions_floor_usage":[14,18,19,24],"damage_taken":[{"damage":0,"enemies":"2 Louse","floor":1,"turns":2},{"damage":0,"enemies":"3 Sentries","floor":6,"turns":1},{"damage":0,"enemies":"Small Slimes","floor":10,"turns":2},{"damage":11,"enemies":"Jaw Worm","floor":11,"turns":4},{"damage":18,"enemies":"Lagavulin","floor":12,"turns":8},{"damage":7,"enemies":"Red Slaver","floor":14,"turns":2},{"damage":6,"enemies":"Slime Boss","floor":16,"turns":4},{"damage":36,"enemies":"2 Thieves","floor":18,"turns":4},{"damage":18,"enemies":"Spheric Guardian","floor":19,"turns":4},{"damage":12,"enemies":"3 Cultists","floor":22,"turns":3},{"damage":64,"enemies":"Slavers","floor":24,"turns":3}],"seed_played":"-3970402415891714145","potions_obtained":[{"floor":1,"key":"Ancient Potion"},{"floor":11,"key":"EssenceOfSteel"},{"floor":14,"key":"FearPotion"},{"floor":22,"key":"Energy Potion"}],"is_trial":false,"path_per_floor":["M","$","?","?","?","E","R","$","T","M","M","E","?","M","R","B",null,"M","M","$","?","M","R","E"],"character_chosen":"IRONCLAD","items_purchased":["Combust","Metallicize","Clothesline","Brimstone","Flame Barrier"],"campfire_rested":1,"item_purchase_floors":[2,8,8,20,20],"current_hp_per_floor":[74,74,74,48,48,54,54,54,54,60,55,43,20,19,19,19,61,31,19,19,19,13,50,0],"gold":36,"neow_bonus":"THREE_ENEMY_KILL","is_prod":false,"is_daily":false,"chose_seed":false,"campfire_upgraded":2,"win_rate":0,"timestamp":1554619589,"path_taken":["M","$","?","?","?","E","R","?","T","M","?","E","?","M","R","BOSS","M","M","$","?","M","R","E"],"build_version":"2019-01-23","purchased_purges":1,"victory":false,"max_hp_per_floor":[75,75,75,75,75,75,75,75,75,75,75,75,75,75,75,75,75,75,75,75,75,75,75,75],"card_choices":[{"not_picked":["Thunderclap","Body Slam"],"picked":"Hemokinesis","floor":1},{"not_picked":["Dual Wield","Searing Blow"],"picked":"Shrug It Off","floor":6},{"not_picked":["Perfected Strike","Flex"],"picked":"Rupture","floor":10},{"not_picked":["Barricade","Spot Weakness"],"picked":"Metallicize","floor":11},{"not_picked":["Blood for Blood","Inflame"],"picked":"Uppercut","floor":12},{"not_picked":["Anger+1","Flex"],"picked":"Sword Boomerang+1","floor":14},{"not_picked":["Fiend Fire+1","Bludgeon+1"],"picked":"Limit Break","floor":16},{"not_picked":["Sword Boomerang+1","Havoc"],"picked":"Body Slam+1","floor":18},{"not_picked":["Sever Soul+1","Sword Boomerang+1"],"picked":"Pommel Strike+1","floor":19},{"not_picked":["Shrug It Off","Cleave+1"],"picked":"Limit Break","floor":22}],"player_experience":1681829,"relics_obtained":[{"floor":6,"key":"Red Skull"},{"floor":12,"key":"Molten Egg 2"}],"event_choices":[{"damage_healed":0,"gold_gain":0,"player_choice":"Leave","damage_taken":0,"max_hp_gain":0,"max_hp_loss":0,"event_name":"The Cleric","floor":3,"gold_loss":0},{"damage_healed":0,"gold_gain":0,"player_choice":"Take Damage","damage_taken":26,"relics_obtained":["Golden Idol"],"max_hp_gain":0,"max_hp_loss":0,"event_name":"Golden Idol","floor":4,"gold_loss":0},{"damage_healed":0,"gold_gain":150,"player_choice":"AGREE","damage_taken":0,"max_hp_gain":0,"max_hp_loss":0,"event_name":"Liars Game","floor":5,"gold_loss":0,"cards_obtained":["Doubt"]},{"damage_healed":0,"gold_gain":0,"player_choice":"Entered Light","damage_taken":23,"max_hp_gain":0,"max_hp_loss":0,"event_name":"Shining Light","floor":13,"gold_loss":0,"cards_upgraded":["Defend_R","Hemokinesis"]},{"damage_healed":0,"gold_gain":0,"player_choice":"Trade","damage_taken":0,"relics_obtained":["NlothsMask"],"max_hp_gain":0,"max_hp_loss":0,"event_name":"FaceTrader","floor":21,"gold_loss":0}],"is_beta":false,"boss_relics":[{"not_picked":["Pandora\u0027s Box","White Beast Statue"],"picked":"Eternal Feather"}],"items_purged_floors":[8],"is_endless":false,"potions_floor_spawned":[1,11,12,14,22],"killed_by":"Slavers","ascension_level":20}