{"gold_per_floor":[109,121,137,137,151,151,179,179,179,73,92,119,119,148,148,220,220,233,253,288,288,38,38,55,55,55,71,71,71,87,87,87,158,158,177,193,293,293,19,19,71,71,71,71,71],"floor_reached":45,"playtime":1906,"items_purged":["Strike_G","Strike_G"],"score":983,"play_id":"9045b8d7-b617-45cd-84f2-553a7cb6f422","local_time":"20181228180546","is_ascension_mode":true,"campfire_choices":[{"data":"Neutralize","floor":6.0,"key":"SMITH"},{"floor":8.0,"key":"REST"},{"floor":13.0,"key":"REST"},{"floor":15.0,"key":"REST"},{"floor":23.0,"key":"REST"},{"data":"Footwork","floor":25.0,"key":"SMITH"},{"data":"Footwork","floor":28.0,"key":"SMITH"},{"data":"Well Laid Plans","floor":32.0,"key":"SMITH"},{"floor":40.0,"key":"RECALL"},{"floor":42.0,"key":"REST"},{"floor":44.0,"key":"REST"}],"neow_cost":"NONE","seed_source_timestamp":457108495307097,"circlet_count":0,"master_deck":["AscendersBane","Defend_G","Defend_G","Defend_G","Defend_G","Defend_G","Strike_G","Strike_G","Survivor","Neutralize+1","Dagger Spray","Poisoned Stab","Footwork+1","Sucker Punch+1","Noxious Fumes","Dagger Spray+1","Noxious Fumes","Heel Hook+1","Adrenaline","Well Laid Plans+1","Backflip+1","Dash+1","Dash+1","Shame","Footwork+1","Sucker Punch+1","Footwork+1","Adrenaline","Footwork+1","PiercingWail","Blur","Bandage Up","Deflect","Parasite"],"special_seed":0,"relics":["Ring of the Snake","Pen Nib","Juzu Bracelet","Molten Egg 2","MawBank","Pantograph","Letter Opener","Cursed Key","Red Mask","Oddly Smooth Stone","Kunai","Sozu","Shovel","Girya"],"potions_floor_usage":[],"damage_taken":[{"damage":1.0,"enemies":"Small Slimes","floor":1.0,"turns":4.0},{"damage":0.0,"enemies":"Cultist","floor":2.0,"turns":3.0},{"damage":11.0,"enemies":"Jaw Worm","floor":3.0,"turns":6.0},{"damage":6.0,"enemies":"Red Slaver","floor":5.0,"turns":4.0},{"damage":25.0,"enemies":"3 Sentries","floor":7.0,"turns":9.0},{"damage":0.0,"enemies":"3 Louse","floor":11.0,"turns":4.0},{"damage":28.0,"enemies":"Gremlin Nob","floor":12.0,"turns":5.0},{"damage":10.0,"enemies":"Lagavulin","floor":14.0,"turns":7.0},{"damage":50.0,"enemies":"Slime Boss","floor":16.0,"turns":9.0},{"damage":11.0,"enemies":"3 Byrds","floor":18.0,"turns":2.0},{"damage":16.0,"enemies":"Spheric Guardian","floor":19.0,"turns":4.0},{"damage":0.0,"enemies":"Masked Bandits","floor":20.0,"turns":2.0},{"damage":0.0,"enemies":"Snake Plant","floor":24.0,"turns":5.0},{"damage":11.0,"enemies":"Snecko","floor":27.0,"turns":8.0},{"damage":0.0,"enemies":"3 Cultists","floor":30.0,"turns":4.0},{"damage":0.0,"enemies":"Collector","floor":33.0,"turns":11.0},{"damage":0.0,"enemies":"3 Shapes","floor":35.0,"turns":4.0},{"damage":12.0,"enemies":"3 Darklings","floor":36.0,"turns":5.0},{"damage":16.0,"enemies":"Mind Bloom Boss Battle","floor":37.0,"turns":8.0},{"damage":39.0,"enemies":"2 Orb Walkers","floor":41.0,"turns":7.0},{"damage":78,"enemies":"Reptomancer","floor":45,"turns":4}],"seed_played":"-2407536515175133271","potions_obtained":[{"floor":7.0,"key":"SpeedPotion"},{"floor":11.0,"key":"FairyPotion"},{"floor":12.0,"key":"LiquidBronze"},{"floor":19.0,"key":"PowerPotion"},{"floor":24.0,"key":"GamblersBrew"}],"is_trial":false,"path_per_floor":["M","M","M","?","M","R","E","R","T","$","M","E","R","E","R","B",null,"M","M","?","?","$","R","M","R","T","M","R","?","M","?","R","B",null,"M","M","?","?","$","R","?","R","T","R"],"character_chosen":"THE_SILENT","items_purchased":["Noxious Fumes","Oddly Smooth Stone","Dash+1","Blur","Bandage Up"],"campfire_rested":6,"item_purchase_floors":[10,22,22,39,39],"current_hp_per_floor":[58,58,47,47,41,41,16,35,35,35,35,7,26,16,35,10,52,41,25,25,25,25,44,44,44,44,33,33,33,33,33,33,58,64,64,52,50,50,50,50,15,34,34,53,0],"gold":71,"neow_bonus":"RANDOM_COMMON_RELIC","is_prod":false,"is_daily":false,"chose_seed":false,"campfire_upgraded":4,"win_rate":0,"timestamp":1546045546,"path_taken":["M","M","M","?","M","R","E","R","T","$","M","E","R","E","R","BOSS","M","M","?","?","$","R","M","R","T","M","R","?","M","?","R","BOSS","M","M","?","?","$","R","?","R","T","R","E"],"build_version":"2018-12-25","purchased_purges":2,"victory":false,"max_hp_per_floor":[66,66,66,66,66,66,66,66,66,66,66,66,66,66,66,66,66,66,66,66,66,66,66,66,66,66,66,66,66,66,66,66,66,66,66,66,66,66,66,66,66,66,66,66,66],"card_choices":[{"not_picked":["Flying Knee","Backflip"],"picked":"Dagger Spray","floor":1.0},{"not_picked":["Concentrate","Slice"],"picked":"Quick Slash","floor":2.0},{"not_picked":["PiercingWail","Crippling Poison"],"picked":"Poisoned Stab","floor":3.0},{"not_picked":["Deadly Poison","Eviscerate"],"picked":"Footwork","floor":5.0},{"not_picked":["Doppelganger","Quick Slash"],"picked":"Sucker Punch","floor":7.0},{"not_picked":["Blade Dance","Accuracy"],"picked":"Dagger Spray+1","floor":11.0},{"not_picked":["Deadly Poison","Flying Knee+1"],"picked":"Noxious Fumes","floor":12.0},{"not_picked":["Endless Agony+1","Deflect"],"picked":"Heel Hook+1","floor":14.0},{"not_picked":["Wraith Form v2","Die Die Die+1"],"picked":"Adrenaline","floor":16.0},{"not_picked":["Outmaneuver","Poisoned Stab+1","Deadly Poison"],"picked":"SKIP","floor":18.0},{"not_picked":["Predator+1","Outmaneuver"],"picked":"Well Laid Plans","floor":19.0},{"not_picked":["Endless Agony+1","Masterful Stab+1"],"picked":"Backflip+1","floor":20.0},{"not_picked":["Backflip","Bane+1"],"picked":"Dash+1","floor":24.0},{"not_picked":["Setup+1","All Out Attack+1"],"picked":"Footwork","floor":27.0},{"not_picked":["Heel Hook+1","Masterful Stab+1"],"picked":"Sucker Punch+1","floor":30.0},{"not_picked":["Corpse Explosion","A Thousand Cuts"],"picked":"Adrenaline","floor":33.0},{"not_picked":["Underhanded Strike+1","Setup"],"picked":"Footwork+1","floor":35.0},{"not_picked":["Poisoned Stab+1","Underhanded Strike+1"],"picked":"PiercingWail","floor":36.0},{"not_picked":["Calculated Gamble+1","Quick Slash+1"],"picked":"Deflect","floor":41.0}],"player_experience":1006028,"relics_obtained":[{"floor":7.0,"key":"Molten Egg 2"},{"floor":9.0,"key":"MawBank"},{"floor":12.0,"key":"Pantograph"},{"floor":14.0,"key":"Letter Opener"},{"floor":20.0,"key":"Red Mask"},{"floor":26.0,"key":"Kunai"},{"floor":37.0,"key":"Shovel"},{"floor":41.0,"key":"Girya"}],"event_choices":[{"cards_removed":["Quick Slash"],"damage_healed":0.0,"max_hp_gain":0.0,"max_hp_loss":0.0,"gold_gain":0.0,"event_name":"WeMeetAgain","player_choice":"Gave Card","floor":4.0,"gold_loss":0.0,"damage_taken":0.0,"relics_obtained":["Juzu Bracelet"]},{"damage_healed":0.0,"max_hp_gain":0.0,"max_hp_loss":0.0,"gold_gain":0.0,"event_name":"Masked Bandits","player_choice":"Fought Bandits","floor":20.0,"gold_loss":0.0,"damage_taken":0.0},{"cards_removed":["Strike_G"],"damage_healed":0.0,"max_hp_gain":0.0,"max_hp_loss":0.0,"gold_gain":0.0,"event_name":"Purifier","player_choice":"Purged","floor":21.0,"gold_loss":0.0,"damage_taken":0.0},{"damage_healed":0.0,"max_hp_gain":0.0,"max_hp_loss":0.0,"gold_gain":0.0,"event_name":"Beggar","player_choice":"Ignored","floor":29.0,"gold_loss":0.0,"damage_taken":0.0},{"damage_healed":0.0,"max_hp_gain":0.0,"max_hp_loss":0.0,"gold_gain":0.0,"event_name":"Duplicator","player_choice":"Copied","floor":31.0,"gold_loss":0.0,"damage_taken":0.0,"cards_obtained":["Footwork"]},{"damage_healed":0.0,"max_hp_gain":0.0,"max_hp_loss":0.0,"gold_gain":0.0,"event_name":"MindBloom","player_choice":"Fight","floor":37.0,"gold_loss":0.0,"damage_taken":0.0},{"damage_healed":0.0,"max_hp_gain":0.0,"max_hp_loss":0.0,"gold_gain":0.0,"event_name":"Match and Keep!","player_choice":"0 cards matched","floor":38.0,"gold_loss":0.0,"damage_taken":0.0,"cards_obtained":[]},{"damage_healed":0.0,"max_hp_gain":0.0,"max_hp_loss":0.0,"gold_gain":0.0,"event_name":"Mysterious Sphere","player_choice":"Fight","floor":41.0,"gold_loss":0.0,"damage_taken":0.0}],"is_beta":true,"boss_relics":[{"not_picked":["White Beast Statue","Philosopher\u0027s Stone"],"picked":"Cursed Key"},{"not_picked":["Orrery","WristBlade"],"picked":"Sozu"}],"items_purged_floors":[10,39],"is_endless":false,"potions_floor_spawned":[7,11,12,16,19,24,27,33,36],"killed_by":"Reptomancer","ascension_level":20}