{"gold_per_floor":[109,109,109,125,4,4,4,25,79,79,122,197,215,255,255,344,344,362,2,2,2,14,14,46,46,46,72,1,1,20,20,20,96,96,113,132,106,106,124,153,153,153,153,153,171,187,214,64,64,64],"floor_reached":51,"playtime":2634,"items_purged":["Strike_G","Venomology"],"score":1361,"play_id":"47ba07b0-5905-4b1d-bd43-053854931afa","local_time":"20180809211041","is_ascension_mode":true,"campfire_choices":[{"data":"Neutralize","floor":6,"key":"SMITH"},{"data":"Cloak And Dagger","floor":10,"key":"SMITH"},{"data":"Dodge and Roll","floor":15,"key":"SMITH"},{"floor":23,"key":"REST"},{"floor":25,"key":"REST"},{"floor":32,"key":"REST"},{"data":"Apotheosis","floor":41,"key":"SMITH"},{"data":"Footwork","floor":44,"key":"SMITH"},{"floor":49,"key":"REST"}],"neow_cost":"TEN_PERCENT_HP_LOSS","seed_source_timestamp":363241073445151,"circlet_count":0,"master_deck":["Defend_G","Defend_G","Defend_G","Defend_G","Defend_G","Strike_G","Strike_G","Strike_G","Strike_G","Survivor","Neutralize+1","AscendersBane","Dodge and Roll+1","Underhanded Strike+1","Dagger Throw+1","Cloak And Dagger+1","Poisoned Stab+1","PiercingWail","Crippling Poison","Calculated Gamble+1","Apotheosis+1","Infinite Blades","Deflect","Footwork+1","Escape Plan","Deflect","Neutralize+1","After Image","Cloak And Dagger","Dodge and Roll"],"relics":["Ring of the Snake","Unceasing Top","Molten Egg 2","Bloody Idol","Gambling Chip","Bag of Marbles","Happy Flower","Ginger","Sozu","Nilry\u0027s Codex","Matryoshka","Pear","Bottled Tornado","Potion Belt","Runic Dome","Turnip","Darkstone Periapt","Tingsha","Dodecahedron","Strawberry"],"potions_floor_usage":[16,27],"damage_taken":[{"damage":1,"enemies":"Cultist","floor":1,"turns":4},{"damage":4,"enemies":"Small Slimes","floor":4,"turns":6},{"damage":0,"enemies":"2 Louse","floor":8,"turns":2},{"damage":5,"enemies":"Gremlin Nob","floor":11,"turns":3},{"damage":0,"enemies":"Looter","floor":13,"turns":1},{"damage":9,"enemies":"3 Sentries","floor":14,"turns":8},{"damage":7,"enemies":"The Guardian","floor":16,"turns":12},{"damage":10,"enemies":"3 Byrds","floor":18,"turns":5},{"damage":0,"enemies":"Chosen","floor":22,"turns":4},{"damage":21,"enemies":"Book of Stabbing","floor":24,"turns":8},{"damage":6,"enemies":"Slavers","floor":27,"turns":6},{"damage":6,"enemies":"Centurion and Healer","floor":30,"turns":5},{"damage":29,"enemies":"Collector","floor":33,"turns":14},{"damage":14,"enemies":"3 Darklings","floor":35,"turns":8},{"damage":0,"enemies":"3 Shapes","floor":36,"turns":7},{"damage":0,"enemies":"Maw","floor":39,"turns":9},{"damage":11,"enemies":"Nemesis","floor":40,"turns":12},{"damage":9,"enemies":"Jaw Worm Horde","floor":45,"turns":6},{"damage":7,"enemies":"Sphere and 2 Shapes","floor":46,"turns":6},{"damage":36,"enemies":"2 Orb Walkers","floor":47,"turns":7},{"damage":0,"enemies":"Awakened One","floor":50,"turns":28}],"seed_played":"-8127368870567862441","potions_obtained":[{"floor":1,"key":"Dexterity Potion"},{"floor":13,"key":"Strength Potion"}],"is_trial":false,"path_per_floor":["M","?","?","M","$","R","T","M","T","R","E","?","M","E","R","B",null,"M","$","?","?","M","R","E","R","T","E","$","?","M","?","R","B",null,"M","M","$","?","M","E","R","?","T","R","M","M","E","$","R","B"],"character_chosen":"THE_SILENT","items_purchased":["Dagger Throw+1","Apotheosis","Infinite Blades","Escape Plan","Cloak And Dagger","Strawberry"],"campfire_rested":4,"item_purchase_floors":[5,19,19,28,37,48],"current_hp_per_floor":[58,53,53,49,49,49,49,49,49,49,44,33,33,24,24,17,45,35,35,35,14,19,35,19,35,45,44,44,44,43,43,62,38,58,49,54,54,54,59,53,53,64,64,64,60,58,27,34,55,55],"gold":64,"neow_bonus":"ONE_RARE_RELIC","is_prod":false,"is_daily":false,"chose_seed":false,"campfire_upgraded":5,"win_rate":0,"timestamp":1533874241,"path_taken":["M","?","?","M","$","R","?","M","T","R","E","?","M","E","R","BOSS","M","$","?","?","M","R","E","R","T","E","?","?","M","?","R","BOSS","M","M","$","?","?","E","R","?","T","R","M","?","E","$","R","BOSS"],"build_version":"2018-08-08","purchased_purges":2,"victory":true,"max_hp_per_floor":[60,60,54,54,54,54,54,54,54,54,54,54,54,54,54,54,54,54,54,54,54,54,54,54,54,64,64,64,64,64,64,64,64,64,64,64,64,64,64,64,64,64,64,64,64,64,64,71,71,71],"card_choices":[{"not_picked":["Finisher","Backflip"],"picked":"Dodge and Roll","floor":1},{"not_picked":["Blur","Prepared"],"picked":"Underhanded Strike+1","floor":4},{"not_picked":["Masterful Stab+1","Finisher+1"],"picked":"Cloak And Dagger","floor":8},{"not_picked":["Acrobatics","Quick Slash+1"],"picked":"Poisoned Stab+1","floor":11},{"not_picked":["Blade Dance","Finisher+1"],"picked":"PiercingWail","floor":13},{"not_picked":["Prepared","Expertise"],"picked":"Crippling Poison","floor":14},{"not_picked":["Storm of Steel","Night Terror"],"picked":"Venomology","floor":16},{"not_picked":["Distraction","Underhanded Strike+1"],"picked":"Calculated Gamble+1","floor":18},{"not_picked":["Quick Slash+1","Finisher+1"],"picked":"Deflect","floor":22},{"not_picked":["Dagger Spray+1","Choke+1"],"picked":"Footwork","floor":24},{"not_picked":["Quick Slash+1","Dagger Throw+1","Outmaneuver"],"picked":"SKIP","floor":27},{"not_picked":["Flying Knee+1","Terror"],"picked":"Deflect","floor":30},{"not_picked":["Burst","Die Die Die+1"],"picked":"After Image","floor":33},{"not_picked":["Riddle With Holes+1","Finisher+1","Quick Slash+1"],"picked":"SKIP","floor":35},{"not_picked":["Accuracy+1","Predator+1","Concentrate"],"picked":"SKIP","floor":36},{"not_picked":["Slice+1","Riddle With Holes+1","Underhanded Strike+1"],"picked":"SKIP","floor":39},{"not_picked":["Acrobatics","Quick Slash+1","Bane+1"],"picked":"SKIP","floor":40},{"not_picked":["Skewer+1","Poisoned Stab+1","Bane+1"],"picked":"SKIP","floor":45},{"not_picked":["Reflex+1","Accuracy+1"],"picked":"Dodge and Roll","floor":46},{"not_picked":["Backflip","Bane+1","Skewer+1"],"picked":"SKIP","floor":47}],"player_experience":864503,"relics_obtained":[{"floor":7,"key":"Gambling Chip"},{"floor":9,"key":"Bag of Marbles"},{"floor":11,"key":"Happy Flower"},{"floor":14,"key":"Ginger"},{"floor":21,"key":"Nilry\u0027s Codex"},{"floor":24,"key":"Matryoshka"},{"floor":26,"key":"Pear"},{"floor":26,"key":"Bottled Tornado"},{"floor":27,"key":"Potion Belt"},{"floor":40,"key":"Turnip"},{"floor":43,"key":"Darkstone Periapt"},{"floor":43,"key":"Tingsha"},{"floor":47,"key":"Dodecahedron"}],"event_choices":[{"event_name":"Scrap Ooze","player_choice":"success","floor":2,"damage_taken":5},{"event_name":"Golden Idol","player_choice":"Lose Max HP","floor":3,"damage_taken":0},{"event_name":"World of Goop","player_choice":"Gather Gold","floor":12,"damage_taken":0},{"event_name":"Forgotten Altar","player_choice":"Gave Idol","floor":20,"damage_taken":0},{"event_name":"Cursed Tome","player_choice":"Obtained Book","floor":21,"damage_taken":0},{"event_name":"Addict","player_choice":"Ignored","floor":29,"damage_taken":0},{"event_name":"Match and Keep!","player_choice":"1 cards matched","floor":31,"damage_taken":0},{"event_name":"Tomb of Lord Red Mask","player_choice":"Ignored","floor":38,"damage_taken":0},{"event_name":"Wheel of Change","player_choice":"Full Heal","floor":42,"damage_taken":0}],"is_beta":true,"boss_relics":[{"not_picked":["Eternal Feather","Ectoplasm"],"picked":"Sozu"},{"not_picked":["Philosopher\u0027s Stone","Empty Cage"],"picked":"Runic Dome"}],"items_purged_floors":[5,19],"is_endless":false,"potions_floor_spawned":[1,13,18,24,27,35,39,40,46],"ascension_level":15}