{"gold_per_floor":[99,99,99,99,99,99,99,99,99,99,99],"floor_reached":11,"playtime":442,"items_purged":[],"score":146,"play_id":"1573dd27-0133-410f-8369-6a4feb181950","local_time":"20190413001311","is_ascension_mode":true,"campfire_choices":[{"data":"Skewer","floor":6,"key":"SMITH"},{"data":"Neutralize","floor":8,"key":"SMITH"},{"data":"Dagger Spray","floor":10,"key":"SMITH"}],"neow_cost":"NONE","seed_source_timestamp":107308234984042,"circlet_count":0,"master_deck":["AscendersBane","Defend_G","Defend_G","Defend_G","Defend_G","Defend_G","Strike_G+1","Strike_G+1","Strike_G","Strike_G","Strike_G","Survivor","Neutralize+1","Dagger Spray+1","Skewer+1","Cloak And Dagger","Blur","Deflect"],"relics":["Ectoplasm","Whetstone"],"potions_floor_usage":[11,11],"damage_taken":[{"damage":8,"enemies":"Small Slimes","floor":1,"turns":5},{"damage":2,"enemies":"Cultist","floor":2,"turns":4},{"damage":6,"enemies":"2 Louse","floor":3,"turns":3},{"damage":10,"enemies":"Exordium Thugs","floor":5,"turns":5},{"damage":11,"enemies":"3 Sentries","floor":7,"turns":7},{"damage":41,"enemies":"Gremlin Nob","floor":11,"turns":4}],"seed_played":"5833314190212347385","potions_obtained":[{"floor":1,"key":"SkillPotion"},{"floor":4,"key":"Block Potion"},{"floor":4,"key":"PowerPotion"},{"floor":5,"key":"AttackPotion"}],"is_trial":false,"path_per_floor":["M","M","M","?","M","R","E","R","T","R","E"],"character_chosen":"THE_SILENT","items_purchased":[],"campfire_rested":0,"item_purchase_floors":[],"current_hp_per_floor":[51,49,43,43,33,33,22,22,22,22,0],"gold":99,"neow_bonus":"BOSS_RELIC","is_prod":false,"is_daily":false,"chose_seed":false,"campfire_upgraded":3,"win_rate":0,"timestamp":1555128791,"path_taken":["M","M","M","?","M","R","E","R","T","R","E"],"build_version":"2019-01-23","purchased_purges":0,"victory":false,"max_hp_per_floor":[66,66,66,66,66,66,66,66,66,66,66],"card_choices":[{"not_picked":["Backflip","Acrobatics"],"picked":"Dagger Spray","floor":1},{"not_picked":["Quick Slash","Endless Agony"],"picked":"Skewer","floor":2},{"not_picked":["Dodge and Roll","Acrobatics"],"picked":"Cloak And Dagger","floor":3},{"not_picked":["Quick Slash","Flying Knee"],"picked":"Blur","floor":5},{"not_picked":["Outmaneuver","Slice"],"picked":"Deflect","floor":7}],"player_experience":1834364,"relics_obtained":[{"floor":7,"key":"Whetstone"}],"event_choices":[{"damage_healed":0,"gold_gain":0,"player_choice":"Got Potions","damage_taken":0,"max_hp_gain":0,"max_hp_loss":0,"event_name":"Lab","floor":4,"gold_loss":0}],"is_beta":false,"boss_relics":[],"items_purged_floors":[],"is_endless":false,"potions_floor_spawned":[1,5,7],"killed_by":"Gremlin Nob","ascension_level":20}