{"gold_per_floor":[116,116,116,116,133,168,89,89,116,136,136,469,486,178,178,252,252,271,271,271,191,90,90,70,82,82,22,22,22,37,53,53,130,130,147,162,162,162,177,177,191,7,7,7],"floor_reached":44,"playtime":1375,"items_purged":[],"score":772,"play_id":"52587b78-6900-466a-be5d-9cbb35dd17a4","local_time":"20180917224519","is_ascension_mode":true,"campfire_choices":[{"data":"Zap","floor":8,"key":"SMITH"},{"data":"Defragment","floor":11,"key":"SMITH"},{"data":"Defragment","floor":15,"key":"SMITH"},{"data":"Dualcast","floor":23,"key":"SMITH"},{"floor":29,"key":"REST"},{"floor":32,"key":"REST"},{"data":"White Noise","floor":40,"key":"SMITH"}],"neow_cost":"NONE","seed_source_timestamp":256839811498129,"circlet_count":0,"master_deck":["Strike_B+1","Defend_B","Defend_B+1","Defend_B","Defend_B","Zap+1","Dualcast+1","AscendersBane","Auto Shields+1","Redo+1","Sweeping Beam","Coolheaded","Defragment+1","Defragment+1","Creative AI","All For One","Echo Form","Coolheaded","Gash","Glacier","Conserve Battery","Cold Snap","Stack+1","White Noise+1","Ball Lightning","Coolheaded+1","Stack","Leap+1","FTL"],"relics":["Cracked Core","NeowsBlessing","Vajra","Centennial Puzzle","Old Coin","Blood Vial","Inserter","Boot","The Courier","Coffee Dripper","Ice Cream","War Paint","Mercury Hourglass"],"potions_floor_usage":[12,16,33,33,35],"damage_taken":[{"damage":0,"enemies":"2 Louse","floor":1,"turns":1},{"damage":0,"enemies":"Cultist","floor":5,"turns":1},{"damage":0,"enemies":"Gremlin Nob","floor":6,"turns":1},{"damage":0,"enemies":"Jaw Worm","floor":10,"turns":3},{"damage":10,"enemies":"3 Sentries","floor":12,"turns":6},{"damage":0,"enemies":"3 Louse","floor":13,"turns":3},{"damage":19,"enemies":"Slime Boss","floor":16,"turns":7},{"damage":1,"enemies":"Chosen","floor":18,"turns":5},{"damage":10,"enemies":"2 Thieves","floor":24,"turns":5},{"damage":13,"enemies":"3 Cultists","floor":25,"turns":6},{"damage":13,"enemies":"Colosseum Slavers","floor":28,"turns":6},{"damage":14,"enemies":"Cultist and Chosen","floor":30,"turns":9},{"damage":16,"enemies":"Snake Plant","floor":31,"turns":4},{"damage":38,"enemies":"Automaton","floor":33,"turns":11},{"damage":7,"enemies":"3 Shapes","floor":35,"turns":6},{"damage":10,"enemies":"Orb Walker","floor":36,"turns":4},{"damage":0,"enemies":"Mind Bloom Boss Battle","floor":38,"turns":9},{"damage":9,"enemies":"Spire Growth","floor":39,"turns":6},{"damage":31,"enemies":"Sphere and 2 Shapes","floor":41,"turns":6},{"damage":10,"enemies":"Jaw Worm Horde","floor":44,"turns":2}],"seed_played":"-9054508754686230052","potions_obtained":[{"floor":5,"key":"GamblersBrew"},{"floor":10,"key":"FocusPotion"},{"floor":12,"key":"FocusPotion"},{"floor":16,"key":"EntropicBrew"},{"floor":18,"key":"EssenceOfSteel"},{"floor":36,"key":"Ancient Potion"}],"is_trial":false,"path_per_floor":["M","?","?","?","M","E","$","R","T","M","R","E","M","$","R","B",null,"M","?","?","$","$","R","M","M","T","?","?","R","M","M","R","B",null,"M","M","?","?","M","R","M","$","T"],"character_chosen":"DEFECT","items_purchased":["Defragment","All For One","Blood Vial","Glacier","Conserve Battery","Cold Snap","FTL","War Paint"],"campfire_rested":2,"item_purchase_floors":[7,14,14,21,22,22,42,42],"current_hp_per_floor":[64,64,43,36,36,36,36,36,36,36,36,26,26,26,26,9,56,57,57,57,57,57,57,49,38,38,38,27,48,36,22,43,7,55,50,42,42,44,37,37,8,8,8,0],"gold":7,"neow_bonus":"THREE_ENEMY_KILL","is_prod":false,"is_daily":false,"chose_seed":false,"campfire_upgraded":5,"win_rate":0,"timestamp":1537249519,"path_taken":["M","?","?","?","M","E","$","R","T","M","R","E","M","?","R","BOSS","M","?","?","?","$","R","M","?","T","?","?","R","M","M","R","BOSS","M","M","?","?","M","R","M","$","T","M"],"build_version":"2018-09-17","purchased_purges":0,"victory":false,"max_hp_per_floor":[71,71,71,71,71,71,71,71,71,71,71,71,71,71,71,71,71,71,71,71,71,71,71,71,71,71,71,71,71,71,71,71,71,71,71,71,71,71,71,71,71,71,71,71],"card_choices":[{"not_picked":["Gash","Beam Cell"],"picked":"Auto Shields","floor":1},{"not_picked":["Barrage","Turbo"],"picked":"Sweeping Beam","floor":5},{"not_picked":["Rip and Tear","Hologram"],"picked":"Coolheaded","floor":6},{"not_picked":["Streamline","Coolheaded"],"picked":"Defragment","floor":10},{"not_picked":["Recycle","Hello World"],"picked":"Creative AI","floor":12},{"not_picked":["Barrage","Streamline","Self Repair"],"picked":"SKIP","floor":13},{"not_picked":["Creative AI","Hyperbeam"],"picked":"Echo Form","floor":16},{"not_picked":["Leap","Heatsinks"],"picked":"Coolheaded","floor":18},{"not_picked":["Sweeping Beam+1","Gash"],"picked":"Stack","floor":24},{"not_picked":["Hello World","Rebound"],"picked":"White Noise","floor":25},{"not_picked":["Gash","Go for the Eyes"],"picked":"Ball Lightning","floor":30},{"not_picked":["Rebound","Static Discharge","Gash"],"picked":"SKIP","floor":31},{"not_picked":["Cold Snap","Gash+1","Rebound+1"],"picked":"SKIP","floor":35},{"not_picked":["Double Energy","Stack"],"picked":"Coolheaded+1","floor":36},{"not_picked":["Turbo","Steam"],"picked":"Stack","floor":38},{"not_picked":["Turbo","Streamline","Ball Lightning+1"],"picked":"SKIP","floor":39},{"not_picked":["Reinforced Body","Amplify"],"picked":"Leap+1","floor":41}],"player_experience":923429,"relics_obtained":[{"floor":6,"key":"Vajra"},{"floor":9,"key":"Centennial Puzzle"},{"floor":12,"key":"Old Coin"},{"floor":26,"key":"Boot"},{"floor":38,"key":"Ice Cream"},{"floor":43,"key":"Mercury Hourglass"}],"event_choices":[{"event_name":"Transmorgrifier","player_choice":"Transform","floor":2,"damage_taken":0},{"event_name":"Shining Light","player_choice":"Entered Light","floor":3,"damage_taken":0},{"event_name":"Golden Wing","player_choice":"Card Removal","floor":4,"damage_taken":0},{"event_name":"Accursed Blacksmith","player_choice":"Forge","floor":19,"damage_taken":0},{"event_name":"Match and Keep!","player_choice":"1 cards matched","floor":20,"damage_taken":0},{"event_name":"WeMeetAgain","player_choice":"Gold","floor":27,"damage_taken":0},{"event_name":"Colosseum","player_choice":"Fight","floor":28,"damage_taken":0},{"event_name":"Colosseum","player_choice":"Fled From Nobs","floor":28,"damage_taken":0},{"event_name":"Falling","player_choice":"Removed Attack","floor":37,"damage_taken":0},{"event_name":"MindBloom","player_choice":"Fight","floor":38,"damage_taken":0}],"is_beta":true,"boss_relics":[{"not_picked":["Pandora\u0027s Box","Philosopher\u0027s Stone"],"picked":"Inserter"},{"not_picked":["Calling Bell","White Beast Statue"],"picked":"Coffee Dripper"}],"items_purged_floors":[],"is_endless":false,"potions_floor_spawned":[5,10,12,16,18,30,31,33,36,41],"killed_by":"Jaw Worm Horde","ascension_level":15}