{"gold_per_floor":[368,14,14,14,32,32,59,75,75,86,86,120,140,174,174,245,245,259,269,283,2,52,52,52,83,107,137,152,152,152,152,152,226,226,237,237,237,247,31,57,57,90,102,114,137,149,236,0,12,24,36],"floor_reached":51,"playtime":3298,"items_purged":["Writhe"],"score":1493,"play_id":"abae51fc-f1c1-4fc5-9b6b-a94950038ddb","local_time":"20190329163920","is_ascension_mode":true,"campfire_choices":[{"data":"Defragment","floor":6,"key":"SMITH"},{"data":"Sunder","floor":11,"key":"SMITH"},{"data":"Zap","floor":15,"key":"SMITH"},{"floor":23,"key":"REST"},{"floor":29,"key":"REST"},{"data":"Buffer","floor":32,"key":"SMITH"},{"floor":41,"key":"REST"},{"floor":44,"key":"RECALL"},{"data":"Hologram","floor":46,"key":"SMITH"},{"data":"Dualcast","floor":49,"key":"SMITH"}],"neow_cost":"PERCENT_DAMAGE","seed_source_timestamp":1088443941234175,"circlet_count":0,"master_deck":["AscendersBane","Strike_B","Strike_B","Strike_B","Defend_B","Defend_B","Defend_B","Defend_B","Zap+1","Dualcast+1","Cold Snap","Defragment+1","Dramatic Entrance","Rebound","Cold Snap","Sunder+1","Heatsinks","FTL","Reinforced Body","Hologram+1","Ball Lightning","Buffer+1","Compile Driver","Barrage+1","Chill","Glacier","Conserve Battery","All For One","Ball Lightning+1","Compile Driver+1"],"relics":["Cracked Core","Lee\u0027s Waffle","Cables","Pear","Regal Pillow","Art of War","Runic Dome","Runic Capacitor","Mercury Hourglass","Ornamental Fan","Smiling Mask","Orichalcum","Eternal Feather","Bronze Scales","Happy Flower","MawBank","Kunai","Red Mask"],"potions_floor_usage":[10,12,14,14,16,20,27,27,27,35,50,51],"damage_taken":[{"damage":11,"enemies":"2 Louse","floor":1,"turns":3},{"damage":0,"enemies":"Cultist","floor":5,"turns":3},{"damage":29,"enemies":"3 Sentries","floor":7,"turns":7},{"damage":0,"enemies":"Small Slimes","floor":8,"turns":2},{"damage":17,"enemies":"Exordium Wildlife","floor":10,"turns":3},{"damage":0,"enemies":"Gremlin Nob","floor":12,"turns":3},{"damage":5,"enemies":"Lots of Slimes","floor":13,"turns":3},{"damage":1,"enemies":"3 Sentries","floor":14,"turns":6},{"damage":3,"enemies":"Hexaghost","floor":16,"turns":9},{"damage":17,"enemies":"2 Thieves","floor":18,"turns":4},{"damage":1,"enemies":"Spheric Guardian","floor":19,"turns":3},{"damage":13,"enemies":"Snecko","floor":20,"turns":4},{"damage":40,"enemies":"Book of Stabbing","floor":25,"turns":5},{"damage":21,"enemies":"Slavers","floor":27,"turns":2},{"damage":0,"enemies":"3 Cultists","floor":28,"turns":3},{"damage":18,"enemies":"Automaton","floor":33,"turns":11},{"damage":17,"enemies":"3 Darklings","floor":35,"turns":4},{"damage":19,"enemies":"Orb Walker","floor":38,"turns":3},{"damage":53,"enemies":"Reptomancer","floor":40,"turns":8},{"damage":31,"enemies":"Nemesis","floor":42,"turns":9},{"damage":13,"enemies":"Spire Growth","floor":45,"turns":4},{"damage":47,"enemies":"Awakened One","floor":50,"turns":17},{"damage":37,"enemies":"Donu and Deca","floor":51,"turns":7}],"seed_played":"1136809060514670893","potions_obtained":[{"floor":1,"key":"Energy Potion"},{"floor":7,"key":"FocusPotion"},{"floor":12,"key":"Regen Potion"},{"floor":13,"key":"SkillPotion"},{"floor":14,"key":"EssenceOfSteel"},{"floor":16,"key":"SpeedPotion"},{"floor":18,"key":"Swift Potion"},{"floor":25,"key":"EntropicBrew"},{"floor":40,"key":"Ancient Potion"},{"floor":45,"key":"Dexterity Potion"}],"is_trial":false,"path_per_floor":["M","$","?","$","M","R","E","M","T","M","R","E","M","E","R","B",null,"M","M","M","$","?","R","T","E","T","E","M","R","?","?","R","B",null,"M","?","?","M","$","E","R","E","T","R","M","R","T","?","R","B","B"],"character_chosen":"DEFECT","items_purchased":["Lee\u0027s Waffle","Defragment","Dramatic Entrance","Runic Capacitor","Energy Potion","Bronze Scales"],"campfire_rested":3,"item_purchase_floors":[2,2,2,21,21,39],"current_hp_per_floor":[35,78,78,78,78,78,49,49,59,42,42,42,37,51,51,48,78,61,60,47,47,47,88,88,48,48,27,27,68,86,86,86,68,83,66,84,84,65,65,12,68,37,37,52,39,57,57,57,75,28,0],"gold":36,"neow_bonus":"TWO_FIFTY_GOLD","is_prod":false,"is_daily":false,"chose_seed":false,"campfire_upgraded":6,"win_rate":0,"timestamp":1553891960,"path_taken":["M","$","?","?","M","R","E","M","T","M","R","E","M","E","R","BOSS","M","M","M","$","?","R","?","E","T","E","?","R","?","?","R","BOSS","M","?","?","M","$","E","R","E","T","R","M","R","?","?","R","BOSS","BOSS"],"build_version":"2019-01-23","purchased_purges":1,"victory":false,"max_hp_per_floor":[71,78,78,78,78,78,78,78,88,88,88,88,88,88,88,88,88,88,88,88,88,88,88,88,88,88,88,88,88,88,88,88,88,88,88,88,88,88,88,88,88,88,88,88,88,88,88,88,88,88,88],"card_choices":[{"not_picked":["Recycle","Stack"],"picked":"Cold Snap","floor":1},{"not_picked":["Aggregate","Genetic Algorithm"],"picked":"Cold Snap","floor":5},{"not_picked":["Gash","Cold Snap"],"picked":"Sunder","floor":7},{"not_picked":["Steam","Recycle"],"picked":"Heatsinks","floor":8},{"not_picked":["Sunder","Leap"],"picked":"FTL","floor":10},{"not_picked":["Steam Power","Thunder Strike"],"picked":"Reinforced Body","floor":12},{"not_picked":["Conserve Battery","Cold Snap"],"picked":"Hologram","floor":13},{"not_picked":["Gash","Reinforced Body"],"picked":"Ball Lightning","floor":14},{"not_picked":["Meteor Strike","Hyperbeam"],"picked":"Buffer","floor":16},{"not_picked":["Beam Cell","Fusion"],"picked":"Compile Driver","floor":18},{"not_picked":["Blizzard","Streamline"],"picked":"Barrage+1","floor":19},{"not_picked":["Compile Driver","Hologram"],"picked":"Chill","floor":20},{"not_picked":["Consume","Redo","Steam"],"picked":"SKIP","floor":25},{"not_picked":["Redo","Cold Snap"],"picked":"Glacier","floor":27},{"not_picked":["Rebound","Melter"],"picked":"Conserve Battery","floor":28},{"not_picked":["Hyperbeam","Fission"],"picked":"All For One","floor":33},{"not_picked":["Steam Power+1","Double Energy"],"picked":"Ball Lightning+1","floor":35},{"not_picked":["Redo","Fusion","Ball Lightning"],"picked":"SKIP","floor":38},{"not_picked":["Reprogram","Rip and Tear","Turbo"],"picked":"SKIP","floor":40},{"not_picked":["Gash+1","Streamline+1","Conserve Battery"],"picked":"SKIP","floor":42},{"not_picked":["Hologram","Beam Cell"],"picked":"Compile Driver+1","floor":45}],"player_experience":1484640,"relics_obtained":[{"floor":7,"key":"Cables"},{"floor":9,"key":"Pear"},{"floor":12,"key":"Regal Pillow"},{"floor":14,"key":"Art of War"},{"floor":24,"key":"Mercury Hourglass"},{"floor":25,"key":"Ornamental Fan"},{"floor":26,"key":"Smiling Mask"},{"floor":27,"key":"Orichalcum"},{"floor":40,"key":"Happy Flower"},{"floor":42,"key":"MawBank"},{"floor":47,"key":"Kunai"}],"event_choices":[{"damage_healed":0,"gold_gain":0,"cards_transformed":["Strike_B"],"player_choice":"Transformed","damage_taken":0,"max_hp_gain":0,"max_hp_loss":0,"event_name":"Transmorgrifier","floor":3,"gold_loss":0,"cards_obtained":["Rebound"]},{"damage_healed":0,"gold_gain":50,"player_choice":"Stole From Cult","damage_taken":0,"max_hp_gain":0,"max_hp_loss":0,"event_name":"Nest","floor":22,"gold_loss":0},{"damage_healed":18,"gold_gain":0,"player_choice":"Heal","damage_taken":0,"max_hp_gain":0,"max_hp_loss":0,"event_name":"The Library","floor":30,"gold_loss":0},{"damage_healed":0,"gold_gain":0,"player_choice":"Ignored","damage_taken":0,"max_hp_gain":0,"max_hp_loss":0,"event_name":"Vampires","floor":31,"gold_loss":0},{"damage_healed":18,"gold_gain":0,"player_choice":"Writhe","damage_taken":0,"max_hp_gain":0,"max_hp_loss":0,"event_name":"Winding Halls","floor":36,"gold_loss":0,"cards_obtained":["Writhe"]},{"damage_healed":0,"gold_gain":0,"player_choice":"Memory 1","damage_taken":0,"max_hp_gain":0,"max_hp_loss":0,"event_name":"SensoryStone","floor":37,"gold_loss":0},{"damage_healed":0,"gold_gain":0,"player_choice":"Paid","damage_taken":0,"relics_obtained":["Red Mask"],"max_hp_gain":0,"max_hp_loss":0,"event_name":"Tomb of Lord Red Mask","floor":48,"gold_loss":248}],"is_beta":false,"boss_relics":[{"not_picked":["Astrolabe","Snecko Eye"],"picked":"Runic Dome"},{"not_picked":["White Beast Statue","Nuclear Battery"],"picked":"Eternal Feather"}],"items_purged_floors":[39],"is_endless":false,"potions_floor_spawned":[1,7,12,13,14,16,18,25,40,45],"killed_by":"Donu and Deca","ascension_level":20}