{"gold_per_floor":[217,35,35,50,65,65,81,110,136,136,149,175,175,201,201,275,275,286,286,24,42,42,77,77,94,94,94,94,105,117,148,148,219,219,232,242,242,258,271,271,597,389,443,443,460,494,494,505,505,505,505],"floor_reached":51,"playtime":3403,"items_purged":["Strike_R","Strike_R"],"score":1784,"play_id":"a637d0de-9087-4479-86e7-6e315c269db9","local_time":"20190426211202","is_ascension_mode":true,"campfire_choices":[{"data":"Bash","floor":6.0,"key":"SMITH"},{"data":"Clothesline","floor":10.0,"key":"SMITH"},{"data":"Anger","floor":15.0,"key":"SMITH"},{"data":"Whirlwind","floor":24.0,"key":"SMITH"},{"floor":28.0,"key":"REST"},{"data":"Ghostly","floor":32.0,"key":"SMITH"},{"floor":40.0,"key":"RECALL"},{"floor":47.0,"key":"REST"},{"data":"Ghostly","floor":49.0,"key":"SMITH"}],"neow_cost":"NONE","seed_source_timestamp":1060746445983213,"circlet_count":0,"master_deck":["AscendersBane","Strike_R","Strike_R","Defend_R+1","Defend_R","Defend_R","Defend_R","Bash+1","Battle Trance","Anger+1","Anger","Iron Wave","Clothesline+1","Offering","Impervious+1","Whirlwind+1","Ghostly+1","Ghostly+1","Ghostly","True Grit+1","Demon Form","Exhume","Heavy Blade+1","Ghostly+1","Metallicize+1","Metallicize+1","Seeing Red+1","Shrug It Off"],"special_seed":0,"relics":["Burning Blood","Lantern","Orichalcum","Bag of Preparation","Shuriken","Runic Dome","Paper Frog","The Courier","Matryoshka","Pear","Cursed Key","Old Coin","Pen Nib","Bronze Scales","War Paint","Molten Egg 2"],"potions_floor_usage":[51],"damage_taken":[{"damage":2.0,"enemies":"Cultist","floor":1.0,"turns":4.0},{"damage":1.0,"enemies":"Small Slimes","floor":4.0,"turns":3.0},{"damage":2.0,"enemies":"Jaw Worm","floor":5.0,"turns":3.0},{"damage":14.0,"enemies":"Exordium Thugs","floor":7.0,"turns":5.0},{"damage":20.0,"enemies":"Lagavulin","floor":8.0,"turns":4.0},{"damage":21.0,"enemies":"Large Slime","floor":11.0,"turns":8.0},{"damage":6.0,"enemies":"Gremlin Nob","floor":12.0,"turns":3.0},{"damage":19.0,"enemies":"3 Sentries","floor":14.0,"turns":7.0},{"damage":6.0,"enemies":"Hexaghost","floor":16.0,"turns":4.0},{"damage":6.0,"enemies":"Spheric Guardian","floor":18.0,"turns":3.0},{"damage":7.0,"enemies":"3 Byrds","floor":21.0,"turns":4.0},{"damage":6.0,"enemies":"Book of Stabbing","floor":23.0,"turns":3.0},{"damage":1.0,"enemies":"Snake Plant","floor":25.0,"turns":4.0},{"damage":6.0,"enemies":"Snecko","floor":29.0,"turns":5.0},{"damage":17.0,"enemies":"Centurion and Healer","floor":30.0,"turns":5.0},{"damage":6.0,"enemies":"Gremlin Leader","floor":31.0,"turns":6.0},{"damage":48.0,"enemies":"Automaton","floor":33.0,"turns":8.0},{"damage":0.0,"enemies":"Orb Walker","floor":35.0,"turns":3.0},{"damage":3.0,"enemies":"3 Shapes","floor":36.0,"turns":7.0},{"damage":1.0,"enemies":"Jaw Worm Horde","floor":38.0,"turns":5.0},{"damage":0.0,"enemies":"Transient","floor":39.0,"turns":6.0},{"damage":0.0,"enemies":"Reptomancer","floor":41.0,"turns":6.0},{"damage":1.0,"enemies":"Maw","floor":45.0,"turns":5.0},{"damage":25.0,"enemies":"Giant Head","floor":46.0,"turns":7.0},{"damage":7.0,"enemies":"Sphere and 2 Shapes","floor":48.0,"turns":6.0},{"damage":18.0,"enemies":"Donu and Deca","floor":50.0,"turns":8.0},{"damage":58,"enemies":"Awakened One","floor":51,"turns":8}],"seed_played":"-2627305822266744113","potions_obtained":[{"floor":11.0,"key":"Ancient Potion"},{"floor":14.0,"key":"SteroidPotion"},{"floor":16.0,"key":"Poison Potion"},{"floor":18.0,"key":"Poison Potion"},{"floor":23.0,"key":"Ancient Potion"},{"floor":25.0,"key":"FairyPotion"},{"floor":35.0,"key":"Strength Potion"},{"floor":38.0,"key":"Strength Potion"},{"floor":41.0,"key":"Ancient Potion"}],"is_trial":false,"path_per_floor":["M","$","?","M","M","R","M","E","T","R","M","E","?","E","R","B",null,"M","?","$","M","$","E","R","M","T","?","R","M","M","E","R","B",null,"M","M","?","M","M","R","E","$","T","?","M","E","R","M","R","B","B"],"character_chosen":"IRONCLAD","items_purchased":["Anger","PowerPotion","Paper Frog","Pen Nib"],"campfire_rested":2,"item_purchase_floors":[2,2,20,42],"current_hp_per_floor":[72,72,72,75,75,75,67,53,53,53,38,38,31,18,18,18,61,61,37,37,36,36,36,36,37,37,29,41,41,30,40,40,11,42,48,51,51,52,52,52,52,52,52,52,52,33,48,47,47,35,0],"gold":505,"neow_bonus":"HUNDRED_GOLD","is_prod":false,"is_daily":false,"chose_seed":false,"campfire_upgraded":6,"win_rate":0,"timestamp":1556338322,"path_taken":["M","$","?","M","?","R","M","E","T","R","M","E","?","E","R","BOSS","M","?","?","?","$","E","R","M","T","?","R","M","M","E","R","BOSS","M","M","?","?","M","R","E","$","T","?","?","E","R","M","R","BOSS","BOSS"],"build_version":"2019-04-23","purchased_purges":2,"victory":false,"max_hp_per_floor":[75,75,75,75,75,75,75,75,75,75,75,75,75,75,75,75,75,75,37,37,37,37,37,37,37,37,42,42,42,42,52,52,52,52,52,52,52,52,52,52,52,52,52,52,52,52,52,52,52,52,52],"card_choices":[{"not_picked":["Havoc","Iron Wave"],"picked":"Battle Trance","floor":1.0},{"not_picked":["Second Wind","Pommel Strike"],"picked":"Anger","floor":4.0},{"not_picked":["Blood for Blood","Havoc"],"picked":"Iron Wave","floor":5.0},{"not_picked":["Pommel Strike","Sword Boomerang"],"picked":"Clothesline","floor":7.0},{"not_picked":["Flex","Cleave","Iron Wave"],"picked":"SKIP","floor":8.0},{"not_picked":["Disarm","Wild Strike"],"picked":"Offering","floor":11.0},{"not_picked":["Wild Strike","Entrench","Sentinel"],"picked":"SKIP","floor":12.0},{"not_picked":["Pommel Strike","Anger","Bludgeon"],"picked":"SKIP","floor":14.0},{"not_picked":["Bludgeon","Barricade"],"picked":"Impervious","floor":16.0},{"not_picked":["Warcry+1","Cleave"],"picked":"Whirlwind","floor":18.0},{"not_picked":["Sword Boomerang","Corruption"],"picked":"True Grit+1","floor":21.0},{"not_picked":["Warcry","Anger","Combust+1"],"picked":"SKIP","floor":23.0},{"not_picked":["Dropkick","Second Wind","Clash"],"picked":"SKIP","floor":25.0},{"not_picked":["Flex","Wild Strike","Pommel Strike"],"picked":"SKIP","floor":29.0},{"not_picked":["Cleave","Carnage","Pommel Strike"],"picked":"SKIP","floor":30.0},{"not_picked":["Sword Boomerang","Flame Barrier"],"picked":"Demon Form","floor":31.0},{"not_picked":["Bludgeon","Juggernaut"],"picked":"Exhume","floor":33.0},{"not_picked":["Evolve","Cleave"],"picked":"Heavy Blade+1","floor":35.0},{"not_picked":["Sever Soul","Clash+1","Armaments"],"picked":"SKIP","floor":36.0},{"not_picked":["Feel No Pain","Sentinel"],"picked":"Metallicize+1","floor":38.0},{"not_picked":["Battle Trance","Shockwave"],"picked":"Metallicize+1","floor":39.0},{"not_picked":["Rampage+1","Dropkick"],"picked":"Seeing Red+1","floor":41.0},{"not_picked":["Body Slam","Clothesline+1","Fire Breathing"],"picked":"SKIP","floor":45.0},{"not_picked":["Bludgeon","Bloodletting"],"picked":"Shrug It Off","floor":46.0},{"not_picked":["Warcry","Sentinel","Armaments"],"picked":"SKIP","floor":48.0}],"player_experience":1481127,"relics_obtained":[{"floor":3.0,"key":"Lantern"},{"floor":8.0,"key":"Orichalcum"},{"floor":12.0,"key":"Bag of Preparation"},{"floor":14.0,"key":"Shuriken"},{"floor":23.0,"key":"The Courier"},{"floor":26.0,"key":"Matryoshka"},{"floor":31.0,"key":"Pear"},{"floor":41.0,"key":"Old Coin"},{"floor":43.0,"key":"Bronze Scales"},{"floor":43.0,"key":"War Paint"},{"floor":46.0,"key":"Molten Egg 2"}],"event_choices":[{"damage_healed":0.0,"max_hp_gain":0.0,"max_hp_loss":0.0,"gold_gain":0.0,"event_name":"Wheel of Change","player_choice":"Relic","floor":3.0,"gold_loss":0.0,"damage_taken":0.0},{"cards_removed":["Strike_R"],"damage_healed":0.0,"max_hp_gain":0.0,"max_hp_loss":0.0,"gold_gain":0.0,"event_name":"Golden Wing","player_choice":"Card Removal","floor":13.0,"gold_loss":0.0,"damage_taken":7.0},{"damage_healed":0.0,"max_hp_gain":0.0,"max_hp_loss":38.0,"gold_gain":0.0,"event_name":"Ghosts","player_choice":"Became a Ghost","floor":19.0,"gold_loss":0.0,"damage_taken":0.0,"cards_obtained":["Ghostly","Ghostly","Ghostly"]},{"damage_healed":0.0,"max_hp_gain":5.0,"max_hp_loss":0.0,"gold_gain":0.0,"event_name":"Forgotten Altar","player_choice":"Shed Blood","floor":27.0,"gold_loss":0.0,"damage_taken":13.0},{"damage_healed":0.0,"max_hp_gain":0.0,"max_hp_loss":0.0,"gold_gain":0.0,"event_name":"Duplicator","player_choice":"Copied","floor":37.0,"gold_loss":0.0,"damage_taken":0.0,"cards_obtained":["Ghostly"]},{"cards_removed":["Pain"],"damage_healed":0.0,"max_hp_gain":0.0,"max_hp_loss":0.0,"gold_gain":0.0,"event_name":"Wheel of Change","player_choice":"Card Removal","floor":44.0,"gold_loss":0.0,"damage_taken":0.0}],"is_beta":true,"boss_relics":[{"not_picked":["Black Blood","White Beast Statue"],"picked":"Runic Dome"},{"not_picked":["Tiny House","Orrery"],"picked":"Cursed Key"}],"items_purged_floors":[2,42],"is_endless":false,"potions_floor_spawned":[11,14,16,18,23,25,29,31,35,36,38,41],"killed_by":"Awakened One","ascension_level":20}