{"gold_per_floor":[119,119,119,139,149,149,178,178,178,197,215,215,250,269,269,269],"floor_reached":16,"playtime":1565,"items_purged":[],"score":112,"play_id":"4fd7941d-b1f8-4cac-b879-e7ec47bf1732","local_time":"20190505185231","is_ascension_mode":false,"campfire_choices":[{"data":"Bash","floor":6.0,"key":"SMITH"},{"data":"Searing Blow","floor":8.0,"key":"SMITH"},{"floor":15,"key":"REST"}],"neow_cost":"","seed_source_timestamp":0,"circlet_count":0,"master_deck":["Strike_R","Strike_R","Strike_R","Defend_R","Defend_R","Defend_R+1","Defend_R","Bash+1","Pommel Strike","Berserk","Headbutt","Combust","Searing Blow+1","Thunderclap+1","Thunderclap","Battle Trance","Headbutt","Armaments"],"special_seed":0,"relics":["Burning Blood","Bottled Tornado","Mercury Hourglass","Dream Catcher"],"potions_floor_usage":[16,16],"damage_taken":[{"damage":12.0,"enemies":"Cultist","floor":1.0,"turns":5.0},{"damage":6.0,"enemies":"Jaw Worm","floor":4.0,"turns":3.0},{"damage":7.0,"enemies":"2 Louse","floor":5.0,"turns":4.0},{"damage":34.0,"enemies":"Lagavulin","floor":7.0,"turns":5.0},{"damage":9.0,"enemies":"2 Fungi Beasts","floor":10.0,"turns":2.0},{"damage":2.0,"enemies":"Large Slime","floor":11.0,"turns":3.0},{"damage":16,"enemies":"Gremlin Nob","floor":13,"turns":4},{"damage":14,"enemies":"Lots of Slimes","floor":14,"turns":3},{"damage":40,"enemies":"The Guardian","floor":16,"turns":8}],"seed_played":"-6427025461976336022","potions_obtained":[{"floor":4.0,"key":"Energy Potion"},{"floor":10.0,"key":"Poison Potion"},{"floor":11.0,"key":"Block Potion"}],"is_trial":false,"path_per_floor":["M","?","?","M","M","R","E","R","T","M","M","?","E","M","R","B"],"character_chosen":"IRONCLAD","items_purchased":[],"campfire_rested":1,"item_purchase_floors":[],"current_hp_per_floor":[74,74,74,74,73,73,45,45,45,42,46,30,20,12,36,0],"gold":269,"neow_bonus":"","is_prod":false,"is_daily":false,"chose_seed":false,"campfire_upgraded":2,"win_rate":0.0,"timestamp":1557100351,"path_taken":["M","?","?","M","M","R","E","R","T","M","?","?","E","M","R","BOSS"],"build_version":"2019-01-23","purchased_purges":0,"victory":false,"max_hp_per_floor":[80,80,80,80,80,80,80,80,80,80,80,80,80,80,80,80],"card_choices":[{"not_picked":["Thunderclap","Perfected Strike"],"picked":"Pommel Strike","floor":1.0},{"not_picked":["Rampage","Cleave"],"picked":"Headbutt","floor":4.0},{"not_picked":["Sever Soul","Headbutt"],"picked":"Combust","floor":5.0},{"not_picked":["Shrug It Off","Carnage"],"picked":"Searing Blow","floor":7.0},{"not_picked":["Iron Wave","Sever Soul"],"picked":"Thunderclap","floor":10.0},{"not_picked":["Corruption","Twin Strike"],"picked":"Thunderclap","floor":11.0},{"not_picked":["Clothesline","Headbutt"],"picked":"Battle Trance","floor":13},{"not_picked":["Brutality","Perfected Strike"],"picked":"Headbutt","floor":14},{"not_picked":["True Grit","Sword Boomerang"],"picked":"Armaments","floor":15}],"player_experience":0,"relics_obtained":[{"floor":7.0,"key":"Bottled Tornado"},{"floor":9.0,"key":"Mercury Hourglass"},{"floor":13,"key":"Dream Catcher"}],"event_choices":[{"damage_healed":0.0,"max_hp_gain":0.0,"max_hp_loss":0.0,"gold_gain":0.0,"cards_transformed":["Strike_R"],"event_name":"Living Wall","player_choice":"Change","floor":2.0,"gold_loss":0.0,"damage_taken":0.0,"cards_obtained":["Berserk"]},{"cards_removed":["Strike_R"],"damage_healed":0.0,"max_hp_gain":0.0,"max_hp_loss":0.0,"gold_gain":0.0,"event_name":"Purifier","player_choice":"Purged","floor":3.0,"gold_loss":0.0,"damage_taken":0.0},{"damage_healed":0,"gold_gain":0,"player_choice":"Entered Light","damage_taken":16,"max_hp_gain":0,"max_hp_loss":0,"event_name":"Shining Light","floor":12,"gold_loss":0,"cards_upgraded":["Thunderclap","Defend_R"]}],"is_beta":false,"boss_relics":[],"items_purged_floors":[],"is_endless":false,"potions_floor_spawned":[4,10,11],"killed_by":"The Guardian","ascension_level":0}