{"gold_per_floor":[111,36,36,55,75,75,102,102,102,55,84,84,99,134,134,212,212,231,156,156,136,155,155,186,108,183,214,227,227,243,243,243,318,318,330,3,3,3,13,47,60,75,156,184,203,203,203,219,219,219,219,219,17,44,44],"floor_reached":56,"playtime":2153,"items_purged":["Strike_B+1"],"score":1967,"play_id":"7b240c31-fbd1-44f7-8c0c-2e97a5103254","local_time":"20190327173926","is_ascension_mode":true,"campfire_choices":[{"data":"Zap","floor":6.0,"key":"SMITH"},{"data":"Static Discharge","floor":8.0,"key":"SMITH"},{"data":"Barrage","floor":15.0,"key":"SMITH"},{"data":"Dualcast","floor":23.0,"key":"SMITH"},{"data":"Loop","floor":29.0,"key":"SMITH"},{"data":"Conserve Battery","floor":32.0,"key":"SMITH"},{"floor":46.0,"key":"RECALL"},{"floor":49.0,"key":"REST"},{"data":"Go for the Eyes","floor":52.0,"key":"SMITH"}],"neow_cost":"NONE","seed_source_timestamp":0,"circlet_count":0,"master_deck":["AscendersBane","Defend_B+1","Defend_B+1","Defend_B+1","Defend_B+1","Zap+1","Dualcast+1","Cold Snap","Gash","Static Discharge+1","Compile Driver","Barrage+1","Conserve Battery+1","Electrodynamics","Gash+1","Loop+1","Hologram+1","Gash+1","All For One","Glacier+1","Go for the Eyes+1","Fission+1","Defragment+1"],"special_seed":0,"relics":["Cracked Core","Bag of Preparation","Anchor","Singing Bowl","Oddly Smooth Stone","Strawberry","Runic Pyramid","Question Card","Pantograph","Art of War","Black Star","Kunai","Bronze Scales","Incense Burner","Toxic Egg 2","Nunchaku","Juzu Bracelet","Torii","Orichalcum"],"potions_floor_usage":[55],"damage_taken":[{"damage":1.0,"enemies":"Jaw Worm","floor":1.0,"turns":5.0},{"damage":2.0,"enemies":"2 Louse","floor":4.0,"turns":2.0},{"damage":0.0,"enemies":"Cultist","floor":5.0,"turns":3.0},{"damage":20.0,"enemies":"3 Sentries","floor":7.0,"turns":10.0},{"damage":7.0,"enemies":"Lagavulin","floor":11.0,"turns":7.0},{"damage":1.0,"enemies":"Exordium Thugs","floor":13.0,"turns":4.0},{"damage":10.0,"enemies":"3 Sentries","floor":14.0,"turns":5.0},{"damage":22.0,"enemies":"Slime Boss","floor":16.0,"turns":6.0},{"damage":1.0,"enemies":"Shell Parasite","floor":18.0,"turns":5.0},{"damage":1.0,"enemies":"Spheric Guardian","floor":22.0,"turns":4.0},{"damage":7.0,"enemies":"Slavers","floor":24.0,"turns":3.0},{"damage":16.0,"enemies":"Book of Stabbing","floor":27.0,"turns":5.0},{"damage":12.0,"enemies":"Snake Plant","floor":28.0,"turns":3.0},{"damage":0.0,"enemies":"Centurion and Healer","floor":30.0,"turns":5.0},{"damage":11.0,"enemies":"Champ","floor":33.0,"turns":10.0},{"damage":3.0,"enemies":"3 Darklings","floor":35.0,"turns":2.0},{"damage":0.0,"enemies":"3 Shapes","floor":39.0,"turns":4.0},{"damage":19.0,"enemies":"Reptomancer","floor":40.0,"turns":5.0},{"damage":1.0,"enemies":"3 Darklings","floor":41.0,"turns":3.0},{"damage":5.0,"enemies":"Maw","floor":42.0,"turns":6.0},{"damage":20.0,"enemies":"Giant Head","floor":44.0,"turns":7.0},{"damage":0.0,"enemies":"Jaw Worm Horde","floor":45.0,"turns":4.0},{"damage":0.0,"enemies":"4 Shapes","floor":48.0,"turns":3.0},{"damage":43.0,"enemies":"Donu and Deca","floor":50.0,"turns":8.0},{"damage":16.0,"enemies":"Shield and Spear","floor":54.0,"turns":9.0},{"damage":40,"enemies":"The Heart","floor":55,"turns":8}],"seed_played":"6748137648680064849","potions_obtained":[{"floor":1.0,"key":"Ancient Potion"},{"floor":7.0,"key":"SpeedPotion"},{"floor":13.0,"key":"SteroidPotion"},{"floor":16.0,"key":"Energy Potion"},{"floor":18.0,"key":"EssenceOfSteel"},{"floor":31.0,"key":"Block Potion"},{"floor":31.0,"key":"GamblersBrew"},{"floor":45.0,"key":"SkillPotion"}],"is_trial":false,"path_per_floor":["M","?","?","M","M","R","E","R","T","$","E","T","M","E","R","B",null,"M","?","?","?","M","R","E","$","T","E","M","R","M","?","R","B",null,"M","$","?","?","M","E","M","M","T","E","M","R","?","M","R","B",null,"R","$","E","B",null],"character_chosen":"DEFECT","items_purchased":["Compile Driver","Loop","Kunai","Fission+1","PowerPotion"],"campfire_rested":1,"item_purchase_floors":[10,25,36,53,53],"current_hp_per_floor":[63,63,63,61,61,61,41,41,41,41,34,34,35,32,32,10,63,64,64,64,64,63,63,58,58,58,42,32,32,32,32,32,46,76,75,75,75,75,77,60,59,56,56,36,38,38,38,40,68,50,83,83,83,67,52],"gold":44,"neow_bonus":"RANDOM_COMMON_RELIC","is_prod":false,"is_daily":false,"chose_seed":false,"campfire_upgraded":7,"win_rate":0,"timestamp":1553722766,"path_taken":["M","?","?","M","?","R","E","R","T","$","E","?","M","E","R","BOSS","M","?","?","?","M","R","E","$","T","E","M","R","?","?","R","BOSS","M","$","?","?","?","E","M","M","T","E","M","R","?","M","R","BOSS","R","$","E","BOSS"],"build_version":"2019-03-15","purchased_purges":1,"victory":true,"max_hp_per_floor":[71,71,71,71,71,71,71,71,71,71,71,71,73,80,80,80,80,82,82,82,82,82,82,84,84,84,84,86,86,86,86,86,86,86,88,88,84,84,86,88,88,90,90,90,92,92,92,94,94,94,94,94,94,94,94],"card_choices":[{"not_picked":["Steam","Rebound"],"picked":"Cold Snap","floor":1.0},{"not_picked":["Heatsinks","Turbo","Force Field"],"picked":"SKIP","floor":4.0},{"not_picked":["Hyperbeam","Compile Driver"],"picked":"Gash","floor":5.0},{"not_picked":["Double Energy","Steam"],"picked":"Static Discharge","floor":7.0},{"not_picked":["Streamline","Cold Snap"],"picked":"Barrage","floor":11.0},{"not_picked":["Beam Cell","Sweeping Beam","Barrage"],"picked":"Singing Bowl","floor":13.0},{"not_picked":["Skim","Steam"],"picked":"Conserve Battery","floor":14.0},{"not_picked":["Fission","Core Surge"],"picked":"Electrodynamics","floor":16.0},{"not_picked":["Beam Cell","BootSequence","Reprogram"],"picked":"Singing Bowl","floor":18.0},{"not_picked":["Auto Shields+1","Cold Snap"],"picked":"Gash+1","floor":22.0},{"not_picked":["Hologram","Compile Driver","Cold Snap"],"picked":"Singing Bowl","floor":24.0},{"not_picked":["Auto Shields","Buffer","Reinforced Body"],"picked":"Hologram+1","floor":27.0},{"not_picked":["Turbo","Aggregate","Stack","Redo"],"picked":"Singing Bowl","floor":28.0},{"not_picked":["Redo","Go for the Eyes","Reinforced Body"],"picked":"Gash+1","floor":30.0},{"not_picked":["Rainbow","Core Surge","Creative AI"],"picked":"All For One","floor":33.0},{"not_picked":["Streamline","Gash","Leap+1","Cold Snap+1"],"picked":"Singing Bowl","floor":35.0},{"not_picked":["Consume","Undo","Barrage+1","Streamline"],"picked":"Singing Bowl","floor":39.0},{"not_picked":["Gash+1","Sweeping Beam","Static Discharge","Blizzard"],"picked":"Singing Bowl","floor":40.0},{"not_picked":["Tempest","Undo+1","Beam Cell"],"picked":"Glacier+1","floor":41.0},{"not_picked":["Coolheaded","Skim+1","Sweeping Beam+1","Storm"],"picked":"Singing Bowl","floor":42.0},{"not_picked":["Thunder Strike","Cold Snap","Ball Lightning"],"picked":"Go for the Eyes","floor":44.0},{"not_picked":["Streamline","Rebound","Barrage","Sweeping Beam"],"picked":"Singing Bowl","floor":45.0},{"not_picked":["Cold Snap","Blizzard+1","FTL","Skim+1"],"picked":"Singing Bowl","floor":48.0},{"not_picked":["Stack+1","Hyperbeam","Steam+1"],"picked":"Defragment+1","floor":54.0}],"player_experience":2297471,"relics_obtained":[{"floor":7.0,"key":"Anchor"},{"floor":9.0,"key":"Singing Bowl"},{"floor":11.0,"key":"Oddly Smooth Stone"},{"floor":14.0,"key":"Strawberry"},{"floor":24.0,"key":"Question Card"},{"floor":26.0,"key":"Pantograph"},{"floor":27.0,"key":"Art of War"},{"floor":40.0,"key":"Bronze Scales"},{"floor":40.0,"key":"Incense Burner"},{"floor":43.0,"key":"Toxic Egg 2"},{"floor":44.0,"key":"Nunchaku"},{"floor":44.0,"key":"Juzu Bracelet"},{"floor":54.0,"key":"Torii"},{"floor":54.0,"key":"Orichalcum"}],"event_choices":[{"cards_removed":["Strike_B"],"damage_healed":0.0,"max_hp_gain":0.0,"max_hp_loss":0.0,"gold_gain":0.0,"event_name":"The Cleric","player_choice":"Card Removal","floor":2.0,"gold_loss":75.0,"damage_taken":0.0},{"damage_healed":0.0,"max_hp_gain":0.0,"max_hp_loss":0.0,"gold_gain":0.0,"cards_transformed":["Strike_B"],"event_name":"Transmorgrifier","player_choice":"Transformed","floor":3.0,"gold_loss":0.0,"damage_taken":0.0,"cards_obtained":["Auto Shields"]},{"cards_removed":["Strike_B"],"damage_healed":0.0,"max_hp_gain":0.0,"max_hp_loss":0.0,"gold_gain":0.0,"event_name":"Beggar","player_choice":"Gave Gold","floor":19.0,"gold_loss":75.0,"damage_taken":0.0},{"damage_healed":0.0,"max_hp_gain":0.0,"max_hp_loss":0.0,"gold_gain":0.0,"event_name":"Back to Basics","player_choice":"Simplicity","floor":20.0,"gold_loss":0.0,"damage_taken":0.0,"cards_upgraded":["Strike_B","Defend_B","Defend_B","Defend_B","Defend_B"]},{"damage_healed":0.0,"max_hp_gain":0.0,"max_hp_loss":0.0,"gold_gain":0.0,"event_name":"The Woman in Blue","player_choice":"Bought 1 Potion","floor":21.0,"gold_loss":0.0,"damage_taken":0.0},{"damage_healed":0.0,"max_hp_gain":0.0,"max_hp_loss":0.0,"gold_gain":0.0,"event_name":"Lab","player_choice":"Got Potions","floor":31.0,"gold_loss":0.0,"damage_taken":0.0},{"damage_healed":0.0,"max_hp_gain":0.0,"max_hp_loss":4.0,"gold_gain":0.0,"event_name":"Winding Halls","player_choice":"Max HP","floor":37.0,"gold_loss":0.0,"damage_taken":0.0},{"cards_removed":["Auto Shields"],"damage_healed":0.0,"max_hp_gain":0.0,"max_hp_loss":0.0,"gold_gain":0.0,"event_name":"Purifier","player_choice":"Purged","floor":38.0,"gold_loss":0.0,"damage_taken":0.0},{"damage_healed":0.0,"max_hp_gain":0.0,"max_hp_loss":0.0,"gold_gain":0.0,"event_name":"The Moai Head","player_choice":"Ignored","floor":47.0,"gold_loss":0.0,"damage_taken":0.0}],"is_beta":true,"boss_relics":[{"not_picked":["Eternal Feather","Busted Crown"],"picked":"Runic Pyramid"},{"not_picked":["Pandora\u0027s Box","White Beast Statue"],"picked":"Black Star"}],"items_purged_floors":[36],"is_endless":false,"potions_floor_spawned":[1,7,11,13,16,18,24,39,45],"ascension_level":15}