{"gold_per_floor":[118,135,152,164,164,164,189,189,189,201,36,36,63,74,74,151,151,171,171,86,98,41,41],"floor_reached":23,"playtime":1005,"items_purged":["Strike_R"],"score":452,"play_id":"f1255746-588c-44f4-9262-58043accf26f","local_time":"20190427232307","is_ascension_mode":true,"campfire_choices":[{"data":"Armaments","floor":6,"key":"SMITH"},{"data":"Fiend Fire","floor":8,"key":"SMITH"},{"data":"Battle Trance","floor":12,"key":"SMITH"},{"data":"Immolate","floor":15,"key":"SMITH"}],"neow_cost":"PERCENT_DAMAGE","seed_source_timestamp":450958554256703,"circlet_count":0,"master_deck":["AscendersBane","Strike_R","Strike_R","Strike_R","Strike_R","Defend_R","Defend_R","Defend_R","Defend_R","Bash","Battle Trance+1","Rampage","Uppercut","Armaments+1","Fiend Fire+1","Shrug It Off","Flame Barrier","Shrug It Off","Immolate+1","Demon Form","Pummel","Fiend Fire+1","Feel No Pain","Disarm"],"relics":["Burning Blood","Magic Flower","Pen Nib","Mercury Hourglass","Omamori","Bronze Scales","Snecko Eye"],"potions_floor_usage":[7,13],"damage_taken":[{"damage":2,"enemies":"Cultist","floor":1,"turns":4},{"damage":1,"enemies":"2 Louse","floor":2,"turns":4},{"damage":7,"enemies":"Small Slimes","floor":3,"turns":3},{"damage":16,"enemies":"Red Slaver","floor":4,"turns":4},{"damage":36,"enemies":"Gremlin Nob","floor":7,"turns":4},{"damage":9,"enemies":"Lots of Slimes","floor":10,"turns":3},{"damage":0,"enemies":"3 Sentries","floor":13,"turns":4},{"damage":1,"enemies":"2 Fungi Beasts","floor":14,"turns":4},{"damage":36,"enemies":"Slime Boss","floor":16,"turns":9},{"damage":16,"enemies":"Shell Parasite","floor":18,"turns":2},{"damage":0,"enemies":"3 Byrds","floor":21,"turns":2},{"damage":63,"enemies":"Book of Stabbing","floor":23,"turns":5}],"seed_played":"5108068295380610531","potions_obtained":[{"floor":3,"key":"PowerPotion"},{"floor":7,"key":"PowerPotion"},{"floor":14,"key":"SpeedPotion"}],"is_trial":false,"path_per_floor":["M","M","M","M","?","R","E","R","T","M","$","R","E","M","R","B",null,"M","?","$","M","$","E"],"character_chosen":"IRONCLAD","items_purchased":["Flame Barrier","Feel No Pain","SteroidPotion"],"campfire_rested":0,"item_purchase_floors":[11,20,22],"current_hp_per_floor":[57,65,67,60,55,55,28,28,28,28,28,28,37,45,45,18,61,54,54,54,63,63,0],"gold":41,"neow_bonus":"ONE_RARE_RELIC","is_prod":false,"is_daily":false,"chose_seed":false,"campfire_upgraded":4,"win_rate":0,"timestamp":1556421787,"path_taken":["M","M","?","M","?","R","E","R","T","M","$","R","E","M","R","BOSS","M","?","$","?","$","E"],"build_version":"2019-01-23","purchased_purges":1,"victory":false,"max_hp_per_floor":[75,75,75,75,75,75,75,75,75,75,75,75,75,75,75,75,75,75,75,75,75,75,75],"card_choices":[{"not_picked":["Pommel Strike","Flex"],"picked":"Battle Trance","floor":1},{"not_picked":["Pommel Strike","Headbutt"],"picked":"Rampage","floor":2},{"not_picked":["Pommel Strike","Sword Boomerang"],"picked":"Uppercut","floor":3},{"not_picked":["Perfected Strike","Warcry"],"picked":"Armaments","floor":4},{"not_picked":["Cleave","Power Through"],"picked":"Fiend Fire","floor":7},{"not_picked":["Clothesline","Wild Strike"],"picked":"Shrug It Off","floor":10},{"not_picked":["True Grit","Clash"],"picked":"Shrug It Off","floor":13},{"not_picked":["Rampage","Corruption"],"picked":"Immolate","floor":14},{"not_picked":["Impervious","Juggernaut"],"picked":"Demon Form","floor":16},{"not_picked":["Seeing Red","Dropkick"],"picked":"Pummel","floor":18},{"not_picked":["Wild Strike","Body Slam"],"picked":"Disarm","floor":21}],"player_experience":2011715,"relics_obtained":[{"floor":7,"key":"Mercury Hourglass"},{"floor":9,"key":"Omamori"},{"floor":13,"key":"Bronze Scales"}],"event_choices":[{"damage_healed":0,"gold_gain":0,"player_choice":"Success","damage_taken":5,"relics_obtained":["Pen Nib"],"max_hp_gain":0,"max_hp_loss":0,"event_name":"Scrap Ooze","floor":5,"gold_loss":0},{"damage_healed":0,"gold_gain":0,"player_choice":"Copied","damage_taken":0,"max_hp_gain":0,"max_hp_loss":0,"event_name":"Duplicator","floor":19,"gold_loss":0,"cards_obtained":["Fiend Fire"]}],"is_beta":false,"boss_relics":[{"not_picked":["Lizard Tail","Runic Cube"],"picked":"Snecko Eye"}],"items_purged_floors":[11],"is_endless":false,"potions_floor_spawned":[3,7,14],"killed_by":"Book of Stabbing","ascension_level":20}