{"gold_per_floor":[109,122,134,92,92,122,102,132,159,159,174,187,217,232,232,311,311,324,324,324,342,342,342,392,410,436,436,448,448],"floor_reached":29,"playtime":1393,"items_purged":[],"score":474,"play_id":"70f44200-7c15-4a85-afe6-c73861e65543","local_time":"20190328165609","is_ascension_mode":true,"campfire_choices":[{"data":"Sunder","floor":15,"key":"SMITH"},{"floor":23,"key":"REST"},{"floor":27,"key":"REST"}],"neow_cost":"NONE","seed_source_timestamp":1004960243875974,"circlet_count":0,"master_deck":["AscendersBane","Strike_B+1","Strike_B+1","Strike_B+1","Strike_B+1","Defend_B+1","Defend_B+1","Defend_B+1","Defend_B+1","Zap+1","Dualcast","All For One","Doom and Gloom","Echo Form","Sunder+1","Loop","Self Repair","Conserve Battery","Amplify","Cold Snap","Injury","Fusion"],"relics":["Cracked Core","Ancient Tea Set","Regal Pillow","DataDisk","Cursed Key","Blood Vial"],"potions_floor_usage":[6,8,10,12,14,16,21,28],"damage_taken":[{"damage":1,"enemies":"2 Louse","floor":1,"turns":3},{"damage":1,"enemies":"Cultist","floor":2,"turns":3},{"damage":10,"enemies":"Small Slimes","floor":3,"turns":3},{"damage":15,"enemies":"3 Sentries","floor":6,"turns":6},{"damage":8,"enemies":"Lagavulin","floor":8,"turns":5},{"damage":0,"enemies":"Looter","floor":10,"turns":1},{"damage":9,"enemies":"2 Fungi Beasts","floor":11,"turns":3},{"damage":2,"enemies":"3 Louse","floor":12,"turns":3},{"damage":0,"enemies":"Lots of Slimes","floor":14,"turns":1},{"damage":22,"enemies":"Hexaghost","floor":16,"turns":7},{"damage":23,"enemies":"Spheric Guardian","floor":18,"turns":5},{"damage":21,"enemies":"2 Thieves","floor":21,"turns":4},{"damage":22,"enemies":"Sentry and Sphere","floor":25,"turns":5},{"damage":9,"enemies":"Cultist and Chosen","floor":28,"turns":4},{"damage":77,"enemies":"Gremlin Leader","floor":29,"turns":7}],"seed_played":"-2168618799220114904","potions_obtained":[{"floor":2,"key":"AttackPotion"},{"floor":3,"key":"Block Potion"},{"floor":7,"key":"SmokeBomb"},{"floor":11,"key":"Block Potion"},{"floor":12,"key":"Energy Potion"},{"floor":14,"key":"FocusPotion"},{"floor":18,"key":"Regen Potion"},{"floor":25,"key":"SkillPotion"}],"is_trial":false,"path_per_floor":["M","M","M","$","?","E","?","E","T","M","M","M","?","M","R","B",null,"M","?","?","M","?","R","?","M","T","R","M","E"],"character_chosen":"DEFECT","items_purchased":["Sunder"],"campfire_rested":2,"item_purchase_floors":[4],"current_hp_per_floor":[63,62,52,52,52,37,37,29,29,29,20,25,25,25,25,10,56,40,40,40,38,18,55,48,26,26,63,70,0],"gold":448,"neow_bonus":"ONE_RANDOM_RARE_CARD","is_prod":false,"is_daily":false,"chose_seed":false,"campfire_upgraded":1,"win_rate":0,"timestamp":1553806569,"path_taken":["M","M","M","$","?","E","?","E","T","?","M","?","?","M","R","BOSS","M","?","?","M","?","R","?","M","T","R","?","E"],"build_version":"2019-01-23","purchased_purges":0,"victory":false,"max_hp_per_floor":[71,71,71,71,71,71,71,71,71,71,71,71,71,71,71,71,71,71,71,71,71,76,76,76,76,76,76,76,76],"card_choices":[{"not_picked":["Gash","Tempest"],"picked":"Doom and Gloom","floor":1},{"not_picked":["Chaos","Storm","Heatsinks"],"picked":"SKIP","floor":2},{"not_picked":["Gash","Coolheaded"],"picked":"Echo Form","floor":3},{"not_picked":["Storm","Heatsinks","Sweeping Beam"],"picked":"SKIP","floor":6},{"not_picked":["Chaos","Rebound"],"picked":"Loop","floor":8},{"not_picked":["Hologram","Gash"],"picked":"Self Repair","floor":11},{"not_picked":["Redo","Barrage","Thunder Strike"],"picked":"SKIP","floor":12},{"not_picked":["Self Repair","Compile Driver"],"picked":"Conserve Battery","floor":14},{"not_picked":["Rainbow","Echo Form"],"picked":"Amplify","floor":16},{"not_picked":["Steam","Turbo+1","Steam Power"],"picked":"SKIP","floor":18},{"not_picked":["Streamline","Compile Driver","Barrage"],"picked":"SKIP","floor":21},{"not_picked":["Turbo","Gash+1"],"picked":"Cold Snap","floor":25},{"not_picked":["Self Repair","Cold Snap"],"picked":"Fusion","floor":28}],"player_experience":1473096,"relics_obtained":[{"floor":6,"key":"Ancient Tea Set"},{"floor":8,"key":"Regal Pillow"},{"floor":9,"key":"DataDisk"},{"floor":26,"key":"Blood Vial"}],"event_choices":[{"damage_healed":0,"gold_gain":0,"player_choice":"Grow","damage_taken":0,"max_hp_gain":0,"max_hp_loss":0,"event_name":"Living Wall","floor":5,"gold_loss":0,"cards_upgraded":["Zap"]},{"damage_healed":0,"gold_gain":0,"player_choice":"Bought 1 Potion","damage_taken":0,"max_hp_gain":0,"max_hp_loss":0,"event_name":"The Woman in Blue","floor":7,"gold_loss":0},{"damage_healed":0,"gold_gain":30,"player_choice":"Searched \u00272\u0027 times","damage_taken":0,"max_hp_gain":0,"max_hp_loss":0,"event_name":"Dead Adventurer","floor":13,"gold_loss":0},{"damage_healed":0,"gold_gain":0,"player_choice":"Simplicity","damage_taken":0,"max_hp_gain":0,"max_hp_loss":0,"event_name":"Back to Basics","floor":19,"gold_loss":0,"cards_upgraded":["Strike_B","Strike_B","Strike_B","Strike_B","Defend_B","Defend_B","Defend_B","Defend_B"]},{"damage_healed":0,"gold_gain":0,"player_choice":"Ignored","damage_taken":0,"max_hp_gain":0,"max_hp_loss":0,"event_name":"Vampires","floor":20,"gold_loss":0},{"damage_healed":0,"gold_gain":0,"player_choice":"Shed Blood","damage_taken":25,"max_hp_gain":5,"max_hp_loss":0,"event_name":"Forgotten Altar","floor":22,"gold_loss":0},{"damage_healed":0,"gold_gain":50,"player_choice":"Touch","damage_taken":7,"max_hp_gain":0,"max_hp_loss":0,"event_name":"FaceTrader","floor":24,"gold_loss":0}],"is_beta":false,"boss_relics":[{"not_picked":["Runic Dome","Inserter"],"picked":"Cursed Key"}],"items_purged_floors":[],"is_endless":false,"potions_floor_spawned":[2,3,11,12,14,18,25],"killed_by":"Gremlin Leader","ascension_level":20}