{"gold_per_floor":[112,112,130,79,96,96,126,142,142,142,177,194,73,104,104,178,178,190,115,30,30,49,49,76,76,76,88,88,88,117,117,117,189,189,202,202,13,13,13,39,39,74,101,51,51,71,71,71,71,71],"floor_reached":50,"playtime":1944,"items_purged":["Strike_B","Strike_B"],"score":1031,"play_id":"1fa0f94e-3d1d-442e-abd8-68986d849b8c","local_time":"20190414234602","is_ascension_mode":true,"campfire_choices":[{"data":"Zap","floor":6.0,"key":"SMITH"},{"data":"Beam Cell","floor":10.0,"key":"SMITH"},{"data":"Hologram","floor":15.0,"key":"SMITH"},{"data":"Redo","floor":23.0,"key":"SMITH"},{"data":"Coolheaded","floor":25.0,"key":"SMITH"},{"data":"Seek","floor":29.0,"key":"SMITH"},{"data":"Steam Power","floor":32.0,"key":"SMITH"},{"floor":41.0,"key":"REST"},{"floor":45.0,"key":"REST"},{"floor":49,"key":"RECALL"}],"neow_cost":"NONE","seed_source_timestamp":376743943879879,"circlet_count":0,"master_deck":["AscendersBane","Defend_B","Defend_B","Defend_B","Zap+1","Dualcast","All For One","Beam Cell+1","Steam","Hologram+1","Genetic Algorithm","Ball Lightning","Seek+1","Coolheaded+1","Glacier","Sweeping Beam+1","Redo+1","Steam Power+1","Gash+1","Electrodynamics+1","Hologram","Skim","Capacitor+1","Go for the Eyes+1","Dark Shackles","Good Instincts"],"special_seed":0,"relics":["Cracked Core","Pen Nib","DataDisk","Singing Bowl","Mango","Nuclear Battery","Blue Candle","Smiling Mask","Frozen Egg 2","Fusion Hammer","Peace Pipe","Kunai","Vajra"],"potions_floor_usage":[50,50],"damage_taken":[{"damage":0.0,"enemies":"2 Louse","floor":1.0,"turns":2.0},{"damage":0.0,"enemies":"Cultist","floor":3.0,"turns":3.0},{"damage":0.0,"enemies":"Small Slimes","floor":5.0,"turns":2.0},{"damage":21.0,"enemies":"3 Sentries","floor":7.0,"turns":8.0},{"damage":1.0,"enemies":"Looter","floor":8.0,"turns":3.0},{"damage":18.0,"enemies":"Gremlin Nob","floor":11.0,"turns":3.0},{"damage":7.0,"enemies":"3 Louse","floor":12.0,"turns":3.0},{"damage":10.0,"enemies":"Lagavulin","floor":14.0,"turns":5.0},{"damage":8.0,"enemies":"Hexaghost","floor":16.0,"turns":9.0},{"damage":9.0,"enemies":"Spheric Guardian","floor":18.0,"turns":6.0},{"damage":0.0,"enemies":"Shell Parasite","floor":22.0,"turns":6.0},{"damage":4.0,"enemies":"Slavers","floor":24.0,"turns":6.0},{"damage":0.0,"enemies":"Snecko","floor":27.0,"turns":2.0},{"damage":0.0,"enemies":"Gremlin Leader","floor":30.0,"turns":5.0},{"damage":17.0,"enemies":"Collector","floor":33.0,"turns":12.0},{"damage":0.0,"enemies":"3 Darklings","floor":35.0,"turns":3.0},{"damage":84.0,"enemies":"Giant Head","floor":40.0,"turns":9.0},{"damage":14.0,"enemies":"Reptomancer","floor":42.0,"turns":7.0},{"damage":0,"enemies":"3 Shapes","floor":46,"turns":2},{"damage":55,"enemies":"Time Eater","floor":50,"turns":16}],"seed_played":"2065573993700886023","potions_obtained":[{"floor":1.0,"key":"GamblersBrew"},{"floor":8.0,"key":"SteroidPotion"},{"floor":12.0,"key":"PowerPotion"},{"floor":14.0,"key":"Energy Potion"},{"floor":16.0,"key":"LiquidBronze"},{"floor":22.0,"key":"Explosive Potion"},{"floor":24.0,"key":"SpeedPotion"},{"floor":33.0,"key":"Fire Potion"},{"floor":46,"key":"PowerPotion"}],"is_trial":false,"path_per_floor":["M","?","M","$","M","R","E","M","T","R","E","M","$","E","R","B",null,"M","$","?","?","M","R","E","R","T","M","?","R","E","?","R","B",null,"M","?","$","?","$","E","R","E","T","$","R","M","?","?","R","B"],"character_chosen":"DEFECT","items_purchased":["Hologram","Coolheaded","Glacier","Electrodynamics+1","Hologram","Skim"],"campfire_rested":2,"item_purchase_floors":[4,13,13,37,37,37],"current_hp_per_floor":[64,64,64,64,64,64,43,42,42,42,24,19,19,25,25,19,73,64,64,64,64,66,66,64,64,64,66,66,66,68,68,68,53,89,89,89,89,89,89,5,33,21,21,21,50,50,50,45,45,0],"gold":71,"neow_bonus":"ONE_RANDOM_RARE_CARD","is_prod":false,"is_daily":false,"chose_seed":false,"campfire_upgraded":7,"win_rate":0,"timestamp":1555299962,"path_taken":["M","?","M","$","M","R","E","M","T","R","E","M","$","E","R","BOSS","M","$","?","?","M","R","E","R","T","M","?","R","E","?","R","BOSS","M","?","$","?","$","E","R","E","T","?","R","?","?","?","R","BOSS"],"build_version":"2019-04-04","purchased_purges":2,"victory":false,"max_hp_per_floor":[71,71,71,71,71,71,71,71,71,71,71,73,73,89,89,91,91,91,91,91,91,93,93,95,95,95,97,97,97,99,99,99,101,101,101,101,101,96,96,96,96,98,98,98,98,98,98,98,98,98],"card_choices":[{"not_picked":["Heatsinks","Rebound"],"picked":"Beam Cell","floor":1.0},{"not_picked":["Beam Cell","Hologram"],"picked":"Steam","floor":3.0},{"not_picked":["Go for the Eyes","Fusion","Streamline"],"picked":"SKIP","floor":5.0},{"not_picked":["Reprogram","Lockon"],"picked":"Genetic Algorithm","floor":7.0},{"not_picked":["Rebound","Beam Cell"],"picked":"Ball Lightning","floor":8.0},{"not_picked":["BootSequence","Redo"],"picked":"Seek","floor":11.0},{"not_picked":["Loop","Turbo","Streamline"],"picked":"Singing Bowl","floor":12.0},{"not_picked":["Leap","Storm","Rip and Tear"],"picked":"Singing Bowl","floor":14.0},{"not_picked":["Thunder Strike","Hyperbeam","Multi-Cast"],"picked":"Singing Bowl","floor":16.0},{"not_picked":["Streamline","Scrape"],"picked":"Sweeping Beam+1","floor":18.0},{"not_picked":["White Noise","BootSequence","Tempest"],"picked":"Singing Bowl","floor":22.0},{"not_picked":["White Noise","Go for the Eyes","Force Field"],"picked":"Singing Bowl","floor":24.0},{"not_picked":["Stack","Ball Lightning","Streamline"],"picked":"Singing Bowl","floor":27.0},{"not_picked":["Conserve Battery","Beam Cell","Darkness"],"picked":"Singing Bowl","floor":30.0},{"not_picked":["Fission","Seek","Multi-Cast"],"picked":"Singing Bowl","floor":33.0},{"not_picked":["Compile Driver+1","Recycle"],"picked":"Gash+1","floor":35.0},{"not_picked":["Storm+1","Hologram"],"picked":"Capacitor+1","floor":40.0},{"not_picked":["Redo","Conserve Battery","Undo"],"picked":"Singing Bowl","floor":42.0},{"not_picked":["Barrage","Gash+1"],"picked":"Go for the Eyes+1","floor":46},{"not_picked":["Trip","Purity"],"picked":"Dark Shackles","floor":48},{"not_picked":["Trip","Enlightenment"],"picked":"Good Instincts","floor":48}],"player_experience":2409411,"relics_obtained":[{"floor":7.0,"key":"Pen Nib"},{"floor":9.0,"key":"DataDisk"},{"floor":11.0,"key":"Singing Bowl"},{"floor":14.0,"key":"Mango"},{"floor":24.0,"key":"Smiling Mask"},{"floor":30.0,"key":"Frozen Egg 2"},{"floor":40.0,"key":"Peace Pipe"},{"floor":42.0,"key":"Kunai"},{"floor":43.0,"key":"Vajra"}],"event_choices":[{"damage_healed":0.0,"max_hp_gain":0.0,"max_hp_loss":0.0,"gold_gain":0.0,"event_name":"FaceTrader","player_choice":"Leave","floor":2.0,"gold_loss":0.0,"damage_taken":0.0},{"damage_healed":0.0,"max_hp_gain":0.0,"max_hp_loss":0.0,"gold_gain":0.0,"event_name":"Addict","player_choice":"Obtained Relic","floor":20.0,"gold_loss":85.0,"damage_taken":0.0,"relics_obtained":["Blue Candle"]},{"damage_healed":0.0,"max_hp_gain":0.0,"max_hp_loss":0.0,"gold_gain":0.0,"cards_transformed":["Strike_B","Strike_B"],"event_name":"Drug Dealer","player_choice":"Became Test Subject","floor":21.0,"gold_loss":0.0,"damage_taken":0.0,"cards_obtained":["Redo","Steam Power"]},{"damage_healed":0.0,"max_hp_gain":0.0,"max_hp_loss":0.0,"gold_gain":0.0,"event_name":"The Mausoleum","player_choice":"Ignored","floor":28.0,"gold_loss":0.0,"damage_taken":0.0},{"damage_healed":0.0,"max_hp_gain":0.0,"max_hp_loss":0.0,"gold_gain":0.0,"event_name":"Vampires","player_choice":"Ignored","floor":31.0,"gold_loss":0.0,"damage_taken":0.0},{"damage_healed":0.0,"max_hp_gain":0.0,"max_hp_loss":0.0,"gold_gain":0.0,"event_name":"Tomb of Lord Red Mask","player_choice":"Ignored","floor":36.0,"gold_loss":0.0,"damage_taken":0.0},{"damage_healed":0.0,"max_hp_gain":0.0,"max_hp_loss":5.0,"gold_gain":0.0,"event_name":"Winding Halls","player_choice":"Max HP","floor":38.0,"gold_loss":0.0,"damage_taken":0.0},{"cards_removed":["Defend_B"],"damage_healed":0,"gold_gain":0,"player_choice":"Removed Skill","damage_taken":0,"max_hp_gain":0,"max_hp_loss":0,"event_name":"Falling","floor":47,"gold_loss":0},{"damage_healed":0,"gold_gain":0,"player_choice":"Memory 2","damage_taken":5,"max_hp_gain":0,"max_hp_loss":0,"event_name":"SensoryStone","floor":48,"gold_loss":0}],"is_beta":true,"boss_relics":[{"not_picked":["Ectoplasm","Runic Dome"],"picked":"Nuclear Battery"},{"not_picked":["Lizard Tail","Sozu"],"picked":"Fusion Hammer"}],"items_purged_floors":[19,44],"is_endless":false,"potions_floor_spawned":[1,8,12,14,16,22,24,33,42,46],"killed_by":"Time Eater","ascension_level":15}