{"gold_per_floor":[113,13,28,43,43,72,72,87,87,87,11,11,11,24,24,103,103,114,133,61,61,61,61,61],"floor_reached":24,"playtime":649,"items_purged":["Strike_B"],"score":340,"play_id":"06efa8cb-9536-477c-a8a5-56248c10745f","local_time":"20180804233425","is_ascension_mode":true,"campfire_choices":[{"data":"Zap","floor":7,"key":"SMITH"},{"floor":12,"key":"REST"},{"data":"Echo Form","floor":15,"key":"SMITH"},{"data":"Blizzard","floor":23,"key":"SMITH"}],"neow_cost":"NONE","seed_source_timestamp":224850524749687,"circlet_count":0,"master_deck":["Strike_B","Strike_B","Defend_B","Defend_B","Defend_B","Defend_B","Zap+1","Dualcast","AscendersBane","FTL","Leap","Conserve Battery","Echo Form+1","Coolheaded+1","Stack+1","Defragment+1","White Noise+1","Biased Cognition","Conserve Battery+1","Conserve Battery+1","Blizzard+1"],"relics":["Cracked Core","NeowsBlessing","Toxic Egg 2","Mango","GremlinMask","Runic Dome"],"potions_floor_usage":[19,24],"damage_taken":[{"damage":0,"enemies":"Cultist","floor":1,"turns":1},{"damage":0,"enemies":"2 Louse","floor":3,"turns":1},{"damage":0,"enemies":"Small Slimes","floor":4,"turns":1},{"damage":22,"enemies":"3 Sentries","floor":6,"turns":10},{"damage":22,"enemies":"3 Louse","floor":8,"turns":5},{"damage":9,"enemies":"Red Slaver","floor":14,"turns":4},{"damage":39,"enemies":"Slime Boss","floor":16,"turns":13},{"damage":0,"enemies":"Spheric Guardian","floor":18,"turns":4},{"damage":1,"enemies":"Chosen","floor":19,"turns":5},{"damage":78,"enemies":"Slavers","floor":24,"turns":9}],"seed_played":"2422335763901402796","potions_obtained":[{"floor":1,"key":"Ancient Potion"},{"floor":4,"key":"EssenceOfSteel"}],"is_trial":false,"path_per_floor":["M","$","M","M","?","E","R","M","T","?","$","R","?","M","R","B",null,"M","M","$","?","?","R"],"character_chosen":"DEFECT","items_purchased":["Leap","Defragment","Blizzard"],"campfire_rested":1,"item_purchase_floors":[2,11,20],"current_hp_per_floor":[64,64,64,64,57,35,35,13,27,27,27,52,52,43,43,11,67,67,73,73,73,73,73,0],"gold":61,"neow_bonus":"THREE_ENEMY_KILL","is_prod":false,"is_daily":false,"chose_seed":false,"campfire_upgraded":3,"win_rate":0,"timestamp":1533450865,"path_taken":["M","?","?","M","?","E","R","M","T","?","$","R","?","M","R","BOSS","M","M","$","?","?","R","E"],"build_version":"2018-08-01","purchased_purges":1,"victory":false,"max_hp_per_floor":[71,71,71,71,71,71,71,71,85,85,85,85,85,85,85,85,85,85,85,85,85,85,85,85],"card_choices":[{"not_picked":["Turbo","Rebound"],"picked":"FTL","floor":1},{"not_picked":["Stack","Barrage"],"picked":"Conserve Battery","floor":3},{"not_picked":["Go for the Eyes","Stack"],"picked":"Echo Form","floor":4},{"not_picked":["Stack","FTL"],"picked":"Coolheaded","floor":6},{"not_picked":["Turbo+1","Static Discharge"],"picked":"Stack+1","floor":8},{"not_picked":["Turbo+1","Cold Snap"],"picked":"White Noise+1","floor":14},{"not_picked":["Fission+1","Machine Learning"],"picked":"Biased Cognition","floor":16},{"not_picked":["Cold Snap","Gash"],"picked":"Conserve Battery+1","floor":18},{"not_picked":["Lockon+1","Streamline+1"],"picked":"Conserve Battery+1","floor":19}],"player_experience":845862,"relics_obtained":[{"floor":6,"key":"Toxic Egg 2"},{"floor":9,"key":"Mango"}],"event_choices":[{"event_name":"Golden Wing","player_choice":"Card Removal","floor":5,"damage_taken":0},{"event_name":"FaceTrader","player_choice":"Trade","floor":10,"damage_taken":0},{"event_name":"Accursed Blacksmith","player_choice":"Forge","floor":13,"damage_taken":0},{"event_name":"Vampires","player_choice":"Ignored","floor":21,"damage_taken":0},{"event_name":"The Mausoleum","player_choice":"No","floor":22,"damage_taken":0}],"is_beta":true,"boss_relics":[{"not_picked":["Eternal Feather","Orrery"],"picked":"Runic Dome"}],"items_purged_floors":[2],"is_endless":false,"potions_floor_spawned":[1,4,6,14,18],"killed_by":"Slavers","ascension_level":15}