{"gold_per_floor":[109,120,138,138,138,138,172,172,172,187,187,219,204],"floor_reached":13,"playtime":367,"items_purged":[],"score":112,"play_id":"e17d8af8-23f8-4c6e-80fe-72587fe437aa","local_time":"20180909100451","is_ascension_mode":true,"campfire_choices":[{"data":"Sunder","floor":6,"key":"SMITH"},{"data":"Sunder","floor":8,"key":"SMITH"}],"neow_cost":"TEN_PERCENT_HP_LOSS","seed_source_timestamp":574983361956071,"circlet_count":0,"master_deck":["Strike_B","Strike_B","Defend_B","Defend_B","Defend_B","Defend_B","Zap","Dualcast","Steam Power","Lockon","Loop","Sunder+1","Sunder+1","Consume+1","Conserve Battery","Echo Form+1"],"relics":["Cracked Core","Pocketwatch","Du-Vu Doll","Frozen Egg 2","Incense Burner"],"potions_floor_usage":[],"damage_taken":[{"damage":0,"enemies":"Cultist","floor":1,"turns":2},{"damage":7,"enemies":"Jaw Worm","floor":2,"turns":2},{"damage":0,"enemies":"2 Louse","floor":3,"turns":2},{"damage":35,"enemies":"3 Sentries","floor":7,"turns":5},{"damage":7,"enemies":"Exordium Wildlife","floor":10,"turns":3},{"damage":8,"enemies":"Gremlin Nob","floor":12,"turns":3},{"damage":11,"enemies":"Looter","floor":13,"turns":1}],"seed_played":"2674156270520227293","potions_obtained":[{"floor":7,"key":"SpeedPotion"}],"is_trial":false,"path_per_floor":["M","M","M","?","?","R","E","R","T","M","?","E"],"character_chosen":"DEFECT","items_purchased":[],"campfire_rested":0,"item_purchase_floors":[],"current_hp_per_floor":[68,61,61,61,61,61,26,26,26,19,19,11,0],"gold":204,"neow_bonus":"TRANSFORM_TWO_CARDS","is_prod":false,"is_daily":false,"chose_seed":false,"campfire_upgraded":2,"win_rate":0,"timestamp":1536501891,"path_taken":["M","M","M","?","?","R","E","R","T","M","?","E","M"],"build_version":"2018-09-06","purchased_purges":0,"victory":false,"max_hp_per_floor":[68,68,68,68,68,68,68,68,68,68,68,68,68],"card_choices":[{"not_picked":["Leap","Turbo"],"picked":"Loop","floor":1},{"not_picked":["Conserve Battery","Beam Cell"],"picked":"Sunder","floor":2},{"not_picked":["Ball Lightning","Go for the Eyes"],"picked":"Sunder","floor":3},{"not_picked":["Steam","Redo"],"picked":"Consume","floor":7},{"not_picked":["Coolheaded","Gash"],"picked":"Conserve Battery","floor":10},{"not_picked":["Go for the Eyes","Melter"],"picked":"Echo Form+1","floor":12}],"player_experience":993894,"relics_obtained":[{"floor":7,"key":"Du-Vu Doll"},{"floor":9,"key":"Frozen Egg 2"},{"floor":12,"key":"Incense Burner"}],"event_choices":[{"event_name":"Big Fish","player_choice":"Box","floor":4,"damage_taken":0},{"event_name":"Living Wall","player_choice":"Forget","floor":5,"damage_taken":0},{"event_name":"Accursed Blacksmith","player_choice":"Forge","floor":11,"damage_taken":0}],"is_beta":false,"boss_relics":[],"items_purged_floors":[],"is_endless":false,"potions_floor_spawned":[7],"killed_by":"Looter","ascension_level":4}