{"gold_per_floor":[111,61,61,75,99,128,128,155,155,155,155,172,191,204,204,303,303,318,337,337],"floor_reached":20,"playtime":726,"items_purged":[],"score":293,"play_id":"73250cf0-f29e-4bbc-8744-8bc8bebe1ac1","local_time":"20190313193321","is_ascension_mode":true,"campfire_choices":[{"data":"Zap","floor":7,"key":"SMITH"},{"data":"Dualcast","floor":10,"key":"SMITH"},{"data":"Thunder Strike","floor":15,"key":"SMITH"}],"neow_cost":"NONE","seed_source_timestamp":29989098063354,"circlet_count":0,"master_deck":["Defend_B","Defend_B","Defend_B","Defend_B","Zap+1","Dualcast+1","Rebound","Ball Lightning","Storm","Conserve Battery","Static Discharge","Thunder Strike+1","Machine Learning"],"relics":["Cracked Core","NeowsBlessing","Regal Pillow","Lantern","Pen Nib","Mercury Hourglass","Empty Cage"],"potions_floor_usage":[8,14,16,20],"damage_taken":[{"damage":0,"enemies":"Small Slimes","floor":1,"turns":1},{"damage":0,"enemies":"Jaw Worm","floor":4,"turns":1},{"damage":0,"enemies":"Lagavulin","floor":6,"turns":2},{"damage":25,"enemies":"3 Sentries","floor":8,"turns":7},{"damage":0,"enemies":"Cultist","floor":12,"turns":3},{"damage":8,"enemies":"Large Slime","floor":13,"turns":3},{"damage":8,"enemies":"Blue Slaver","floor":14,"turns":2},{"damage":9,"enemies":"Hexaghost","floor":16,"turns":4},{"damage":29,"enemies":"2 Thieves","floor":18,"turns":4},{"damage":6,"enemies":"Shell Parasite","floor":19,"turns":4},{"damage":31,"enemies":"Masked Bandits","floor":20,"turns":2}],"seed_played":"-6733113793241344660","potions_obtained":[{"floor":6,"key":"Swift Potion"},{"floor":8,"key":"Weak Potion"},{"floor":12,"key":"SkillPotion"},{"floor":19,"key":"Strength Potion"}],"is_trial":false,"path_per_floor":["M","?","?","M","T","E","R","E","T","R","?","M","M","M","R","B",null,"M","M","?"],"character_chosen":"DEFECT","items_purchased":[],"campfire_rested":0,"item_purchase_floors":[],"current_hp_per_floor":[68,68,68,68,68,68,68,43,43,43,43,43,35,27,27,18,61,32,26,0],"gold":337,"neow_bonus":"THREE_ENEMY_KILL","is_prod":false,"is_daily":false,"chose_seed":false,"campfire_upgraded":3,"win_rate":0,"timestamp":1552520001,"path_taken":["M","?","?","M","?","E","R","E","T","R","?","?","M","M","R","BOSS","M","M","?"],"build_version":"2019-01-23","purchased_purges":0,"victory":false,"max_hp_per_floor":[75,75,75,75,75,75,75,75,75,75,75,75,75,75,75,75,75,75,75,75],"card_choices":[{"not_picked":["Streamline","Beam Cell"],"picked":"Rebound","floor":1},{"not_picked":["Sunder","Sweeping Beam"],"picked":"Ball Lightning","floor":4},{"not_picked":["Darkness","Defragment"],"picked":"Storm","floor":6},{"not_picked":["Beam Cell","Blizzard","Sunder"],"picked":"SKIP","floor":8},{"not_picked":["Rebound","Aggregate"],"picked":"Static Discharge","floor":12},{"not_picked":["Streamline","Sweeping Beam"],"picked":"Thunder Strike","floor":13},{"not_picked":["Coolheaded","Streamline","Turbo"],"picked":"SKIP","floor":14},{"not_picked":["All For One","Meteor Strike"],"picked":"Machine Learning","floor":16},{"not_picked":["Stack","Beam Cell","Barrage"],"picked":"SKIP","floor":18},{"not_picked":["Cold Snap+1","Stack","Leap"],"picked":"SKIP","floor":19}],"player_experience":1092347,"relics_obtained":[{"floor":5,"key":"Regal Pillow"},{"floor":6,"key":"Lantern"},{"floor":8,"key":"Pen Nib"},{"floor":9,"key":"Mercury Hourglass"}],"event_choices":[{"cards_removed":["Strike_B"],"damage_healed":0,"gold_gain":0,"player_choice":"Card Removal","damage_taken":0,"max_hp_gain":0,"max_hp_loss":0,"event_name":"The Cleric","floor":2,"gold_loss":50},{"damage_healed":0,"gold_gain":0,"player_choice":"Fled","damage_taken":0,"max_hp_gain":0,"max_hp_loss":0,"event_name":"Scrap Ooze","floor":3,"gold_loss":0},{"damage_healed":0,"gold_gain":0,"cards_transformed":["Strike_B"],"player_choice":"Transformed","damage_taken":0,"max_hp_gain":0,"max_hp_loss":0,"event_name":"Transmorgrifier","floor":11,"gold_loss":0,"cards_obtained":["Conserve Battery"]},{"damage_healed":0,"gold_gain":0,"player_choice":"Fought Bandits","damage_taken":0,"max_hp_gain":0,"max_hp_loss":0,"event_name":"Masked Bandits","floor":20,"gold_loss":0}],"is_beta":false,"boss_relics":[{"not_picked":["Inserter","Tiny House"],"picked":"Empty Cage"}],"items_purged_floors":[],"is_endless":false,"potions_floor_spawned":[6,8,12,19],"killed_by":"Masked Bandits","ascension_level":8}