{"path_per_floor":["M","?","M","?","M","R","M","R","T","M","?","M","R","M","R"],"character_chosen":"IRONCLAD","items_purchased":[],"gold_per_floor":[116,116,130,130,150,150,160,160,160,177,252,270,270,289,289,289],"floor_reached":16,"campfire_rested":2,"playtime":359,"current_hp_per_floor":[78,83,82,82,82,82,66,66,66,56,45,18,43,35,60,27],"items_purged":[],"gold":289,"score":150,"play_id":"8f70e5bb-82f7-4db8-87d4-34b64274fec3","local_time":"20180411225400","is_prod":false,"is_daily":false,"is_ascension_mode":true,"campfire_upgraded":2,"timestamp":1523512440,"path_taken":["M","?","M","?","M","R","M","R","T","M","?","M","R","?","R","BOSS"],"build_version":"2018-04-05v2","purchased_purges":0,"victory":false,"master_deck":["Strike_R","Strike_R","Strike_R","Strike_R","Strike_R","Defend_R","Defend_R","Defend_R","Defend_R","Bash+1","AscendersBane","Shrug It Off+1","Headbutt","Impervious","Hemokinesis","Shrug It Off","Infernal Blade","Flex"],"max_hp_per_floor":[80,85,85,85,85,85,85,85,85,85,85,85,85,85,85,85],"relics":["Burning Blood","Ancient Tea Set"],"card_choices":[{"not_picked":["Havoc","Cleave"],"picked":"Shrug It Off","floor":0},{"not_picked":["Sentinel","Feel No Pain"],"picked":"Headbutt","floor":1},{"not_picked":["Cleave","Shockwave"],"picked":"Impervious","floor":3},{"not_picked":["Wild Strike","Clash"],"picked":"Hemokinesis","floor":7},{"not_picked":["Perfected Strike","Second Wind"],"picked":"Shrug It Off","floor":10},{"not_picked":["Clothesline","Clash"],"picked":"Infernal Blade","floor":12},{"not_picked":["Anger","Burning Pact"],"picked":"Flex","floor":14}],"player_experience":430616,"potions_floor_usage":[10],"damage_taken":[{"damage":0,"enemies":"Small Slimes","floor":1,"turns":3},{"damage":7,"enemies":"2 Louse","floor":3,"turns":3},{"damage":6,"enemies":"Cultist","floor":5,"turns":3},{"damage":22,"enemies":"3 Louse","floor":7,"turns":4},{"damage":16,"enemies":"Lots of Slimes","floor":10,"turns":4},{"damage":33,"enemies":"Large Slime","floor":12,"turns":7},{"damage":14,"enemies":"Looter","floor":14,"turns":2},{"damage":33,"enemies":"The Guardian","floor":16,"turns":6}],"event_choices":[{"event_name":"Big Fish","player_choice":"Donut","floor":2,"damage_taken":0},{"event_name":"The Woman in Blue","player_choice":"Bought 0 Potions","floor":4,"damage_taken":0},{"event_name":"World of Goop","player_choice":"Gather Gold","floor":11,"damage_taken":0}],"boss_relics":[],"potions_floor_spawned":[5,7,12],"seed_played":"-8079007356786770608","killed_by":"The Guardian","ascension_level":12,"is_trial":false}