{"gold_per_floor":[111,111,28,28,44,77,77,110,110,124,124,49,49,64,64,158,158,182,182,207,228,153,153],"floor_reached":23,"playtime":756,"items_purged":["Strike_G"],"score":448,"play_id":"45e490d5-e83c-49b8-a00f-4516abd85166","local_time":"20190408224607","is_ascension_mode":true,"campfire_choices":[{"data":"Noxious Fumes","floor":7,"key":"SMITH"},{"data":"Neutralize","floor":11,"key":"SMITH"},{"data":"Choke","floor":13,"key":"SMITH"},{"data":"Deadly Poison","floor":15,"key":"SMITH"}],"neow_cost":"NONE","seed_source_timestamp":649778230944727,"circlet_count":0,"master_deck":["AscendersBane","Defend_G","Defend_G","Defend_G","Defend_G","Defend_G","Strike_G","Strike_G","Survivor","Neutralize+1","Backstab","Noxious Fumes+1","Choke+1","Die Die Die","Deadly Poison+1","PiercingWail","Tools of the Trade","Die Die Die","Slice"],"relics":["Ring of the Snake","NeowsBlessing","Golden Idol","Du-Vu Doll","Bottled Flame","Matryoshka","Calling Bell","Pen Nib","Ninja Scroll","Mango"],"potions_floor_usage":[8,16,23,23],"damage_taken":[{"damage":0,"enemies":"2 Louse","floor":1,"turns":1},{"damage":0,"enemies":"Jaw Worm","floor":5,"turns":1},{"damage":0,"enemies":"Lagavulin","floor":6,"turns":1},{"damage":11,"enemies":"3 Sentries","floor":8,"turns":7},{"damage":0,"enemies":"Cultist","floor":10,"turns":2},{"damage":3,"enemies":"Looter","floor":14,"turns":3},{"damage":10,"enemies":"Hexaghost","floor":16,"turns":9},{"damage":0,"enemies":"Spheric Guardian","floor":18,"turns":1},{"damage":11,"enemies":"2 Thieves","floor":20,"turns":2},{"damage":20,"enemies":"Snecko","floor":21,"turns":5},{"damage":36,"enemies":"Book of Stabbing","floor":23,"turns":3}],"seed_played":"6576077521261073716","potions_obtained":[{"floor":6,"key":"PowerPotion"},{"floor":8,"key":"Swift Potion"},{"floor":14,"key":"Poison Potion"},{"floor":16,"key":"LiquidBronze"},{"floor":18,"key":"Strength Potion"}],"is_trial":false,"path_per_floor":["M","?","$","?","M","E","R","E","T","M","R","$","R","M","R","B",null,"M","?","M","M","?","E"],"character_chosen":"THE_SILENT","items_purchased":["Noxious Fumes"],"campfire_rested":0,"item_purchase_floors":[3],"current_hp_per_floor":[59,36,36,29,29,29,29,18,18,18,18,18,18,15,15,5,65,65,65,54,34,34,0],"gold":153,"neow_bonus":"THREE_ENEMY_KILL","is_prod":false,"is_daily":false,"chose_seed":false,"campfire_upgraded":4,"win_rate":0,"timestamp":1554777967,"path_taken":["M","?","$","?","?","E","R","E","T","M","R","?","R","M","R","BOSS","M","?","?","M","?","E"],"build_version":"2019-01-23","purchased_purges":1,"victory":false,"max_hp_per_floor":[66,66,66,66,66,66,66,66,66,66,66,66,66,66,66,66,80,80,80,80,80,80,80],"card_choices":[{"not_picked":["Dagger Spray","Caltrops"],"picked":"Backstab","floor":1},{"not_picked":["Bane","All Out Attack"],"picked":"Choke","floor":5},{"not_picked":["Masterful Stab","Terror"],"picked":"Die Die Die","floor":6},{"not_picked":["Underhanded Strike","Poisoned Stab"],"picked":"Deadly Poison","floor":8},{"not_picked":["Finisher","Dagger Throw"],"picked":"PiercingWail","floor":10},{"not_picked":["Poisoned Stab","Sucker Punch"],"picked":"Tools of the Trade","floor":14},{"not_picked":["Grand Finale","Night Terror"],"picked":"Die Die Die","floor":16},{"not_picked":["Blade Dance","Slice","Acrobatics"],"picked":"SKIP","floor":18},{"not_picked":["Blade Dance","Acrobatics"],"picked":"Slice","floor":18},{"not_picked":["Deflect","Choke","Dagger Spray"],"picked":"SKIP","floor":20},{"not_picked":["Backflip","Calculated Gamble","Unload"],"picked":"SKIP","floor":21}],"player_experience":1754981,"relics_obtained":[{"floor":6,"key":"Du-Vu Doll"},{"floor":8,"key":"Bottled Flame"},{"floor":9,"key":"Matryoshka"},{"floor":17,"key":"Pen Nib"},{"floor":17,"key":"Ninja Scroll"},{"floor":17,"key":"Mango"}],"event_choices":[{"damage_healed":0,"gold_gain":0,"player_choice":"Take Damage","damage_taken":23,"relics_obtained":["Golden Idol"],"max_hp_gain":0,"max_hp_loss":0,"event_name":"Golden Idol","floor":2,"gold_loss":0},{"cards_removed":["Strike_G"],"damage_healed":0,"gold_gain":0,"player_choice":"Card Removal","damage_taken":7,"max_hp_gain":0,"max_hp_loss":0,"event_name":"Golden Wing","floor":4,"gold_loss":0},{"cards_removed":["Regret","Injury","Shame"],"damage_healed":0,"gold_gain":0,"player_choice":"Removed Curses","damage_taken":0,"max_hp_gain":0,"max_hp_loss":0,"event_name":"Fountain of Cleansing","floor":19,"gold_loss":0},{"cards_removed":["Strike_G"],"damage_healed":0,"gold_gain":0,"player_choice":"Gave Gold","damage_taken":0,"max_hp_gain":0,"max_hp_loss":0,"event_name":"Beggar","floor":22,"gold_loss":75}],"is_beta":false,"boss_relics":[{"not_picked":["Snecko Eye","Ectoplasm"],"picked":"Calling Bell"}],"items_purged_floors":[12],"is_endless":false,"potions_floor_spawned":[6,8,14,16,18],"killed_by":"Book of Stabbing","ascension_level":20}