{"gold_per_floor":[213,213,227,192,31,31,58,58,58,77,108,108,108,120,120,194,194,212,487,499,510,710,710,289,289,367,367,33,46,79,90,90,166,166,186,204,204,252,352,352,377,28,77,77,92,92,110,0,0,0,0,0,0,0,31,31],"floor_reached":57,"playtime":4403,"items_purged":["Strike_G","Regret","Strike_G"],"score":2912,"play_id":"dc7fea4c-41e7-45d2-b8c6-f204d32b3ace","local_time":"20190505150050","is_ascension_mode":true,"campfire_choices":[{"data":"Deadly Poison","floor":6,"key":"SMITH"},{"floor":8,"key":"REST"},{"floor":12,"key":"REST"},{"data":"Noxious Fumes","floor":15,"key":"SMITH"},{"floor":23,"key":"REST"},{"data":"Neutralize","floor":25,"key":"SMITH"},{"data":"Well Laid Plans","floor":27,"key":"SMITH"},{"data":"Acrobatics","floor":32,"key":"SMITH"},{"data":"Calculated Gamble","floor":40,"key":"SMITH"},{"data":"Calculated Gamble","floor":44,"key":"SMITH"},{"floor":46,"key":"RECALL"},{"data":"Deadly Poison","floor":49,"key":"SMITH"},{"data":"Tactician","floor":53,"key":"SMITH"}],"neow_cost":"NONE","seed_source_timestamp":448108945789239,"circlet_count":0,"master_deck":["AscendersBane","Survivor","Neutralize+1","Well Laid Plans+1","Deadly Poison+1","Noxious Fumes+1","PiercingWail+1","Dagger Spray","Die Die Die","Acrobatics+1","Wraith Form v2+1","Deflect","Acrobatics+1","Wraith Form v2+1","Wraith Form v2+1","Backflip","Corpse Explosion","All Out Attack","Die Die Die","Wraith Form v2+1","Crippling Poison","Choke","Backstab","Tactician+1","Terror","Calculated Gamble+1","Prepared+1","Deadly Poison+1","Calculated Gamble+1","PiercingWail+1","Tactician+1","Acrobatics"],"relics":["Ring of the Snake","Pantograph","Potion Belt","Frozen Egg 2","Matryoshka","Whetstone","Tough Bandages","Black Star","Orichalcum","War Paint","Mummified Hand","DollysMirror","PreservedInsect","Omamori","Pandora\u0027s Box","Girya","Nunchaku","Boot","Prayer Wheel","Dodecahedron","Red Mask","Snake Skull","Bottled Tornado"],"potions_floor_usage":[7,18,30,56,56,56],"damage_taken":[{"damage":13,"enemies":"Jaw Worm","floor":1,"turns":8},{"damage":0,"enemies":"2 Louse","floor":3,"turns":4},{"damage":39,"enemies":"Gremlin Nob","floor":7,"turns":6},{"damage":0,"enemies":"Cultist","floor":10,"turns":4},{"damage":28,"enemies":"Lagavulin","floor":11,"turns":9},{"damage":3,"enemies":"Blue Slaver","floor":14,"turns":5},{"damage":43,"enemies":"Slime Boss","floor":16,"turns":9},{"damage":9,"enemies":"Shell Parasite","floor":18,"turns":6},{"damage":10,"enemies":"Chosen","floor":20,"turns":6},{"damage":12,"enemies":"Snecko","floor":21,"turns":7},{"damage":1,"enemies":"Snake Plant","floor":29,"turns":5},{"damage":19,"enemies":"Slavers","floor":30,"turns":6},{"damage":3,"enemies":"Centurion and Healer","floor":31,"turns":8},{"damage":6,"enemies":"Automaton","floor":33,"turns":11},{"damage":0,"enemies":"Orb Walker","floor":35,"turns":4},{"damage":0,"enemies":"3 Darklings","floor":36,"turns":3},{"damage":0,"enemies":"2 Orb Walkers","floor":38,"turns":4},{"damage":0,"enemies":"Mind Bloom Boss Battle","floor":39,"turns":9},{"damage":0,"enemies":"Nemesis","floor":41,"turns":9},{"damage":0,"enemies":"4 Shapes","floor":45,"turns":5},{"damage":0,"enemies":"Writhing Mass","floor":47,"turns":5},{"damage":0,"enemies":"Donu and Deca","floor":50,"turns":8},{"damage":18,"enemies":"Time Eater","floor":51,"turns":16},{"damage":0,"enemies":"Shield and Spear","floor":55,"turns":7},{"damage":0,"enemies":"The Heart","floor":56,"turns":11}],"seed_played":"-6777465049892020304","potions_obtained":[{"floor":1,"key":"Weak Potion"},{"floor":10,"key":"EssenceOfSteel"},{"floor":11,"key":"Fire Potion"},{"floor":14,"key":"Energy Potion"},{"floor":29,"key":"AttackPotion"},{"floor":31,"key":"AttackPotion"},{"floor":35,"key":"FearPotion"},{"floor":45,"key":"Swift Potion"},{"floor":55,"key":"SkillPotion"}],"is_trial":false,"path_per_floor":["M","?","M","?","$","R","E","R","T","M","E","R","T","M","R","B",null,"M","?","M","M","?","R","$","R","T","R","$","M","E","M","R","B",null,"M","M","?","?","?","R","E","$","T","R","M","R","M","?","R","B","B",null,"R","$","E","B",null],"character_chosen":"THE_SILENT","items_purchased":["Noxious Fumes","Wraith Form v2+1","Orichalcum","DollysMirror","Calculated Gamble","Dodecahedron"],"campfire_rested":3,"item_purchase_floors":[5,24,24,28,42,42],"current_hp_per_floor":[46,41,41,57,57,57,18,37,37,37,9,28,28,25,25,7,51,42,42,32,20,20,39,39,39,39,39,39,38,19,16,16,35,58,58,58,66,66,66,66,66,66,66,66,66,66,66,66,66,66,48,62,62,62,62,66],"gold":31,"neow_bonus":"HUNDRED_GOLD","is_prod":false,"is_daily":false,"chose_seed":false,"campfire_upgraded":9,"win_rate":0,"timestamp":1557093650,"path_taken":["M","?","M","?","?","R","E","R","T","M","E","R","?","M","R","BOSS","M","?","M","?","?","R","$","R","T","R","$","M","E","?","R","BOSS","M","M","?","?","?","R","E","?","T","R","M","R","M","?","R","BOSS","BOSS","R","$","E","BOSS"],"build_version":"2019-04-23","purchased_purges":3,"victory":true,"max_hp_per_floor":[66,66,66,66,66,66,66,66,66,66,66,66,66,66,66,66,66,66,66,66,66,66,66,66,66,66,66,66,66,66,66,66,66,66,66,66,66,66,66,66,66,66,66,66,66,66,66,66,66,66,66,66,66,66,66,66],"card_choices":[{"not_picked":["Infinite Blades","Cloak And Dagger"],"picked":"Well Laid Plans","floor":1},{"not_picked":["Sucker Punch","Leg Sweep"],"picked":"Deadly Poison","floor":3},{"not_picked":["Poisoned Stab","Acrobatics"],"picked":"PiercingWail","floor":7},{"not_picked":["Concentrate","Outmaneuver"],"picked":"Dagger Spray","floor":10},{"not_picked":["Deadly Poison","Distraction"],"picked":"Die Die Die","floor":11},{"not_picked":["Accuracy+1","Expertise"],"picked":"Acrobatics","floor":14},{"not_picked":["Grand Finale","After Image+1"],"picked":"Wraith Form v2+1","floor":16},{"not_picked":["Sucker Punch","Flying Knee","Blade Dance"],"picked":"SKIP","floor":18},{"not_picked":["Underhanded Strike","Slice"],"picked":"Deflect","floor":20},{"not_picked":["Sucker Punch","Bouncing Flask"],"picked":"Acrobatics","floor":21},{"not_picked":["Skewer","Expertise"],"picked":"Backflip","floor":29},{"not_picked":["Flying Knee","Reflex","Distraction"],"picked":"SKIP","floor":30},{"not_picked":["Dagger Spray","Bane","Reflex"],"picked":"SKIP","floor":31},{"not_picked":["A Thousand Cuts+1","Storm of Steel"],"picked":"Corpse Explosion","floor":33},{"not_picked":["Distraction+1","Reflex","Flying Knee+1"],"picked":"SKIP","floor":35},{"not_picked":["Sucker Punch+1","Cloak And Dagger"],"picked":"Calculated Gamble","floor":36},{"not_picked":["Deadly Poison+1","Backflip"],"picked":"Prepared+1","floor":39},{"not_picked":["Choke+1","Underhanded Strike"],"picked":"Deadly Poison","floor":41},{"not_picked":["Bane","Deflect+1"],"picked":"PiercingWail+1","floor":45},{"not_picked":["Finisher","Dagger Throw","Footwork+1"],"picked":"SKIP","floor":45},{"not_picked":["Quick Slash","Grand Finale"],"picked":"Tactician+1","floor":47},{"not_picked":["Cloak And Dagger","Crippling Poison","Slice"],"picked":"SKIP","floor":47},{"not_picked":["Poisoned Stab","Dagger Throw"],"picked":"Acrobatics","floor":55}],"player_experience":6167402,"relics_obtained":[{"floor":7,"key":"Potion Belt"},{"floor":9,"key":"Frozen Egg 2"},{"floor":11,"key":"Matryoshka"},{"floor":13,"key":"Whetstone"},{"floor":13,"key":"Tough Bandages"},{"floor":26,"key":"War Paint"},{"floor":26,"key":"Mummified Hand"},{"floor":30,"key":"PreservedInsect"},{"floor":30,"key":"Omamori"},{"floor":38,"key":"Girya"},{"floor":39,"key":"Nunchaku"},{"floor":41,"key":"Boot"},{"floor":41,"key":"Prayer Wheel"},{"floor":55,"key":"Snake Skull"},{"floor":55,"key":"Bottled Tornado"}],"event_choices":[{"damage_healed":0,"gold_gain":0,"player_choice":"Success","damage_taken":5,"relics_obtained":["Pantograph"],"max_hp_gain":0,"max_hp_loss":0,"event_name":"Scrap Ooze","floor":2,"gold_loss":0},{"damage_healed":16,"gold_gain":0,"player_choice":"Healed","damage_taken":0,"max_hp_gain":0,"max_hp_loss":0,"event_name":"The Cleric","floor":4,"gold_loss":35},{"damage_healed":0,"gold_gain":275,"player_choice":"Desecrate","damage_taken":0,"max_hp_gain":0,"max_hp_loss":0,"event_name":"Golden Shrine","floor":19,"gold_loss":0,"cards_obtained":["Regret"]},{"damage_healed":0,"gold_gain":250,"player_choice":"Bet on Owner","damage_taken":0,"max_hp_gain":0,"max_hp_loss":0,"event_name":"The Joust","floor":22,"gold_loss":50},{"damage_healed":13,"gold_gain":0,"player_choice":"Writhe","damage_taken":0,"max_hp_gain":0,"max_hp_loss":0,"event_name":"Winding Halls","floor":37,"gold_loss":0,"cards_obtained":["Writhe"]},{"damage_healed":0,"gold_gain":0,"player_choice":"Fight","damage_taken":0,"max_hp_gain":0,"max_hp_loss":0,"event_name":"Mysterious Sphere","floor":38,"gold_loss":0},{"damage_healed":0,"gold_gain":0,"player_choice":"Fight","damage_taken":0,"max_hp_gain":0,"max_hp_loss":0,"event_name":"MindBloom","floor":39,"gold_loss":0},{"damage_healed":0,"gold_gain":0,"player_choice":"Paid","damage_taken":0,"relics_obtained":["Red Mask"],"max_hp_gain":0,"max_hp_loss":0,"event_name":"Tomb of Lord Red Mask","floor":48,"gold_loss":110}],"is_beta":true,"boss_relics":[{"not_picked":["Busted Crown","Calling Bell"],"picked":"Black Star"},{"not_picked":["HoveringKite","Lizard Tail"],"picked":"Pandora\u0027s Box"}],"items_purged_floors":[5,24,28],"is_endless":false,"potions_floor_spawned":[1,10,11,14,29,31,35,38,45,55],"ascension_level":20}