{"gold_per_floor":[114,2,2,2,18,50,50,50,50,83,83,29,53,67,67,161,161,177,227,212,212,137,137,171,59,85,0,24,24,67,91,91,91],"floor_reached":33,"playtime":1682,"items_purged":[],"score":657,"play_id":"d4d99681-9b2f-4cbc-8b1a-2332cedc286e","local_time":"20190501001955","is_ascension_mode":true,"campfire_choices":[{"data":"Deadly Poison","floor":7,"key":"SMITH"},{"data":"Cloak And Dagger","floor":15,"key":"SMITH"},{"data":"Dagger Spray","floor":23,"key":"SMITH"},{"data":"Footwork","floor":32,"key":"SMITH"}],"neow_cost":"NONE","seed_source_timestamp":712908299603407,"circlet_count":0,"master_deck":["AscendersBane","Defend_G","Defend_G","Defend_G","Defend_G","Defend_G","Strike_G","Strike_G+1","Strike_G","Strike_G","Survivor","Neutralize+1","Dagger Spray+1","Footwork+1","Deadly Poison+1","Cloak And Dagger+1","Dodge and Roll+1","Backflip+1","Prepared+1","Cloak And Dagger+1","Malaise+1","Deadly Poison+1","Crippling Poison+1","Backflip+1","Deadly Poison+1","Backflip+1","Backflip+1"],"relics":["Ring of the Snake","NeowsBlessing","PreservedInsect","Ancient Tea Set","Toxic Egg 2","Dream Catcher","Golden Idol","Coffee Dripper","Nilry\u0027s Codex","Blood Vial","Bronze Scales","Du-Vu Doll","StoneCalendar"],"potions_floor_usage":[10,16,16,30,31,33,33],"damage_taken":[{"damage":0,"enemies":"Jaw Worm","floor":1,"turns":1},{"damage":0,"enemies":"Small Slimes","floor":5,"turns":1},{"damage":0,"enemies":"Lagavulin","floor":6,"turns":1},{"damage":8,"enemies":"Gremlin Nob","floor":10,"turns":3},{"damage":0,"enemies":"Cultist","floor":13,"turns":4},{"damage":2,"enemies":"3 Louse","floor":14,"turns":3},{"damage":10,"enemies":"Hexaghost","floor":16,"turns":11},{"damage":0,"enemies":"3 Byrds","floor":18,"turns":5},{"damage":0,"enemies":"2 Thieves","floor":20,"turns":4},{"damage":4,"enemies":"Book of Stabbing","floor":24,"turns":5},{"damage":8,"enemies":"Snake Plant","floor":28,"turns":5},{"damage":11,"enemies":"Slavers","floor":30,"turns":3},{"damage":5,"enemies":"Centurion and Healer","floor":31,"turns":7},{"damage":6,"enemies":"Automaton","floor":33,"turns":12}],"seed_played":"778666698777249182","potions_obtained":[{"floor":5,"key":"Poison Potion"},{"floor":6,"key":"PowerPotion"},{"floor":10,"key":"Block Potion"},{"floor":18,"key":"Energy Potion"},{"floor":28,"key":"GhostInAJar"},{"floor":30,"key":"Poison Potion"},{"floor":31,"key":"GamblersBrew"}],"is_trial":false,"path_per_floor":["M","$","?","?","M","E","R","?","T","E","?","$","M","M","R","B",null,"M","?","M","?","?","R","E","$","T","?","M","$","E","M","R","B"],"character_chosen":"THE_SILENT","items_purchased":["Footwork","Deadly Poison","Backflip+1","Backflip+1","Block Potion"],"campfire_rested":0,"item_purchase_floors":[2,2,12,25,25],"current_hp_per_floor":[59,59,59,48,48,48,48,28,28,20,20,20,20,18,18,8,47,47,47,47,26,26,26,22,22,22,22,16,16,7,4,4,0],"gold":91,"neow_bonus":"THREE_ENEMY_KILL","is_prod":false,"is_daily":false,"chose_seed":false,"campfire_upgraded":4,"win_rate":0,"timestamp":1556684395,"path_taken":["M","$","?","?","?","E","R","?","T","E","?","?","M","M","R","BOSS","M","?","M","?","?","R","E","$","T","?","M","$","E","M","R","BOSS"],"build_version":"2019-01-23","purchased_purges":0,"victory":false,"max_hp_per_floor":[66,66,66,66,66,66,66,66,66,66,60,60,60,60,60,60,60,60,60,60,60,60,60,60,60,60,60,60,60,60,60,60,60],"card_choices":[{"not_picked":["Dagger Throw","Sucker Punch"],"picked":"Dagger Spray","floor":1},{"not_picked":["Infinite Blades","Underhanded Strike","Quick Slash"],"picked":"SKIP","floor":5},{"not_picked":["Infinite Blades","Predator"],"picked":"Cloak And Dagger","floor":6},{"not_picked":["Acrobatics+1","Dagger Throw"],"picked":"Dodge and Roll+1","floor":10},{"not_picked":["Bullet Time+1","Choke"],"picked":"Prepared+1","floor":13},{"not_picked":["Accuracy","Finisher"],"picked":"Cloak And Dagger+1","floor":14},{"not_picked":["Phantasmal Killer+1","Storm of Steel+1"],"picked":"Malaise+1","floor":16},{"not_picked":["Sucker Punch","Outmaneuver+1"],"picked":"Deadly Poison+1","floor":18},{"not_picked":["Calculated Gamble+1","Eviscerate"],"picked":"Crippling Poison+1","floor":20},{"not_picked":["Distraction+1","Infinite Blades","Slice+1"],"picked":"SKIP","floor":24},{"not_picked":["Footwork","Outmaneuver+1"],"picked":"Deadly Poison+1","floor":28},{"not_picked":["Setup+1","Poisoned Stab"],"picked":"Backflip+1","floor":30},{"not_picked":["Footwork","Slice"],"picked":"Backflip+1","floor":31}],"player_experience":2175861,"relics_obtained":[{"floor":6,"key":"Ancient Tea Set"},{"floor":9,"key":"Toxic Egg 2"},{"floor":10,"key":"Dream Catcher"},{"floor":21,"key":"Nilry\u0027s Codex"},{"floor":24,"key":"Blood Vial"},{"floor":26,"key":"Bronze Scales"},{"floor":30,"key":"StoneCalendar"}],"event_choices":[{"damage_healed":0,"gold_gain":0,"player_choice":"Leave","damage_taken":0,"max_hp_gain":0,"max_hp_loss":0,"event_name":"The Cleric","floor":3,"gold_loss":0},{"damage_healed":0,"gold_gain":0,"player_choice":"Success","damage_taken":11,"relics_obtained":["PreservedInsect"],"max_hp_gain":0,"max_hp_loss":0,"event_name":"Scrap Ooze","floor":4,"gold_loss":0},{"damage_healed":0,"gold_gain":0,"player_choice":"Entered Light","damage_taken":20,"max_hp_gain":0,"max_hp_loss":0,"event_name":"Shining Light","floor":8,"gold_loss":0,"cards_upgraded":["Neutralize","Strike_G"]},{"damage_healed":0,"gold_gain":0,"player_choice":"Lose Max HP","damage_taken":0,"relics_obtained":["Golden Idol"],"max_hp_gain":0,"max_hp_loss":6,"event_name":"Golden Idol","floor":11,"gold_loss":0},{"damage_healed":0,"gold_gain":50,"player_choice":"Stole From Cult","damage_taken":0,"max_hp_gain":0,"max_hp_loss":0,"event_name":"Nest","floor":19,"gold_loss":0},{"damage_healed":0,"gold_gain":0,"player_choice":"Obtained Book","damage_taken":21,"max_hp_gain":0,"max_hp_loss":0,"event_name":"Cursed Tome","floor":21,"gold_loss":0},{"cards_removed":["Strike_G"],"damage_healed":0,"gold_gain":0,"player_choice":"Gave Gold","damage_taken":0,"max_hp_gain":0,"max_hp_loss":0,"event_name":"Beggar","floor":22,"gold_loss":75},{"damage_healed":0,"gold_gain":0,"player_choice":"Obtained Relic","damage_taken":0,"relics_obtained":["Du-Vu Doll"],"max_hp_gain":0,"max_hp_loss":0,"event_name":"Addict","floor":27,"gold_loss":85}],"is_beta":false,"boss_relics":[{"not_picked":["Eternal Feather","Black Star"],"picked":"Coffee Dripper"}],"items_purged_floors":[],"is_endless":false,"potions_floor_spawned":[5,6,10,13,18,28,30,31],"killed_by":"Automaton","ascension_level":20}