{"path_per_floor":["M","$","T","M","?","E","?","R","T","M","R","M","R","?","R","B",null,"M","M","?","?","$","R","?","R","T","R","?","R","E","$","R","B",null],"character_chosen":"THE_SILENT","items_purchased":["Blade Dance","Molten Egg 2","Noxious Fumes","Catalyst","Dagger Throw"],"gold_per_floor":[114,76,76,87,87,119,119,119,119,138,138,163,163,113,113,239,239,259,272,272,272,15,15,15,15,315,315,315,315,342,99,99,197,197,197],"floor_reached":35,"campfire_rested":0,"playtime":1557,"current_hp_per_floor":[63,63,63,63,56,56,56,56,56,56,56,48,48,48,48,40,59,59,54,54,54,54,54,54,54,59,59,45,45,39,39,39,43,45,0],"items_purged":["Doubt"],"gold":197,"score":634,"play_id":"dabe5f77-7b21-4b4a-824f-eb09a7e5cf89","local_time":"20180325105756","is_prod":false,"is_daily":false,"is_ascension_mode":true,"campfire_upgraded":9,"timestamp":1521989876,"path_taken":["M","$","?","?","?","E","?","R","T","M","R","M","R","?","R","BOSS","M","M","?","?","$","R","?","R","T","R","?","R","E","$","R","BOSS","M"],"build_version":"2018-03-22v2","purchased_purges":2,"victory":false,"master_deck":["Defend_G","Survivor","Neutralize+1","AscendersBane","Infinite Blades+1","Blade Dance+1","Finisher+1","After Image+1","Backstab","Malaise+1","After Image+1","Parasite","Decay","Leg Sweep+1","Choke+1","Good Instincts","Flying Knee","Bullet Time","Bite+1","Bite+1","Bite+1","Bite+1","Bite+1","Cloak And Dagger+1","Noxious Fumes+1","Catalyst","Dagger Throw+1","Burst","Tactician+1","Bane+1","Burst+1"],"max_hp_per_floor":[70,70,70,70,70,70,65,65,65,65,65,65,65,65,65,65,65,65,65,65,65,65,65,65,65,65,65,45,45,45,45,45,45,45,45],"relics":["Ring of the Snake","NeowsBlessing","Gambling Chip","Meat on the Bone","Bloody Idol","Dead Branch","Calling Bell","Happy Flower","Matryoshka","Vajra","Molten Egg 2","Bronze Scales","Old Coin","Orichalcum","Astrolabe"],"card_choices":[{"not_picked":["Dagger Throw","Cloak And Dagger"],"picked":"Infinite Blades","floor":1},{"not_picked":["Slice","Backflip"],"picked":"Finisher","floor":4},{"not_picked":["Dagger Throw","Acrobatics"],"picked":"After Image","floor":6},{"not_picked":["Poisoned Stab","Quick Slash"],"picked":"Backstab","floor":10},{"not_picked":["Deflect","Prepared"],"picked":"Malaise","floor":12},{"not_picked":["Bullet Time","Die Die Die"],"picked":"After Image","floor":16},{"not_picked":["Bane","Calculated Gamble"],"picked":"Leg Sweep","floor":18},{"not_picked":["Acrobatics","Deadly Poison"],"picked":"Choke","floor":19},{"not_picked":["Poisoned Stab","Finisher"],"picked":"Cloak And Dagger","floor":30},{"not_picked":["Die Die Die","Adrenaline"],"picked":"Burst","floor":33}],"player_experience":597008,"potions_floor_usage":[16,30,33,33],"damage_taken":[{"damage":0,"enemies":"Cultist","floor":1,"turns":1},{"damage":0,"enemies":"Jaw Worm","floor":4,"turns":1},{"damage":0,"enemies":"3 Sentries","floor":6,"turns":1},{"damage":0,"enemies":"2 Louse","floor":10,"turns":4},{"damage":8,"enemies":"Exordium Wildlife","floor":12,"turns":5},{"damage":20,"enemies":"Slime Boss","floor":16,"turns":7},{"damage":0,"enemies":"Shell Parasite","floor":18,"turns":5},{"damage":5,"enemies":"Spheric Guardian","floor":19,"turns":6},{"damage":14,"enemies":"Gremlin Leader","floor":30,"turns":7},{"damage":19,"enemies":"Champ","floor":33,"turns":11},{"damage":57,"enemies":"3 Shapes","floor":35,"turns":3}],"event_choices":[{"event_name":"Golden Wing","player_choice":"Card Removal","floor":5,"damage_taken":0},{"event_name":"Golden Idol","player_choice":"Lose Max HP","floor":7,"damage_taken":0},{"event_name":"The Cleric","player_choice":"Card Removal","floor":14,"damage_taken":0},{"event_name":"Forgotten Altar","player_choice":"Gave Idol","floor":20,"damage_taken":0},{"event_name":"Match and Keep!","player_choice":"3 cards matched","floor":21,"damage_taken":0},{"event_name":"Drug Dealer","player_choice":"Ignored","floor":24,"damage_taken":0},{"event_name":"Vampires","player_choice":"Became a vampire","floor":28,"damage_taken":0}],"boss_relics":[{"not_picked":["White Beast Statue","Snecko Eye"],"picked":"Calling Bell"},{"not_picked":["Philosopher\u0027s Stone","Lizard Tail"],"picked":"Astrolabe"}],"potions_floor_spawned":[6,12,16,30],"seed_played":"-5868723055325743339","killed_by":"3 Shapes","ascension_level":11,"is_trial":false}