{"path_per_floor":["M","?","$","?","$","E","R","E","T","E","R","?","M","M","R","B",null,"M","M","?","?","$","R","E","$","T","R","M","M","M","?","R"],"character_chosen":"IRONCLAD","items_purchased":["Flex","Anchor","Inflame","Fire Potion","Metallicize"],"gold_per_floor":[116,66,66,66,19,53,53,86,86,126,126,126,142,156,156,275,275,253,277,277,277,6,6,50,13,313,313,333,357,370,370,370],"floor_reached":33,"campfire_rested":1,"playtime":934,"current_hp_per_floor":[78,77,77,58,58,64,64,70,70,66,66,51,55,61,61,57,72,51,57,57,57,57,57,53,53,53,53,57,43,53,45,77],"items_purged":[],"gold":370,"score":497,"play_id":"7938c06b-16f3-44bf-bfb0-8e4d5673c820","local_time":"20180317122107","is_prod":false,"is_daily":false,"is_ascension_mode":true,"campfire_upgraded":5,"timestamp":1521303667,"path_taken":["M","?","$","?","$","E","R","E","T","E","R","?","M","M","R","BOSS","M","?","?","?","?","R","E","$","T","R","M","?","M","?","R","BOSS"],"build_version":"2018-03-15v2","purchased_purges":1,"victory":false,"master_deck":["Strike_R+1","Strike_R+1","Strike_R+1","Strike_R+1","Strike_R+1","Defend_R+1","Defend_R+1","Defend_R+1","Defend_R+1","Bash+1","Heavy Blade+1","Flex+1","Flame Barrier+1","Rampage+1","Offering+1","Heavy Blade","Inflame+1","Twin Strike+1","Metallicize+1","Inflame+1","Twin Strike+1"],"max_hp_per_floor":[80,77,77,77,77,77,77,77,77,77,77,77,77,77,77,77,77,77,77,77,77,77,77,77,77,77,77,77,77,77,77,77],"relics":["Black Blood","NeowsBlessing","Golden Idol","Dodecahedron","Omamori","Regal Pillow","Lantern","Ancient Tea Set","Anchor","War Paint","Old Coin"],"card_choices":[{"not_picked":["Clash","Havoc"],"picked":"Heavy Blade"},{"not_picked":["Warcry","Thunderclap"],"picked":"Flame Barrier"},{"not_picked":["Perfected Strike","Blood for Blood"],"picked":"Rampage"},{"not_picked":["Double Tap","Fiend Fire"],"picked":"Offering"},{"not_picked":["Headbutt","Intimidate"],"picked":"Heavy Blade"},{"not_picked":["Wild Strike","Whirlwind"],"picked":"Twin Strike"},{"not_picked":["Heavy Blade","Burning Pact"],"picked":"Inflame"},{"not_picked":["Immolate","Whirlwind"],"picked":"Twin Strike"}],"player_experience":531306,"potions_floor_usage":[16,16,16,24,29,30,33],"damage_taken":[{"damage":0,"enemies":"Small Slimes","floor":1,"turns":1},{"damage":0,"enemies":"Gremlin Nob","floor":6,"turns":1},{"damage":0,"enemies":"Lagavulin","floor":8,"turns":1},{"damage":10,"enemies":"Gremlin Nob","floor":10,"turns":3},{"damage":2,"enemies":"Cultist","floor":13,"turns":4},{"damage":0,"enemies":"Jaw Worm","floor":14,"turns":2},{"damage":10,"enemies":"Slime Boss","floor":16,"turns":10},{"damage":31,"enemies":"2 Thieves","floor":18,"turns":5},{"damage":4,"enemies":"Spheric Guardian","floor":19,"turns":3},{"damage":14,"enemies":"Slavers","floor":24,"turns":4},{"damage":6,"enemies":"Snake Plant","floor":28,"turns":3},{"damage":24,"enemies":"Sentry and Sphere","floor":29,"turns":4},{"damage":0,"enemies":"Snecko","floor":30,"turns":3},{"damage":78,"enemies":"Automaton","floor":33,"turns":8}],"event_choices":[{"event_name":"The Cleric","player_choice":"Card Removal","floor":2,"damage_taken":0},{"event_name":"Golden Idol","player_choice":"Take Damage","floor":4,"damage_taken":0},{"event_name":"Shining Light","player_choice":"Entered Light","floor":12,"damage_taken":0},{"event_name":"Back to Basics","player_choice":"Simplicity","floor":20,"damage_taken":0},{"event_name":"The Mausoleum","player_choice":"Yes","floor":21,"damage_taken":0},{"event_name":"Knowing Skull","player_choice":"","floor":31,"damage_taken":0}],"boss_relics":[{"not_picked":["Philosopher\u0027s Stone","Question Card"],"picked":"Black Blood"}],"potions_floor_spawned":[6,8,13,18,28,30],"seed_played":"-5393472349846224","killed_by":"Automaton","ascension_level":10,"is_trial":false}