{"gold_per_floor":[117,34,34,53,65,65,82,113,137,152,152,163,198,208,208,281,281,293,14,28,28,28,28,47,47,47,58,58,70,70],"floor_reached":30,"playtime":1649,"items_purged":[],"score":513,"play_id":"189d0a64-2b48-4110-a4ca-38e38be734a3","local_time":"20190403220536","is_ascension_mode":true,"campfire_choices":[{"data":"Barrage","floor":6,"key":"SMITH"},{"data":"Zap","floor":11,"key":"SMITH"},{"data":"Seek","floor":15,"key":"SMITH"},{"floor":23,"key":"REST"},{"floor":25,"key":"REST"},{"floor":28,"key":"RECALL"}],"neow_cost":"TEN_PERCENT_HP_LOSS","seed_source_timestamp":0,"circlet_count":0,"master_deck":["AscendersBane","Defend_B","Defend_B","Defend_B","Defend_B","Zap+1","Dualcast","Barrage+1","Hologram","Core Surge","Hologram","Cold Snap","Melter","Go for the Eyes","Conserve Battery","Echo Form","Seek+1","Capacitor","Echo Form","Cold Snap+1","Capacitor","Bite","Bite","Bite","Bite","Bite","Ball Lightning"],"special_seed":0,"relics":["Cracked Core","Gambling Chip","Bag of Marbles","Lantern","Regal Pillow","Fusion Hammer","Membership Card","Bottled Lightning"],"potions_floor_usage":[7,8,16,18,27,29],"damage_taken":[{"damage":7,"enemies":"Small Slimes","floor":1,"turns":3},{"damage":0,"enemies":"Cultist","floor":4,"turns":3},{"damage":4,"enemies":"Jaw Worm","floor":5,"turns":4},{"damage":0,"enemies":"Lots of Slimes","floor":7,"turns":2},{"damage":18,"enemies":"3 Sentries","floor":8,"turns":6},{"damage":2,"enemies":"2 Fungi Beasts","floor":10,"turns":2},{"damage":0,"enemies":"3 Louse","floor":12,"turns":2},{"damage":12,"enemies":"Gremlin Nob","floor":13,"turns":4},{"damage":3,"enemies":"Blue Slaver","floor":14,"turns":2},{"damage":1,"enemies":"Slime Boss","floor":16,"turns":8},{"damage":3,"enemies":"3 Byrds","floor":18,"turns":5},{"damage":12,"enemies":"Shell Parasite","floor":20,"turns":2},{"damage":23,"enemies":"Shelled Parasite and Fungi","floor":24,"turns":5},{"damage":8,"enemies":"Cultist and Chosen","floor":27,"turns":5},{"damage":5,"enemies":"Snecko","floor":29,"turns":4},{"damage":51,"enemies":"Slavers","floor":30,"turns":2}],"seed_played":"6459658799336321826","potions_obtained":[{"floor":4,"key":"Energy Potion"},{"floor":10,"key":"SmokeBomb"},{"floor":13,"key":"AttackPotion"},{"floor":16,"key":"EssenceOfSteel"},{"floor":20,"key":"Block Potion"}],"is_trial":false,"path_per_floor":["M","$","?","M","M","R","M","E","T","M","R","M","E","M","R","B",null,"M","$","M","?","?","R","M","R","T","M","R","M","E"],"character_chosen":"DEFECT","items_purchased":["AttackPotion","Hologram","Membership Card","Capacitor","FocusPotion"],"campfire_rested":2,"item_purchase_floors":[2,2,19,19,19],"current_hp_per_floor":[57,57,57,57,53,53,53,35,35,33,33,33,21,18,18,17,52,49,49,37,37,31,44,25,44,44,42,42,44,0],"gold":70,"neow_bonus":"ONE_RARE_RELIC","is_prod":false,"is_daily":false,"chose_seed":false,"campfire_upgraded":3,"win_rate":0,"timestamp":1554343536,"path_taken":["M","$","?","M","?","R","M","E","T","M","R","M","E","M","R","BOSS","M","$","M","?","?","R","M","R","T","?","R","M","E"],"build_version":"2019-01-23","purchased_purges":0,"victory":false,"max_hp_per_floor":[64,64,64,64,64,64,64,64,64,64,64,64,64,64,64,64,64,64,64,64,44,44,44,44,44,44,44,44,44,44],"card_choices":[{"not_picked":["Rebound","Recycle"],"picked":"Barrage","floor":1},{"not_picked":["Steam","Lockon"],"picked":"Hologram","floor":4},{"not_picked":["Self Repair","Darkness"],"picked":"Cold Snap","floor":5},{"not_picked":["Sweeping Beam","Cold Snap"],"picked":"Melter","floor":7},{"not_picked":["Steam","Hologram"],"picked":"Go for the Eyes","floor":8},{"not_picked":["Stack","Heatsinks"],"picked":"Conserve Battery","floor":10},{"not_picked":["Compile Driver","Sweeping Beam"],"picked":"Echo Form","floor":12},{"not_picked":["Turbo","Auto Shields"],"picked":"Seek","floor":13},{"not_picked":["Streamline","Hologram"],"picked":"Capacitor","floor":14},{"not_picked":["All For One","Multi-Cast"],"picked":"Echo Form","floor":16},{"not_picked":["Ball Lightning","Streamline"],"picked":"Cold Snap+1","floor":18},{"not_picked":["Redo","Beam Cell","Compile Driver"],"picked":"SKIP","floor":20},{"not_picked":["Streamline","Redo","Turbo+1"],"picked":"SKIP","floor":24},{"not_picked":["Hello World","Leap"],"picked":"Ball Lightning","floor":27},{"not_picked":["Lockon","Gash+1","Turbo"],"picked":"SKIP","floor":29}],"player_experience":1577836,"relics_obtained":[{"floor":8,"key":"Bag of Marbles"},{"floor":9,"key":"Lantern"},{"floor":13,"key":"Regal Pillow"},{"floor":26,"key":"Bottled Lightning"}],"event_choices":[{"damage_healed":0,"gold_gain":0,"cards_transformed":["Strike_B"],"player_choice":"Transformed","damage_taken":0,"max_hp_gain":0,"max_hp_loss":0,"event_name":"Transmorgrifier","floor":3,"gold_loss":0,"cards_obtained":["Core Surge"]},{"damage_healed":0,"gold_gain":0,"player_choice":"Became a vampire","damage_taken":0,"max_hp_gain":0,"max_hp_loss":20,"event_name":"Vampires","floor":21,"gold_loss":0,"cards_obtained":["Bite","Bite","Bite","Bite","Bite"]},{"damage_healed":0,"gold_gain":0,"player_choice":"","damage_taken":6,"max_hp_gain":0,"max_hp_loss":0,"event_name":"Knowing Skull","floor":22,"potions_obtained":[],"gold_loss":0,"cards_obtained":[]}],"is_beta":false,"boss_relics":[{"not_picked":["White Beast Statue","Lizard Tail"],"picked":"Fusion Hammer"}],"items_purged_floors":[],"is_endless":false,"potions_floor_spawned":[4,10,13,16,20],"killed_by":"Slavers","ascension_level":20}