{"gold_per_floor":[110,130,146,296,52,52,87,103,103,128,43,104,104,137,137,216,216,235,235,235,18,33,63,63,96,96,129,129,144,144,156,156,233,263,275,327,63,338,32,58,58,85,111,129,129,129,129,148,148,148],"floor_reached":50,"playtime":2253,"items_purged":["Doubt","Writhe"],"score":1394,"play_id":"5f99ba09-f53b-4482-a83e-b59c8c90f2ce","local_time":"20190506163446","is_ascension_mode":true,"campfire_choices":[{"data":"Predator","floor":6.0,"key":"SMITH"},{"floor":13.0,"key":"REST"},{"data":"Masterful Stab","floor":15.0,"key":"SMITH"},{"data":"Glass Knife","floor":28.0,"key":"SMITH"},{"data":"Malaise","floor":30.0,"key":"SMITH"},{"floor":32.0,"key":"REST"},{"floor":41.0,"key":"REST"},{"floor":45.0,"key":"RECALL"},{"floor":47.0,"key":"REST"},{"floor":49.0,"key":"REST"}],"neow_cost":"NONE","seed_source_timestamp":0,"circlet_count":0,"master_deck":["AscendersBane","Defend_G+1","Defend_G+1","Defend_G+1","Defend_G+1","Defend_G+1","Strike_G+1","Strike_G+1","Strike_G+1","Strike_G+1","Strike_G+1","Survivor","Neutralize+1","Predator+1","Deadly Poison","Masterful Stab+1","Malaise+1","Well Laid Plans+1","Poisoned Stab","Glass Knife+1","Deadly Poison+1","Acrobatics+1","Shame","Dagger Spray","Leg Sweep","Envenom+1","Shame","Parasite","Regret","Caltrops+1","Glass Knife+1","Noxious Fumes+1","Dagger Spray+1","Leg Sweep+1","Poisoned Stab+1"],"special_seed":0,"relics":["Ring of the Snake","Vajra","Frozen Egg 2","Gremlin Horn","Letter Opener","PreservedInsect","Shuriken","Velvet Choker","Bag of Preparation","Ninja Scroll","Tingsha","Ornamental Fan","Du-Vu Doll","Centennial Puzzle","Calling Bell","Tiny Chest","The Courier","Prayer Wheel","Peace Pipe","Pen Nib","Membership Card","Molten Egg 2","Darkstone Periapt","StoneCalendar"],"potions_floor_usage":[50],"damage_taken":[{"damage":0.0,"enemies":"2 Louse","floor":1.0,"turns":2.0},{"damage":4.0,"enemies":"Small Slimes","floor":2.0,"turns":3.0},{"damage":0.0,"enemies":"Jaw Worm","floor":3.0,"turns":4.0},{"damage":10.0,"enemies":"3 Sentries","floor":7.0,"turns":6.0},{"damage":11.0,"enemies":"Large Slime","floor":8.0,"turns":4.0},{"damage":15.0,"enemies":"Lagavulin","floor":10.0,"turns":4.0},{"damage":13.0,"enemies":"Lagavulin Event","floor":12.0,"turns":5.0},{"damage":10.0,"enemies":"3 Sentries","floor":14.0,"turns":4.0},{"damage":14.0,"enemies":"Slime Boss","floor":16.0,"turns":5.0},{"damage":6.0,"enemies":"3 Byrds","floor":18.0,"turns":3.0},{"damage":3.0,"enemies":"2 Thieves","floor":22.0,"turns":3.0},{"damage":7.0,"enemies":"Slavers","floor":23.0,"turns":3.0},{"damage":11.0,"enemies":"Book of Stabbing","floor":25.0,"turns":4.0},{"damage":10.0,"enemies":"Gremlin Leader","floor":27.0,"turns":3.0},{"damage":0.0,"enemies":"Cultist and Chosen","floor":29.0,"turns":5.0},{"damage":0.0,"enemies":"Chosen and Byrds","floor":31.0,"turns":3.0},{"damage":0.0,"enemies":"Collector","floor":33.0,"turns":6.0},{"damage":3.0,"enemies":"3 Shapes","floor":35.0,"turns":6.0},{"damage":29.0,"enemies":"2 Orb Walkers","floor":36.0,"turns":3.0},{"damage":14.0,"enemies":"Reptomancer","floor":40.0,"turns":3.0},{"damage":9.0,"enemies":"Nemesis","floor":42.0,"turns":3.0},{"damage":7.0,"enemies":"Orb Walker","floor":44.0,"turns":2.0},{"damage":6.0,"enemies":"Sphere and 2 Shapes","floor":48.0,"turns":2.0},{"damage":63,"enemies":"Awakened One","floor":50,"turns":6}],"seed_played":"8983232499754444329","potions_obtained":[{"floor":2.0,"key":"Strength Potion"},{"floor":7.0,"key":"Swift Potion"},{"floor":8.0,"key":"SteroidPotion"},{"floor":10.0,"key":"LiquidBronze"},{"floor":14.0,"key":"SteroidPotion"},{"floor":16.0,"key":"Ancient Potion"},{"floor":25.0,"key":"PowerPotion"},{"floor":31.0,"key":"PowerPotion"},{"floor":44.0,"key":"Explosive Potion"},{"floor":48.0,"key":"Strength Potion"}],"is_trial":false,"path_per_floor":["M","M","M","?","$","R","E","M","T","E","$","?","R","E","R","B",null,"M","?","?","$","M","E","?","E","T","E","R","M","R","M","R","B",null,"M","?","$","?","$","E","R","E","T","M","R","?","R","M","R","B"],"character_chosen":"THE_SILENT","items_purchased":["Vajra","Well Laid Plans+1","Bag of Preparation","Explosive Potion","Pen Nib","Block Potion","Membership Card","Caltrops+1","Molten Egg 2"],"campfire_rested":5,"item_purchase_floors":[5,11,21,21,37,37,39,39,39],"current_hp_per_floor":[59,55,55,55,55,55,45,34,34,19,19,6,25,15,15,1,50,44,57,57,57,54,47,47,36,36,26,26,26,26,26,45,45,61,58,29,29,29,29,15,34,25,25,18,18,18,37,31,50,0],"gold":148,"neow_bonus":"UPGRADE_CARD","is_prod":false,"is_daily":false,"chose_seed":false,"campfire_upgraded":4,"win_rate":0,"timestamp":1557174886,"path_taken":["M","M","M","?","$","R","E","M","T","E","$","?","R","E","R","BOSS","M","?","?","$","?","E","?","E","T","E","R","M","R","M","R","BOSS","M","?","$","?","$","E","R","E","T","?","R","?","R","M","R","BOSS"],"build_version":"2019-01-23","purchased_purges":2,"victory":false,"max_hp_per_floor":[66,66,66,66,66,66,66,66,66,66,66,66,66,66,66,66,66,66,66,66,66,66,66,66,66,66,66,66,66,66,66,66,66,66,66,66,66,66,66,66,66,66,66,66,66,66,66,66,66,66],"card_choices":[{"not_picked":["Bane","Blade Dance"],"picked":"Predator","floor":1.0},{"not_picked":["Poisoned Stab","Tactician"],"picked":"Deadly Poison","floor":2.0},{"not_picked":["Quick Slash","Distraction"],"picked":"Masterful Stab","floor":3.0},{"not_picked":["Acrobatics","Accuracy","Setup"],"picked":"SKIP","floor":7.0},{"not_picked":["Outmaneuver","Flying Knee","Dodge and Roll"],"picked":"SKIP","floor":8.0},{"not_picked":["Crippling Poison","Flying Knee"],"picked":"Malaise","floor":10.0},{"not_picked":["Finisher","Setup"],"picked":"Poisoned Stab","floor":12.0},{"not_picked":["Distraction","Dagger Throw","Burst"],"picked":"SKIP","floor":14.0},{"not_picked":["Night Terror","Venomology"],"picked":"Glass Knife","floor":16.0},{"not_picked":["Calculated Gamble","Blur","Prepared+1"],"picked":"SKIP","floor":18.0},{"not_picked":["Slice","Poisoned Stab"],"picked":"Deadly Poison+1","floor":22.0},{"not_picked":["Bouncing Flask","Dagger Throw"],"picked":"Acrobatics+1","floor":23.0},{"not_picked":["Expertise","Masterful Stab","Quick Slash"],"picked":"SKIP","floor":25.0},{"not_picked":["Finisher","Expertise","Escape Plan"],"picked":"SKIP","floor":27.0},{"not_picked":["Blur","Flying Knee"],"picked":"Dagger Spray","floor":29.0},{"not_picked":["Setup+1","Underhanded Strike"],"picked":"Leg Sweep","floor":31.0},{"not_picked":["Grand Finale","Adrenaline"],"picked":"Envenom+1","floor":33.0},{"not_picked":["Dagger Throw","Poisoned Stab","Underhanded Strike"],"picked":"SKIP","floor":35.0},{"not_picked":["Distraction+1","Predator","Outmaneuver"],"picked":"SKIP","floor":35.0},{"not_picked":["Dagger Spray+1","PiercingWail"],"picked":"Glass Knife+1","floor":40.0},{"not_picked":["Prepared","Burst"],"picked":"Noxious Fumes+1","floor":42.0},{"not_picked":["Accuracy+1","PiercingWail"],"picked":"Dagger Spray+1","floor":44.0},{"not_picked":["Heel Hook+1","Slice+1","Acrobatics"],"picked":"SKIP","floor":44.0},{"not_picked":["Dodge and Roll","Skewer+1"],"picked":"Leg Sweep+1","floor":48.0},{"not_picked":["Setup","PiercingWail"],"picked":"Poisoned Stab+1","floor":48.0}],"player_experience":2412884,"relics_obtained":[{"floor":7.0,"key":"Frozen Egg 2"},{"floor":9.0,"key":"Gremlin Horn"},{"floor":10.0,"key":"Letter Opener"},{"floor":12.0,"key":"PreservedInsect"},{"floor":14.0,"key":"Shuriken"},{"floor":23.0,"key":"Ninja Scroll"},{"floor":25.0,"key":"Ornamental Fan"},{"floor":26.0,"key":"Du-Vu Doll"},{"floor":27.0,"key":"Centennial Puzzle"},{"floor":34.0,"key":"Tiny Chest"},{"floor":34.0,"key":"The Courier"},{"floor":34.0,"key":"Prayer Wheel"},{"floor":36.0,"key":"Peace Pipe"},{"floor":40.0,"key":"Darkstone Periapt"},{"floor":42.0,"key":"StoneCalendar"}],"event_choices":[{"damage_healed":0.0,"max_hp_gain":0.0,"max_hp_loss":0.0,"gold_gain":150.0,"event_name":"Liars Game","player_choice":"AGREE","floor":4.0,"gold_loss":0.0,"damage_taken":0.0,"cards_obtained":["Doubt"]},{"damage_healed":0.0,"max_hp_gain":0.0,"max_hp_loss":0.0,"gold_gain":0.0,"event_name":"Dead Adventurer","player_choice":"Searched \u00271\u0027 times","floor":12.0,"gold_loss":0.0,"damage_taken":0.0},{"damage_healed":13.0,"max_hp_gain":0.0,"max_hp_loss":0.0,"gold_gain":0.0,"event_name":"The Library","player_choice":"Heal","floor":19.0,"gold_loss":0.0,"damage_taken":0.0},{"damage_healed":0.0,"max_hp_gain":0.0,"max_hp_loss":0.0,"gold_gain":0.0,"event_name":"Back to Basics","player_choice":"Simplicity","floor":20.0,"gold_loss":0.0,"damage_taken":0.0,"cards_upgraded":["Defend_G","Defend_G","Defend_G","Defend_G","Defend_G","Strike_G","Strike_G","Strike_G","Strike_G","Strike_G"]},{"damage_healed":0.0,"max_hp_gain":0.0,"max_hp_loss":0.0,"gold_gain":0.0,"event_name":"Addict","player_choice":"Stole Relic","floor":24.0,"gold_loss":0.0,"damage_taken":0.0,"relics_obtained":["Tingsha"],"cards_obtained":["Shame"]},{"damage_healed":0.0,"max_hp_gain":0.0,"max_hp_loss":0.0,"gold_gain":0.0,"event_name":"Mysterious Sphere","player_choice":"Fight","floor":36.0,"gold_loss":0.0,"damage_taken":0.0},{"damage_healed":0.0,"max_hp_gain":0.0,"max_hp_loss":0.0,"gold_gain":275.0,"event_name":"Golden Shrine","player_choice":"Desecrate","floor":38.0,"gold_loss":0.0,"damage_taken":0.0,"cards_obtained":["Regret"]},{"damage_healed":0.0,"max_hp_gain":0.0,"max_hp_loss":0.0,"gold_gain":0.0,"event_name":"SensoryStone","player_choice":"Memory 1","floor":46.0,"gold_loss":0.0,"damage_taken":0.0}],"is_beta":false,"boss_relics":[{"not_picked":["Snecko Eye","Pandora\u0027s Box"],"picked":"Velvet Choker"},{"not_picked":["HoveringKite","Empty Cage"],"picked":"Calling Bell"}],"items_purged_floors":[5,37],"is_endless":false,"potions_floor_spawned":[2,7,8,10,14,16,22,25,31,40,44,48],"killed_by":"Awakened One","ascension_level":20}