{"gold_per_floor":[119,132,32,32,50,50,50,75,75,75,75,116,40,65,65,155,155,130,148,52,72,91,91],"floor_reached":23,"playtime":1356,"items_purged":[],"score":402,"play_id":"2d3a5e0e-b8bd-4d51-a122-944dd8a449d8","local_time":"20190405161653","is_ascension_mode":true,"campfire_choices":[{"data":"Neutralize","floor":6,"key":"SMITH"},{"data":"Infinite Blades","floor":10,"key":"SMITH"},{"data":"Cloak And Dagger","floor":15,"key":"SMITH"}],"neow_cost":"NONE","seed_source_timestamp":366553259315856,"circlet_count":0,"master_deck":["AscendersBane","Defend_G","Defend_G","Defend_G","Defend_G","Defend_G","Strike_G","Strike_G","Strike_G","Strike_G","Strike_G","Survivor","Neutralize+1","Cloak And Dagger+1","Flying Knee","Poisoned Stab","Infinite Blades+1","Footwork","Backstab","Doppelganger+1","Noxious Fumes","Cloak And Dagger+1","Envenom","Cloak And Dagger+1","PiercingWail+1","Terror+1","Well Laid Plans+1","Calculated Gamble+1"],"relics":["Ring of the Snake","Pear","Toxic Egg 2","Golden Idol","Ancient Tea Set","Snecko Eye"],"potions_floor_usage":[12,12,16,22,22,23],"damage_taken":[{"damage":3,"enemies":"Jaw Worm","floor":1,"turns":6},{"damage":2,"enemies":"Small Slimes","floor":2,"turns":5},{"damage":0,"enemies":"Cultist","floor":5,"turns":3},{"damage":24,"enemies":"Lagavulin","floor":8,"turns":9},{"damage":8,"enemies":"Gremlin Nob","floor":12,"turns":3},{"damage":9,"enemies":"Lots of Slimes","floor":14,"turns":3},{"damage":19,"enemies":"The Guardian","floor":16,"turns":11},{"damage":29,"enemies":"2 Thieves","floor":18,"turns":4},{"damage":0,"enemies":"3 Byrds","floor":19,"turns":5},{"damage":7,"enemies":"Snecko","floor":21,"turns":5},{"damage":20,"enemies":"Cultist and Chosen","floor":22,"turns":7},{"damage":8,"enemies":"Slavers","floor":23,"turns":2}],"seed_played":"7151521041360395800","potions_obtained":[{"floor":5,"key":"Swift Potion"},{"floor":8,"key":"SteroidPotion"},{"floor":14,"key":"FearPotion"},{"floor":18,"key":"Fire Potion"},{"floor":21,"key":"Explosive Potion"},{"floor":22,"key":"Fire Potion"}],"is_trial":false,"path_per_floor":["M","M","$","?","M","R","?","E","T","R","?","E","$","M","R","B",null,"M","M","$","M","M","E"],"character_chosen":"THE_SILENT","items_purchased":["Poisoned Stab","Infinite Blades","Noxious Fumes","PiercingWail+1","Terror+1"],"campfire_rested":0,"item_purchase_floors":[3,3,13,20,20],"current_hp_per_floor":[62,60,60,60,60,60,60,46,46,46,46,38,38,29,29,10,58,29,29,29,22,2,0],"gold":91,"neow_bonus":"TEN_PERCENT_HP_BONUS","is_prod":false,"is_daily":false,"chose_seed":false,"campfire_upgraded":3,"win_rate":0,"timestamp":1554495413,"path_taken":["M","M","$","?","M","R","?","E","T","R","?","E","?","M","R","BOSS","M","M","$","?","M","E"],"build_version":"2019-01-23","purchased_purges":0,"victory":false,"max_hp_per_floor":[72,72,72,72,72,72,72,82,82,82,74,74,74,74,74,74,74,74,74,74,74,74,74],"card_choices":[{"not_picked":["Backflip","Underhanded Strike"],"picked":"Cloak And Dagger","floor":1},{"not_picked":["Expertise","Accuracy"],"picked":"Flying Knee","floor":2},{"not_picked":["Underhanded Strike","Tactician"],"picked":"Footwork","floor":5},{"not_picked":["Prepared","Flying Knee"],"picked":"Backstab","floor":8},{"not_picked":["Cloak And Dagger+1","Acrobatics+1"],"picked":"Doppelganger+1","floor":12},{"not_picked":["Quick Slash","Reflex+1"],"picked":"Cloak And Dagger+1","floor":14},{"not_picked":["Bullet Time+1","Storm of Steel+1"],"picked":"Envenom","floor":16},{"not_picked":["Outmaneuver+1","Dagger Spray","Prepared+1"],"picked":"SKIP","floor":18},{"not_picked":["Endless Agony","Flechettes+1"],"picked":"Cloak And Dagger+1","floor":19},{"not_picked":["PiercingWail+1","Blade Dance+1"],"picked":"Well Laid Plans+1","floor":21},{"not_picked":["Outmaneuver+1","Setup+1"],"picked":"Calculated Gamble+1","floor":22}],"player_experience":1625496,"relics_obtained":[{"floor":8,"key":"Pear"},{"floor":9,"key":"Toxic Egg 2"},{"floor":12,"key":"Ancient Tea Set"}],"event_choices":[{"damage_healed":0,"gold_gain":0,"player_choice":"Leave","damage_taken":0,"max_hp_gain":0,"max_hp_loss":0,"event_name":"The Cleric","floor":4,"gold_loss":0},{"damage_healed":0,"gold_gain":0,"player_choice":"Ignored","damage_taken":0,"max_hp_gain":0,"max_hp_loss":0,"event_name":"Liars Game","floor":7,"gold_loss":0},{"damage_healed":0,"gold_gain":0,"player_choice":"Lose Max HP","damage_taken":0,"relics_obtained":["Golden Idol"],"max_hp_gain":0,"max_hp_loss":8,"event_name":"Golden Idol","floor":11,"gold_loss":0}],"is_beta":false,"boss_relics":[{"not_picked":["WristBlade","Calling Bell"],"picked":"Snecko Eye"}],"items_purged_floors":[],"is_endless":false,"potions_floor_spawned":[5,8,14,18,21,22],"killed_by":"Slavers","ascension_level":20}