{"gold_per_floor":[114,132,132,46,56,56,68,68,91,120,39,39,49,63,63,63],"floor_reached":16,"playtime":914,"items_purged":[],"score":204,"play_id":"54e59598-6a43-4b4c-adca-47dcb3d7d7e3","local_time":"20190428194601","is_ascension_mode":true,"campfire_choices":[{"data":"Barrage","floor":6,"key":"SMITH"},{"data":"Zap","floor":8,"key":"SMITH"},{"floor":12,"key":"REST"},{"data":"Buffer","floor":15,"key":"SMITH"}],"neow_cost":"NONE","seed_source_timestamp":524431457768586,"circlet_count":0,"master_deck":["AscendersBane","Strike_B","Strike_B","Defend_B","Defend_B","Defend_B","Defend_B","Zap+1","Dualcast","Barrage+1","Cold Snap","Doom and Gloom","Ball Lightning","Undo","Buffer+1","Hologram"],"relics":["Empty Cage","Bag of Preparation","Regal Pillow"],"potions_floor_usage":[5,7,7],"damage_taken":[{"damage":8,"enemies":"2 Louse","floor":1,"turns":4},{"damage":7,"enemies":"Cultist","floor":2,"turns":4},{"damage":8,"enemies":"Small Slimes","floor":5,"turns":3},{"damage":13,"enemies":"Gremlin Gang","floor":7,"turns":2},{"damage":23,"enemies":"Lagavulin","floor":10,"turns":5},{"damage":0,"enemies":"Looter","floor":13,"turns":3},{"damage":15,"enemies":"3 Louse","floor":14,"turns":3},{"damage":29,"enemies":"Hexaghost","floor":16,"turns":9}],"seed_played":"-6856959217848892431","potions_obtained":[{"floor":2,"key":"Ancient Potion"},{"floor":3,"key":"Weak Potion"},{"floor":3,"key":"Swift Potion"},{"floor":5,"key":"SteroidPotion"},{"floor":13,"key":"Ancient Potion"}],"is_trial":false,"path_per_floor":["M","M","?","$","M","R","M","R","T","E","$","R","M","M","R","B"],"character_chosen":"DEFECT","items_purchased":["Doom and Gloom","Buffer"],"campfire_rested":1,"item_purchase_floors":[4,11],"current_hp_per_floor":[56,49,49,49,41,41,28,28,28,5,5,41,41,26,26,0],"gold":63,"neow_bonus":"BOSS_RELIC","is_prod":false,"is_daily":false,"chose_seed":false,"campfire_upgraded":3,"win_rate":0,"timestamp":1556495161,"path_taken":["M","M","?","$","M","R","M","R","T","E","$","R","M","M","R","BOSS"],"build_version":"2019-01-23","purchased_purges":0,"victory":false,"max_hp_per_floor":[71,71,71,71,71,71,71,71,71,71,71,71,71,71,71,71],"card_choices":[{"not_picked":["Leap","Fusion"],"picked":"Barrage","floor":1},{"not_picked":["Conserve Battery","Beam Cell"],"picked":"Cold Snap","floor":2},{"not_picked":["Conserve Battery","BootSequence"],"picked":"Ball Lightning","floor":5},{"not_picked":["Rebound","Leap","Stack"],"picked":"SKIP","floor":7},{"not_picked":["Redo","Hologram"],"picked":"Undo","floor":10},{"not_picked":["Stack","Sweeping Beam"],"picked":"Hologram","floor":13},{"not_picked":["Streamline","Scrape","Chaos"],"picked":"SKIP","floor":14}],"player_experience":2053396,"relics_obtained":[{"floor":9,"key":"Bag of Preparation"},{"floor":10,"key":"Regal Pillow"}],"event_choices":[{"damage_healed":0,"gold_gain":0,"player_choice":"Got Potions","damage_taken":0,"max_hp_gain":0,"max_hp_loss":0,"event_name":"Lab","floor":3,"gold_loss":0}],"is_beta":false,"boss_relics":[],"items_purged_floors":[],"is_endless":false,"potions_floor_spawned":[2,5,13],"killed_by":"Hexaghost","ascension_level":20}