{"path_per_floor":["M","?","M","?","$","R","E","M","T","R","?","M","E","M","R","B",null,"M","M","M"],"character_chosen":"THE_SILENT","items_purchased":["Infinite Blades"],"gold_per_floor":[115,115,129,129,20,20,51,61,61,61,61,81,111,127,127,223,223,234,252,265],"floor_reached":21,"campfire_rested":1,"playtime":2209,"current_hp_per_floor":[67,67,66,66,66,66,50,45,45,45,31,31,20,18,39,23,70,66,42,17],"items_purged":["Regret"],"gold":265,"play_id":"d39e5ac9-c586-4f64-80f4-67bbc002e69e","is_prod":false,"is_daily":false,"is_ascension_mode":false,"campfire_upgraded":2,"path_taken":["M","?","M","?","?","R","E","?","T","R","?","?","E","M","R","BOSS","M","M","?","M"],"build_version":"2018-02-01-PROD3","purchased_purges":1,"victory":false,"master_deck":["Defend_G","Defend_G","Defend_G+1","Defend_G","Defend_G+1","Strike_G","Strike_G","Strike_G","Strike_G","Strike_G","Survivor+1","Neutralize","Poisoned Stab+1","Infinite Blades+1","Backstab","Masterful Stab+1","PiercingWail","Adrenaline","Tools of the Trade","Well Laid Plans","Sucker Punch+1","Terror"],"max_hp_per_floor":[70,70,70,70,70,70,70,70,70,70,70,70,70,70,70,70,70,70,70,70],"relics":["Runic Dome","Peace Pipe","War Paint","Bird Faced Urn","Frozen Eye","Tough Bandages","Velvet Choker"],"card_choices":[{"not_picked":["Flechettes","Flying Knee"],"picked":"Poisoned Stab"},{"not_picked":["Terror","Flying Knee"],"picked":"Backstab"},{"not_picked":["Dagger Throw","Blade Dance"],"picked":"Masterful Stab"},{"not_picked":["Acrobatics","Skewer"],"picked":"PiercingWail"},{"not_picked":["Dodge and Roll","Choke"],"picked":"Adrenaline"},{"not_picked":["Bullet Time","Envenom"],"picked":"Tools of the Trade"},{"not_picked":["Footwork","Flying Knee"],"picked":"Well Laid Plans"},{"not_picked":["Dash","Masterful Stab"],"picked":"Sucker Punch"},{"not_picked":["Outmaneuver","Malaise"],"picked":"Terror"}],"player_experience":9993,"potions_floor_usage":[7,12],"damage_taken":[{"damage":3,"enemies":"Jaw Worm","floor":1,"turns":4},{"damage":1,"enemies":"Small Slimes","floor":3,"turns":4},{"damage":16,"enemies":"Lagavulin","floor":7,"turns":8},{"damage":7,"enemies":"Blue Slaver","floor":8,"turns":2},{"damage":2,"enemies":"Lots of Slimes","floor":12,"turns":2},{"damage":13,"enemies":"Gremlin Nob","floor":13,"turns":4},{"damage":4,"enemies":"Exordium Thugs","floor":14,"turns":4},{"damage":18,"enemies":"Slime Boss","floor":16,"turns":13},{"damage":4,"enemies":"3 Byrds","floor":18,"turns":7},{"damage":28,"enemies":"Chosen","floor":19,"turns":7},{"damage":31,"enemies":"Snake Plant","floor":20,"turns":5},{"damage":29,"enemies":"Cultist and Chosen","floor":21,"turns":6}],"event_choices":[{"event_name":"Big Fish","player_choice":"Box","floor":2,"damage_taken":0},{"event_name":"Wheel of Change","player_choice":"Relic","floor":4,"damage_taken":0},{"event_name":"Shining Light","player_choice":"Entered Light","floor":11,"damage_taken":0}],"boss_relics":[{"not_picked":["Snecko Eye","Runic Pyramid"],"picked":"Velvet Choker"}],"potions_floor_spawned":[1,7,16],"seed_played":"-5001283254113183027","killed_by":"Cultist and Chosen","ascension_level":0,"is_trial":false}