{"path_per_floor":["M","$","?","$","?","R","E","R","T","?","E","?","M","E","R","B",null,"M","?","?","M","?"],"character_chosen":"THE_SILENT","items_purchased":["Footwork"],"gold_per_floor":[114,37,37,37,37,37,66,66,118,118,149,149,168,203,203,280,280,299,214,137,156,156,156],"floor_reached":23,"campfire_rested":0,"playtime":625,"current_hp_per_floor":[59,59,66,66,59,59,59,59,59,59,59,59,59,61,61,28,63,38,38,38,26,26,0],"items_purged":[],"gold":156,"score":512,"play_id":"b59a28c3-1d3c-43b5-a6a1-d6bb4af9c6f2","local_time":"20180504141958","is_prod":false,"is_daily":false,"chose_seed":false,"is_ascension_mode":true,"campfire_upgraded":3,"timestamp":1525457998,"path_taken":["M","$","?","$","?","R","E","R","T","?","E","?","?","E","R","BOSS","M","?","?","M","?","E"],"build_version":"2018-05-03","seed_source_timestamp":56977370113926,"purchased_purges":0,"victory":false,"master_deck":["Defend_G","Defend_G","Defend_G","Defend_G","Defend_G","Strike_G","Strike_G","Strike_G","Strike_G","Strike_G","Survivor","Neutralize+1","AscendersBane","Underhanded Strike","Footwork+1","Predator+1","Glass Knife+1","Dagger Spray+1","A Thousand Cuts","J.A.X.","Ghostly","Ghostly","Ghostly","Ghostly","Ghostly"],"max_hp_per_floor":[66,66,73,73,73,73,73,73,73,73,73,73,73,75,75,75,75,77,77,77,79,39,39],"relics":["Ring of the Snake","NeowsBlessing","Strawberry","Oddly Smooth Stone","Pen Nib","Molten Egg 2","Singing Bowl","Eternal Feather","Prayer Wheel"],"card_choices":[{"not_picked":["Outmaneuver","Acrobatics"],"picked":"Underhanded Strike","floor":1},{"not_picked":["Slice","Prepared"],"picked":"Predator","floor":7},{"not_picked":["Flying Knee","Backflip"],"picked":"Glass Knife","floor":11},{"not_picked":["Infinite Blades","Blade Dance"],"picked":"Dagger Spray","floor":13},{"not_picked":["Burst","Unload"],"picked":"A Thousand Cuts","floor":16}],"player_experience":918326,"potions_floor_usage":[14,14,16],"damage_taken":[{"damage":0,"enemies":"2 Louse","floor":1,"turns":1},{"damage":0,"enemies":"Gremlin Nob","floor":7,"turns":1},{"damage":0,"enemies":"3 Sentries","floor":11,"turns":1},{"damage":0,"enemies":"Jaw Worm","floor":13,"turns":2},{"damage":0,"enemies":"Gremlin Nob","floor":14,"turns":2},{"damage":33,"enemies":"Hexaghost","floor":16,"turns":12},{"damage":27,"enemies":"2 Thieves","floor":18,"turns":4},{"damage":14,"enemies":"Spheric Guardian","floor":21,"turns":3},{"damage":28,"enemies":"Book of Stabbing","floor":23,"turns":8}],"event_choices":[{"event_name":"Big Fish","player_choice":"Box","floor":3,"damage_taken":0},{"event_name":"Golden Wing","player_choice":"Card Removal","floor":5,"damage_taken":0},{"event_name":"Liars Game","player_choice":"disagreed","floor":10,"damage_taken":0},{"event_name":"Match and Keep!","player_choice":"0 cards matched","floor":12,"damage_taken":0},{"event_name":"Addict","player_choice":"Obtained Relic","floor":19,"damage_taken":0},{"event_name":"Drug Dealer","player_choice":"Got JAXXED","floor":20,"damage_taken":0},{"event_name":"Ghosts","player_choice":"Became a Ghost","floor":22,"damage_taken":0}],"boss_relics":[{"not_picked":["White Beast Statue","Black Star"],"picked":"Eternal Feather"}],"potions_floor_spawned":[11,13,14,21],"seed_played":"-8034210576490033180","killed_by":"Book of Stabbing","ascension_level":15,"is_trial":false}