{"gold_per_floor":[359,359,377,14,38,38,67,67,113,113,57,68,27,43,43,43],"floor_reached":16,"playtime":344,"items_purged":[],"score":196,"play_id":"9b464c66-5029-4fe6-9a80-945168dba5a3","local_time":"20190305132727","is_ascension_mode":true,"campfire_choices":[{"data":"Neutralize","floor":6,"key":"SMITH"},{"data":"Deadly Poison","floor":8,"key":"SMITH"},{"data":"Backflip","floor":10,"key":"SMITH"},{"floor":15,"key":"REST"}],"neow_cost":"TEN_PERCENT_HP_LOSS","seed_source_timestamp":353460720942062,"circlet_count":0,"master_deck":["AscendersBane","Defend_G","Defend_G","Defend_G","Defend_G","Defend_G","Strike_G","Strike_G","Strike_G","Strike_G","Strike_G","Survivor","Neutralize+1","Deadly Poison+1","Infinite Blades","Backflip+1","Poisoned Stab","Noxious Fumes","Ball Lightning"],"relics":["Ring of the Snake","NlothsMask","PrismaticShard","Meat on the Bone","Potion Belt"],"potions_floor_usage":[7],"damage_taken":[{"damage":1,"enemies":"Cultist","floor":1,"turns":5},{"damage":4,"enemies":"Jaw Worm","floor":3,"turns":6},{"damage":43,"enemies":"Lagavulin","floor":7,"turns":12},{"damage":0,"enemies":"2 Louse","floor":12,"turns":3},{"damage":10,"enemies":"Exordium Thugs","floor":14,"turns":5},{"damage":56,"enemies":"Slime Boss","floor":16,"turns":5}],"seed_played":"-6340030638049871660","potions_obtained":[{"floor":3,"key":"Block Potion"},{"floor":7,"key":"Ancient Potion"}],"is_trial":false,"path_per_floor":["M","?","M","$","T","R","E","R","T","R","$","M","$","M","R","B"],"character_chosen":"THE_SILENT","items_purchased":["PrismaticShard","Infinite Blades","Backflip","Poisoned Stab","Noxious Fumes"],"campfire_rested":1,"item_purchase_floors":[4,4,4,11,13],"current_hp_per_floor":[58,58,54,54,54,54,11,11,11,11,11,23,23,25,43,0],"gold":43,"neow_bonus":"TWO_FIFTY_GOLD","is_prod":false,"is_daily":false,"chose_seed":false,"campfire_upgraded":3,"win_rate":0,"timestamp":1551817647,"path_taken":["M","?","M","$","?","R","E","R","T","R","$","M","?","M","R","BOSS"],"build_version":"2019-02-06","purchased_purges":0,"victory":false,"max_hp_per_floor":[60,60,60,60,60,60,60,60,60,60,60,60,60,60,60,60],"card_choices":[{"not_picked":["Prepared","Terror","Blade Dance"],"picked":"SKIP","floor":1},{"not_picked":["Acrobatics","Underhanded Strike"],"picked":"Deadly Poison","floor":3},{"not_picked":["Clash","Perfected Strike","Clothesline"],"picked":"SKIP","floor":7},{"not_picked":["Searing Blow","Bane","Reckless Charge"],"picked":"SKIP","floor":12},{"not_picked":["Leap","Go for the Eyes"],"picked":"Ball Lightning","floor":14}],"player_experience":1157492,"relics_obtained":[{"floor":7,"key":"Meat on the Bone"},{"floor":9,"key":"Potion Belt"}],"event_choices":[{"damage_healed":0,"gold_gain":0,"player_choice":"Trade","damage_taken":0,"relics_obtained":["NlothsMask"],"max_hp_gain":0,"max_hp_loss":0,"event_name":"FaceTrader","floor":2,"gold_loss":0}],"is_beta":true,"boss_relics":[],"items_purged_floors":[],"is_endless":false,"potions_floor_spawned":[3,7],"killed_by":"Slime Boss","ascension_level":20}