{"gold_per_floor":[118,129,148,148,164,194,194,194],"floor_reached":8,"playtime":635,"items_purged":[],"score":93,"play_id":"af200ab5-3bb8-49ab-975a-22d50a300305","local_time":"20190319201121","is_ascension_mode":true,"campfire_choices":[{"data":"Zap","floor":7,"key":"SMITH"}],"neow_cost":"CURSE","seed_source_timestamp":239719225305309,"circlet_count":0,"master_deck":["AscendersBane","Strike_B","Strike_B","Strike_B","Strike_B","Defend_B","Defend_B","Defend_B","Defend_B","Zap+1","Dualcast","Injury","Conserve Battery","Capacitor","Regret","Chill"],"relics":["Cracked Core","Du-Vu Doll","Smiling Mask","FossilizedHelix"],"potions_floor_usage":[3,5,6],"damage_taken":[{"damage":4,"enemies":"Jaw Worm","floor":1,"turns":3},{"damage":0,"enemies":"Small Slimes","floor":2,"turns":3},{"damage":1,"enemies":"Cultist","floor":3,"turns":4},{"damage":16,"enemies":"Lots of Slimes","floor":5,"turns":3},{"damage":19,"enemies":"3 Sentries","floor":6,"turns":9},{"damage":35,"enemies":"Lagavulin","floor":8,"turns":7}],"seed_played":"367576816465732842","potions_obtained":[{"floor":1,"key":"SneckoOil"},{"floor":2,"key":"PowerPotion"},{"floor":5,"key":"SkillPotion"}],"is_trial":false,"path_per_floor":["M","M","M","?","M","E","R","E"],"character_chosen":"DEFECT","items_purchased":[],"campfire_rested":0,"item_purchase_floors":[],"current_hp_per_floor":[64,64,63,63,47,28,28,0],"gold":194,"neow_bonus":"ONE_RARE_RELIC","is_prod":false,"is_daily":false,"chose_seed":false,"campfire_upgraded":1,"win_rate":0,"timestamp":1553040681,"path_taken":["M","M","M","?","M","E","R","E"],"build_version":"2019-01-23","purchased_purges":0,"victory":false,"max_hp_per_floor":[75,75,75,75,75,75,75,75],"card_choices":[{"not_picked":["Go for the Eyes","Hologram"],"picked":"Conserve Battery","floor":1},{"not_picked":["Double Energy","Rebound"],"picked":"Capacitor","floor":2},{"not_picked":["Redo","Aggregate","Rebound"],"picked":"SKIP","floor":3},{"not_picked":["Consume","Reinforced Body"],"picked":"Chill","floor":5},{"not_picked":["Redo","Blizzard","Amplify"],"picked":"SKIP","floor":6}],"player_experience":1263856,"relics_obtained":[{"floor":6,"key":"FossilizedHelix"}],"event_choices":[{"damage_healed":0,"gold_gain":0,"player_choice":"Box","damage_taken":0,"relics_obtained":["Smiling Mask"],"max_hp_gain":0,"max_hp_loss":0,"event_name":"Big Fish","floor":4,"gold_loss":0,"cards_obtained":["Regret"]}],"is_beta":false,"boss_relics":[],"items_purged_floors":[],"is_endless":false,"potions_floor_spawned":[1,2,5],"killed_by":"Lagavulin","ascension_level":12}