{"gold_per_floor":[114,130,205,355,374,374,407,407,434,434,465,2,16,37,37,114,114,132,143,162,176,176,176,5,5,5,5,5,23,56,56],"floor_reached":31,"playtime":1927,"items_purged":["Doubt"],"score":551,"play_id":"720feeea-13af-45a0-9fa2-ae82a5d06dc3","local_time":"20190410034759","is_ascension_mode":true,"campfire_choices":[{"floor":6,"key":"REST"},{"data":"Zap","floor":8,"key":"SMITH"},{"floor":10,"key":"REST"},{"data":"Hologram","floor":15,"key":"SMITH"},{"data":"Defragment","floor":23,"key":"SMITH"},{"data":"Go for the Eyes","floor":25,"key":"SMITH"},{"data":"Rainbow","floor":28,"key":"SMITH"}],"neow_cost":"NONE","seed_source_timestamp":24519078340390,"circlet_count":0,"master_deck":["AscendersBane","Defend_B","Defend_B","Defend_B","Defend_B","Zap+1","Dualcast","Reboot","Defragment+1","Sweeping Beam","BootSequence","Hologram+1","Glacier","Rainbow+1","Ball Lightning","Conserve Battery","Go for the Eyes+1","All For One","Capacitor+1","Sweeping Beam+1","White Noise","Steam","Bite","Bite","Bite","Bite","Bite","Glacier","Heatsinks","Buffer","Electrodynamics"],"relics":["Cracked Core","Lantern","Dream Catcher","Strawberry","Bag of Marbles","Happy Flower","Odd Mushroom","Eternal Feather","Potion Belt","Bottled Flame"],"potions_floor_usage":[7,7,14,16,21,30,31],"damage_taken":[{"damage":14,"enemies":"Small Slimes","floor":1,"turns":3},{"damage":4,"enemies":"2 Louse","floor":2,"turns":3},{"damage":14,"enemies":"Jaw Worm","floor":5,"turns":4},{"damage":8,"enemies":"Gremlin Nob","floor":7,"turns":3},{"damage":21,"enemies":"3 Sentries","floor":11,"turns":10},{"damage":2,"enemies":"Blue Slaver","floor":13,"turns":3},{"damage":0,"enemies":"The Mushroom Lair","floor":14,"turns":2},{"damage":19,"enemies":"The Guardian","floor":16,"turns":13},{"damage":2,"enemies":"Shell Parasite","floor":18,"turns":5},{"damage":4,"enemies":"Chosen","floor":19,"turns":6},{"damage":11,"enemies":"Snecko","floor":20,"turns":5},{"damage":30,"enemies":"Chosen and Byrds","floor":21,"turns":7},{"damage":14,"enemies":"Snake Plant","floor":29,"turns":4},{"damage":47,"enemies":"Slavers","floor":30,"turns":9},{"damage":38,"enemies":"Centurion and Healer","floor":31,"turns":6}],"seed_played":"4643196746194976089","potions_obtained":[{"floor":2,"key":"AttackPotion"},{"floor":5,"key":"FearPotion"},{"floor":11,"key":"SkillPotion"},{"floor":13,"key":"Fire Potion"},{"floor":19,"key":"Dexterity Potion"},{"floor":21,"key":"Strength Potion"},{"floor":30,"key":"Regen Potion"}],"is_trial":false,"path_per_floor":["M","M","?","?","M","R","E","R","T","R","E","$","M","?","R","B",null,"M","M","M","M","?","R","$","R","T","?","R","M","E","M"],"character_chosen":"DEFECT","items_purchased":["Bag of Marbles","Ball Lightning","Happy Flower","Glacier","Heatsinks","PowerPotion"],"campfire_rested":2,"item_purchase_floors":[12,12,12,24,24,24],"current_hp_per_floor":[50,46,35,35,21,42,34,34,34,55,41,41,39,39,39,20,64,62,58,47,17,17,32,32,47,47,47,54,44,11,0],"gold":56,"neow_bonus":"TRANSFORM_CARD","is_prod":false,"is_daily":false,"chose_seed":false,"campfire_upgraded":5,"win_rate":0,"timestamp":1554882479,"path_taken":["M","M","?","?","M","R","E","R","T","R","E","$","M","?","R","BOSS","M","M","M","M","?","R","$","R","T","?","R","M","E","M"],"build_version":"2019-01-23","purchased_purges":1,"victory":false,"max_hp_per_floor":[71,71,71,71,71,71,71,71,71,71,78,78,78,78,78,78,78,78,78,78,78,54,54,54,54,54,54,54,54,54,54],"card_choices":[{"not_picked":["Rebound","Gash"],"picked":"Defragment","floor":1},{"not_picked":["Beam Cell","Darkness"],"picked":"Sweeping Beam","floor":2},{"not_picked":["Steam","Barrage"],"picked":"BootSequence","floor":5},{"not_picked":["Consume","Auto Shields"],"picked":"Hologram","floor":7},{"not_picked":["Storm","Gash"],"picked":"Glacier","floor":10},{"not_picked":["Reprogram","Self Repair"],"picked":"Rainbow","floor":11},{"not_picked":["Storm","Compile Driver"],"picked":"Conserve Battery","floor":13},{"not_picked":["Scrape","Leap"],"picked":"Go for the Eyes","floor":14},{"not_picked":["Meteor Strike","Seek"],"picked":"All For One","floor":16},{"not_picked":["Rebound","Steam"],"picked":"Capacitor+1","floor":18},{"not_picked":["Leap","Coolheaded"],"picked":"Sweeping Beam+1","floor":19},{"not_picked":["Streamline","BootSequence"],"picked":"White Noise","floor":20},{"not_picked":["Redo","Barrage"],"picked":"Steam","floor":21},{"not_picked":["Force Field","Ball Lightning"],"picked":"Buffer","floor":29},{"not_picked":["Rebound","Stack"],"picked":"Electrodynamics","floor":30}],"player_experience":1777543,"relics_obtained":[{"floor":7,"key":"Lantern"},{"floor":9,"key":"Dream Catcher"},{"floor":11,"key":"Strawberry"},{"floor":14,"key":"Odd Mushroom"},{"floor":26,"key":"Potion Belt"},{"floor":30,"key":"Bottled Flame"}],"event_choices":[{"damage_healed":0,"gold_gain":75,"player_choice":"Gather Gold","damage_taken":11,"max_hp_gain":0,"max_hp_loss":0,"event_name":"World of Goop","floor":3,"gold_loss":0},{"damage_healed":0,"gold_gain":150,"player_choice":"AGREE","damage_taken":0,"max_hp_gain":0,"max_hp_loss":0,"event_name":"Liars Game","floor":4,"gold_loss":0,"cards_obtained":["Doubt"]},{"damage_healed":0,"gold_gain":0,"player_choice":"Fought Mushrooms","damage_taken":0,"max_hp_gain":0,"max_hp_loss":0,"event_name":"Mushrooms","floor":14,"gold_loss":0},{"damage_healed":0,"gold_gain":0,"player_choice":"Became a vampire","damage_taken":0,"max_hp_gain":0,"max_hp_loss":24,"event_name":"Vampires","floor":22,"gold_loss":0,"cards_obtained":["Bite","Bite","Bite","Bite","Bite"]},{"damage_healed":0,"gold_gain":0,"player_choice":"Ignored","damage_taken":0,"max_hp_gain":0,"max_hp_loss":0,"event_name":"Beggar","floor":27,"gold_loss":0}],"is_beta":false,"boss_relics":[{"not_picked":["FrozenCore","Runic Pyramid"],"picked":"Eternal Feather"}],"items_purged_floors":[12],"is_endless":false,"potions_floor_spawned":[2,5,11,13,19,21,30],"killed_by":"Centurion and Healer","ascension_level":20}