{"gold_per_floor":[367,386,661,377,389,421,421,448,473,473],"floor_reached":10,"playtime":345,"items_purged":["Regret"],"score":152,"play_id":"731068f0-5b07-4c6f-a96d-7dcdefe3d870","local_time":"20190411172619","is_ascension_mode":true,"campfire_choices":[{"data":"Bludgeon","floor":7,"key":"SMITH"}],"neow_cost":"PERCENT_DAMAGE","seed_source_timestamp":91885748545753,"circlet_count":0,"master_deck":["AscendersBane","Strike_R","Strike_R","Strike_R","Strike_R","Strike_R","Defend_R","Defend_R","Defend_R","Defend_R","Bash","Cleave","Carnage","Flame Barrier","Corruption","Bludgeon+1"],"relics":["Burning Blood","Tiny Chest","Regal Pillow","Anchor","Strawberry"],"potions_floor_usage":[6,8],"damage_taken":[{"damage":1,"enemies":"Cultist","floor":1,"turns":3},{"damage":5,"enemies":"Small Slimes","floor":2,"turns":4},{"damage":0,"enemies":"2 Louse","floor":5,"turns":2},{"damage":3,"enemies":"Lagavulin","floor":6,"turns":7},{"damage":34,"enemies":"Gremlin Nob","floor":8,"turns":4},{"damage":44,"enemies":"Lagavulin","floor":10,"turns":5}],"seed_played":"-7261642863663795000","potions_obtained":[{"floor":1,"key":"PowerPotion"},{"floor":2,"key":"PowerPotion"}],"is_trial":false,"path_per_floor":["M","M","?","$","M","E","R","E","T","E"],"character_chosen":"IRONCLAD","items_purchased":["Tiny Chest","Flame Barrier"],"campfire_rested":0,"item_purchase_floors":[4,4],"current_hp_per_floor":[55,56,56,56,62,65,65,37,44,0],"gold":473,"neow_bonus":"TWO_FIFTY_GOLD","is_prod":false,"is_daily":false,"chose_seed":false,"campfire_upgraded":1,"win_rate":0,"timestamp":1555017979,"path_taken":["M","?","?","$","?","E","R","E","T","E"],"build_version":"2019-01-23","purchased_purges":1,"victory":false,"max_hp_per_floor":[75,75,75,75,75,75,75,75,82,82],"card_choices":[{"not_picked":["Sentinel","Body Slam"],"picked":"Cleave","floor":1},{"not_picked":["Wild Strike","Body Slam"],"picked":"Carnage","floor":2},{"not_picked":["Havoc","Dual Wield"],"picked":"Corruption","floor":5},{"not_picked":["Thunderclap","Heavy Blade"],"picked":"Bludgeon","floor":6},{"not_picked":["Cleave","Pummel","Sword Boomerang"],"picked":"SKIP","floor":8}],"player_experience":1794835,"relics_obtained":[{"floor":6,"key":"Regal Pillow"},{"floor":8,"key":"Anchor"},{"floor":9,"key":"Strawberry"}],"event_choices":[{"damage_healed":0,"gold_gain":275,"player_choice":"Desecrate","damage_taken":0,"max_hp_gain":0,"max_hp_loss":0,"event_name":"Golden Shrine","floor":3,"gold_loss":0,"cards_obtained":["Regret"]}],"is_beta":false,"boss_relics":[],"items_purged_floors":[4],"is_endless":false,"potions_floor_spawned":[1,2],"killed_by":"Lagavulin","ascension_level":20}