{"gold_per_floor":[116,134,209,13,13,13,43,57,57,89,54,54,86,96,96,170,170,182,182,195,113,27,27,43,43,68,68,83,83,96,109,109,183,183,199,217,230,250,268,268,268,268,318,318],"floor_reached":44,"playtime":1549,"items_purged":["Strike_B"],"score":960,"play_id":"38ab1623-6918-49ec-b717-aa261107a1f8","local_time":"20190305162036","is_ascension_mode":true,"campfire_choices":[{"data":"Sunder","floor":6.0,"key":"SMITH"},{"data":"Defragment","floor":12.0,"key":"SMITH"},{"data":"Zap","floor":15.0,"key":"SMITH"},{"data":"Seek","floor":23.0,"key":"SMITH"},{"data":"Consume","floor":25,"key":"SMITH"},{"data":"Redo","floor":27,"key":"SMITH"},{"data":"Hologram","floor":29,"key":"SMITH"},{"data":"Echo Form","floor":32,"key":"SMITH"},{"data":"Biased Cognition","floor":40,"key":"SMITH"}],"neow_cost":"NONE","seed_source_timestamp":362606536288924,"circlet_count":0,"master_deck":["AscendersBane","Strike_B","Defend_B","Defend_B","Defend_B","Defend_B","Zap+1","Dualcast","Ball Lightning","Leap","Defragment+1","Sunder+1","Core Surge","Darkness","Hologram+1","Redo+1","Coolheaded","Echo Form+1","Capacitor","Aggregate","Consume+1","BootSequence","Seek+1","Coolheaded","BootSequence","Reinforced Body","Biased Cognition+1","Force Field+1","Coolheaded","Conserve Battery+1","Panache"],"special_seed":0,"relics":["Cracked Core","NeowsBlessing","Regal Pillow","Ginger","Pantograph","Mummified Hand","Mango","Coffee Dripper","Letter Opener","Bronze Scales","Sozu"],"potions_floor_usage":[33],"damage_taken":[{"damage":0.0,"enemies":"Jaw Worm","floor":1.0,"turns":1.0},{"damage":0.0,"enemies":"Small Slimes","floor":2.0,"turns":1.0},{"damage":0.0,"enemies":"Gremlin Nob","floor":7.0,"turns":1.0},{"damage":2.0,"enemies":"2 Louse","floor":8.0,"turns":2.0},{"damage":25.0,"enemies":"Lagavulin","floor":10.0,"turns":6.0},{"damage":6.0,"enemies":"3 Sentries","floor":13.0,"turns":4.0},{"damage":0.0,"enemies":"Large Slime","floor":14.0,"turns":4.0},{"damage":34.0,"enemies":"Slime Boss","floor":16.0,"turns":9.0},{"damage":0.0,"enemies":"Chosen","floor":18.0,"turns":3.0},{"damage":19.0,"enemies":"Spheric Guardian","floor":20.0,"turns":4.0},{"damage":19,"enemies":"Snake Plant","floor":24,"turns":4},{"damage":0,"enemies":"Chosen and Byrds","floor":28,"turns":4},{"damage":20,"enemies":"Centurion and Healer","floor":30,"turns":5},{"damage":0,"enemies":"Snake Plant","floor":31,"turns":2},{"damage":7,"enemies":"Champ","floor":33,"turns":11},{"damage":27,"enemies":"3 Darklings","floor":35,"turns":6},{"damage":4,"enemies":"3 Shapes","floor":36,"turns":5},{"damage":0,"enemies":"Spire Growth","floor":37,"turns":6},{"damage":17,"enemies":"Writhing Mass","floor":38,"turns":6},{"damage":16,"enemies":"Maw","floor":39,"turns":8},{"damage":38,"enemies":"Nemesis","floor":44,"turns":2}],"seed_played":"555357830675805689","potions_obtained":[{"floor":2.0,"key":"Dexterity Potion"},{"floor":8.0,"key":"SpeedPotion"},{"floor":10.0,"key":"AttackPotion"},{"floor":14.0,"key":"SkillPotion"},{"floor":20.0,"key":"Dexterity Potion"}],"is_trial":false,"path_per_floor":["M","M","?","$","?","R","E","M","T","E","?","R","E","M","R","B",null,"M","?","M","?","$","R","M","R","T","R","M","R","M","M","R","B",null,"M","M","M","M","M","R","?","?","T","E"],"character_chosen":"DEFECT","items_purchased":["Defragment","Sunder","Seek"],"campfire_rested":0,"item_purchase_floors":[4,4,22],"current_hp_per_floor":[64,64,53,53,48,48,48,46,46,21,38,38,46,46,46,37,73,73,73,54,54,54,54,35,35,35,35,35,35,15,15,15,33,72,45,41,41,24,8,8,8,8,8,0],"gold":318,"neow_bonus":"THREE_ENEMY_KILL","is_prod":false,"is_daily":false,"chose_seed":false,"campfire_upgraded":9,"win_rate":0,"timestamp":1551828036,"path_taken":["M","M","?","$","?","R","E","M","T","E","?","R","E","M","R","BOSS","M","?","M","?","$","R","M","R","T","R","M","R","M","M","R","BOSS","M","?","M","M","M","R","?","?","T","E"],"build_version":"2019-02-06","purchased_purges":1,"victory":false,"max_hp_per_floor":[71,71,71,71,71,71,71,71,71,71,71,71,85,85,85,85,85,85,85,85,85,85,85,85,85,85,85,85,85,85,85,85,85,85,85,85,85,85,85,85,85,85,85,85],"card_choices":[{"not_picked":["Streamline","Recycle"],"picked":"Ball Lightning","floor":1.0},{"not_picked":["Gash","Compile Driver"],"picked":"Leap","floor":2.0},{"not_picked":["Go for the Eyes","Compile Driver"],"picked":"Core Surge","floor":7.0},{"not_picked":["Reprogram","Blizzard"],"picked":"Darkness","floor":8.0},{"not_picked":["Tempest","Chill"],"picked":"Hologram","floor":10.0},{"not_picked":["Gash","Beam Cell"],"picked":"Redo","floor":13.0},{"not_picked":["FTL","Go for the Eyes"],"picked":"Coolheaded","floor":14.0},{"not_picked":["All For One","Fission"],"picked":"Echo Form","floor":16.0},{"not_picked":["Sunder","Heatsinks"],"picked":"Capacitor","floor":18.0},{"not_picked":["Reprogram","Hologram"],"picked":"BootSequence","floor":20.0},{"not_picked":["Beam Cell","Fusion"],"picked":"Coolheaded","floor":24},{"not_picked":["Auto Shields","Turbo","Rebound"],"picked":"SKIP","floor":28},{"not_picked":["Compile Driver","Genetic Algorithm"],"picked":"BootSequence","floor":30},{"not_picked":["Hello World","Doom and Gloom"],"picked":"Reinforced Body","floor":31},{"not_picked":["Fission","Core Surge"],"picked":"Biased Cognition","floor":33},{"not_picked":["Streamline+1","Steam"],"picked":"Force Field+1","floor":35},{"not_picked":["Stack","Force Field","Leap"],"picked":"SKIP","floor":36},{"not_picked":["Stack+1","Leap","Hologram"],"picked":"SKIP","floor":37},{"not_picked":["Streamline","Hologram"],"picked":"Coolheaded","floor":38},{"not_picked":["Hologram","Leap"],"picked":"Conserve Battery+1","floor":39},{"not_picked":["Panacea","Jack Of All Trades"],"picked":"Panache","floor":42}],"player_experience":1158396,"relics_obtained":[{"floor":7.0,"key":"Ginger"},{"floor":9.0,"key":"Pantograph"},{"floor":10.0,"key":"Mummified Hand"},{"floor":13.0,"key":"Mango"},{"floor":26,"key":"Bronze Scales"}],"event_choices":[{"damage_healed":0.0,"max_hp_gain":0.0,"max_hp_loss":0.0,"gold_gain":75.0,"event_name":"World of Goop","player_choice":"Gather Gold","floor":3.0,"gold_loss":0.0,"damage_taken":11.0},{"damage_healed":0.0,"max_hp_gain":0.0,"max_hp_loss":0.0,"gold_gain":0.0,"event_name":"Scrap Ooze","player_choice":"Success","floor":5.0,"gold_loss":0.0,"damage_taken":5.0,"relics_obtained":["Regal Pillow"]},{"damage_healed":17.0,"max_hp_gain":0.0,"max_hp_loss":0.0,"gold_gain":0.0,"event_name":"The Cleric","player_choice":"Healed","floor":11.0,"gold_loss":35.0,"damage_taken":0.0},{"damage_healed":0.0,"max_hp_gain":0.0,"max_hp_loss":0.0,"gold_gain":0.0,"cards_transformed":["Strike_B","Strike_B"],"event_name":"Drug Dealer","player_choice":"Became Test Subject","floor":19.0,"gold_loss":0.0,"damage_taken":0.0,"cards_obtained":["Aggregate","Consume"]},{"damage_healed":0.0,"max_hp_gain":0.0,"max_hp_loss":0.0,"gold_gain":0.0,"event_name":"WeMeetAgain","player_choice":"Paid Gold","floor":21.0,"gold_loss":82.0,"damage_taken":0.0,"relics_obtained":["Letter Opener"]},{"damage_healed":0,"gold_gain":0,"player_choice":"Ignored","damage_taken":0,"max_hp_gain":0,"max_hp_loss":0,"event_name":"Tomb of Lord Red Mask","floor":41,"gold_loss":0},{"damage_healed":0,"gold_gain":0,"player_choice":"Memory 1","damage_taken":0,"max_hp_gain":0,"max_hp_loss":0,"event_name":"SensoryStone","floor":42,"gold_loss":0}],"is_beta":true,"boss_relics":[{"not_picked":["Empty Cage","Nuclear Battery"],"picked":"Coffee Dripper"},{"not_picked":["Pandora\u0027s Box","Astrolabe"],"picked":"Sozu"}],"items_purged_floors":[4],"is_endless":false,"potions_floor_spawned":[2,8,10,14,20,24,35,37,39],"killed_by":"Nemesis","ascension_level":20}