{"gold_per_floor":[113,128,139,139,28,28,54,54,107,107,136,136,136,154,154,227,227,242,242,68,84,100,100,100],"floor_reached":24,"playtime":871,"items_purged":["Strike_B","Strike_B"],"score":337,"play_id":"0ed1fc07-6396-4ebc-a0c4-6c6c59c79359","local_time":"20190322023947","is_ascension_mode":true,"campfire_choices":[{"data":"Hyperbeam","floor":6,"key":"SMITH"},{"data":"FTL","floor":8,"key":"SMITH"},{"data":"Sunder","floor":12,"key":"SMITH"},{"floor":15,"key":"REST"},{"data":"Self Repair","floor":23,"key":"SMITH"}],"neow_cost":"NONE","seed_source_timestamp":435600553089541,"circlet_count":0,"master_deck":["AscendersBane","Strike_B","Defend_B","Defend_B","Defend_B","Defend_B","Zap","Dualcast","Hyperbeam+1","Ball Lightning","Ball Lightning","FTL+1","Conserve Battery","Sunder+1","Auto Shields","Echo Form","Self Repair+1","Capacitor"],"relics":["Cracked Core","Blood Vial","Tiny Chest","Ancient Tea Set","Singing Bowl","Nuclear Battery","Emotion Chip"],"potions_floor_usage":[7,16,18],"damage_taken":[{"damage":0,"enemies":"2 Louse","floor":1,"turns":2},{"damage":14,"enemies":"Jaw Worm","floor":2,"turns":4},{"damage":0,"enemies":"Small Slimes","floor":3,"turns":1},{"damage":16,"enemies":"Gremlin Nob","floor":7,"turns":3},{"damage":19,"enemies":"Lagavulin","floor":11,"turns":5},{"damage":8,"enemies":"Exordium Thugs","floor":14,"turns":3},{"damage":19,"enemies":"The Guardian","floor":16,"turns":9},{"damage":15,"enemies":"2 Thieves","floor":18,"turns":2},{"damage":33,"enemies":"Chosen","floor":21,"turns":5},{"damage":1,"enemies":"3 Cultists","floor":22,"turns":4},{"damage":36,"enemies":"Book of Stabbing","floor":24,"turns":4}],"seed_played":"3213959486662310724","potions_obtained":[{"floor":2,"key":"SteroidPotion"},{"floor":11,"key":"Ancient Potion"},{"floor":16,"key":"Poison Potion"}],"is_trial":false,"path_per_floor":["M","M","M","?","$","R","E","R","T","T","E","R","?","M","R","B",null,"M","?","$","M","M","R","E"],"character_chosen":"DEFECT","items_purchased":["FTL","Self Repair"],"campfire_rested":1,"item_purchase_floors":[5,20],"current_hp_per_floor":[68,54,54,47,47,47,31,31,31,31,14,14,11,5,27,10,59,48,48,48,24,34,34,0],"gold":100,"neow_bonus":"ONE_RANDOM_RARE_CARD","is_prod":false,"is_daily":false,"chose_seed":false,"campfire_upgraded":4,"win_rate":0,"timestamp":1553236787,"path_taken":["M","M","M","?","$","R","E","R","T","?","E","R","?","M","R","BOSS","M","?","$","M","M","R","E"],"build_version":"2019-01-23","purchased_purges":2,"victory":false,"max_hp_per_floor":[75,75,75,75,75,75,75,75,75,75,75,75,75,75,75,75,75,77,77,77,77,79,79,79],"card_choices":[{"not_picked":["Beam Cell","Streamline"],"picked":"Cold Snap","floor":1},{"not_picked":["Recycle","Redo"],"picked":"Ball Lightning","floor":2},{"not_picked":["Redo","Steam"],"picked":"Ball Lightning","floor":3},{"not_picked":["Steam","Aggregate"],"picked":"Conserve Battery","floor":7},{"not_picked":["Amplify","Static Discharge"],"picked":"Sunder","floor":11},{"not_picked":["Turbo","Gash"],"picked":"Auto Shields","floor":14},{"not_picked":["Thunder Strike","Meteor Strike"],"picked":"Echo Form","floor":16},{"not_picked":["Rebound","Doom and Gloom","Redo"],"picked":"Singing Bowl","floor":18},{"not_picked":["Redo","Stack"],"picked":"Capacitor","floor":21},{"not_picked":["Ball Lightning","Hologram","Conserve Battery"],"picked":"Singing Bowl","floor":22}],"player_experience":1329329,"relics_obtained":[{"floor":7,"key":"Blood Vial"},{"floor":9,"key":"Tiny Chest"},{"floor":11,"key":"Ancient Tea Set"}],"event_choices":[{"cards_removed":["Strike_B"],"damage_healed":0,"gold_gain":0,"player_choice":"Card Removal","damage_taken":7,"max_hp_gain":0,"max_hp_loss":0,"event_name":"Golden Wing","floor":4,"gold_loss":0},{"damage_healed":0,"gold_gain":0,"player_choice":"Success","damage_taken":3,"relics_obtained":["Singing Bowl"],"max_hp_gain":0,"max_hp_loss":0,"event_name":"Scrap Ooze","floor":13,"gold_loss":0},{"cards_removed":["Cold Snap"],"damage_healed":0,"gold_gain":0,"player_choice":"Gave Card","damage_taken":0,"relics_obtained":["Emotion Chip"],"max_hp_gain":0,"max_hp_loss":0,"event_name":"WeMeetAgain","floor":19,"gold_loss":0}],"is_beta":false,"boss_relics":[{"not_picked":["Eternal Feather","Snecko Eye"],"picked":"Nuclear Battery"}],"items_purged_floors":[5,20],"is_endless":false,"potions_floor_spawned":[2,11,16],"killed_by":"Book of Stabbing","ascension_level":13}