{"gold_per_floor":[110,110,126,139,153,181,181,198,224,224,32,32,66,78,78,180,180,192,192,192,192,209,242,442,442,442,442,505,516,516,516],"floor_reached":31,"playtime":1494,"items_purged":[],"score":469,"play_id":"c9b37d0d-d633-42e0-ac1b-b4d02e70bfca","local_time":"20190315032115","is_ascension_mode":true,"campfire_choices":[{"data":"Zap","floor":7,"key":"SMITH"},{"floor":10,"key":"REST"},{"data":"Dualcast","floor":15,"key":"SMITH"},{"floor":25,"key":"REST"},{"data":"Storm","floor":30,"key":"SMITH"}],"neow_cost":"NONE","seed_source_timestamp":143706369113536,"circlet_count":0,"master_deck":["Strike_B+1","Defend_B","Defend_B","Defend_B","Zap+1","Dualcast+1","Steam","Hello World","Consume+1","Ball Lightning","Ball Lightning+1","Compile Driver","Capacitor","Self Repair","Cold Snap","Echo Form","Leap+1","Compile Driver+1","Multi-Cast+1","Rebound","Consume+1","Auto Shields+1","Cold Snap","Storm+1"],"relics":["Cracked Core","Oddly Smooth Stone","Centennial Puzzle","Omamori","Whetstone","Astrolabe","PreservedInsect","Prayer Wheel","Tiny Chest"],"potions_floor_usage":[1,3,6,13,18,22,27,31],"damage_taken":[{"damage":13,"enemies":"Small Slimes","floor":1,"turns":4},{"damage":0,"enemies":"Cultist","floor":3,"turns":3},{"damage":2,"enemies":"2 Louse","floor":4,"turns":2},{"damage":9,"enemies":"2 Fungi Beasts","floor":5,"turns":3},{"damage":18,"enemies":"Gremlin Nob","floor":6,"turns":3},{"damage":5,"enemies":"Looter","floor":8,"turns":3},{"damage":29,"enemies":"3 Sentries","floor":13,"turns":6},{"damage":8,"enemies":"Lots of Slimes","floor":14,"turns":4},{"damage":0,"enemies":"Slime Boss","floor":16,"turns":5},{"damage":3,"enemies":"Shell Parasite","floor":18,"turns":5},{"damage":4,"enemies":"Spheric Guardian","floor":22,"turns":3},{"damage":51,"enemies":"Book of Stabbing","floor":23,"turns":5},{"damage":0,"enemies":"Snake Plant","floor":27,"turns":2},{"damage":24,"enemies":"Gremlin Leader","floor":28,"turns":7},{"damage":12,"enemies":"Cultist and Chosen","floor":29,"turns":8},{"damage":38,"enemies":"Masked Bandits","floor":31,"turns":3}],"seed_played":"6144987681070969678","potions_obtained":[{"floor":0,"key":"Weak Potion"},{"floor":0,"key":"GamblersBrew"},{"floor":0,"key":"Ancient Potion"},{"floor":1,"key":"Dexterity Potion"},{"floor":4,"key":"FearPotion"},{"floor":5,"key":"AttackPotion"},{"floor":16,"key":"Block Potion"},{"floor":23,"key":"SmokeBomb"},{"floor":29,"key":"LiquidBronze"}],"is_trial":false,"path_per_floor":["M","?","M","M","M","E","R","M","T","R","$","?","E","M","R","B",null,"M","?","?","?","M","E","?","R","T","M","E","M","R","?"],"character_chosen":"DEFECT","items_purchased":["Capacitor","Omamori"],"campfire_rested":2,"item_purchase_floors":[11,11],"current_hp_per_floor":[55,55,55,53,44,26,26,21,21,43,43,43,14,13,13,20,61,65,51,77,77,73,22,22,46,46,53,36,31,31,0],"gold":516,"neow_bonus":"THREE_SMALL_POTIONS","is_prod":false,"is_daily":false,"chose_seed":false,"campfire_upgraded":3,"win_rate":0,"timestamp":1552634475,"path_taken":["M","?","M","M","?","E","R","M","T","R","?","?","E","M","R","BOSS","M","?","?","?","?","E","?","R","T","M","E","?","R","?"],"build_version":"2019-01-23","purchased_purges":0,"victory":false,"max_hp_per_floor":[75,75,75,75,75,75,75,75,75,75,75,75,75,75,75,75,75,75,80,80,80,80,80,80,80,80,80,80,80,80,80],"card_choices":[{"not_picked":["Turbo","Heatsinks"],"picked":"Steam","floor":1},{"not_picked":["Rebound","Go for the Eyes"],"picked":"Hello World","floor":3},{"not_picked":["Stack","Sweeping Beam"],"picked":"Consume","floor":4},{"not_picked":["FTL","Rebound"],"picked":"Ball Lightning","floor":5},{"not_picked":["Rip and Tear","Stack"],"picked":"Ball Lightning","floor":6},{"not_picked":["Barrage","Gash"],"picked":"Compile Driver","floor":8},{"not_picked":["Ball Lightning","Reboot"],"picked":"Self Repair","floor":13},{"not_picked":["White Noise","Go for the Eyes"],"picked":"Cold Snap","floor":14},{"not_picked":["Rainbow","Multi-Cast"],"picked":"Echo Form","floor":16},{"not_picked":["Beam Cell","Reinforced Body"],"picked":"Rebound","floor":18},{"not_picked":["Rebound+1","Beam Cell"],"picked":"Consume+1","floor":22},{"not_picked":["Aggregate","FTL","Redo"],"picked":"SKIP","floor":23},{"not_picked":["Consume","Static Discharge+1"],"picked":"Auto Shields+1","floor":28},{"not_picked":["Barrage","Turbo"],"picked":"Cold Snap","floor":29},{"not_picked":["Coolheaded","Steam"],"picked":"Storm","floor":29}],"player_experience":1130450,"relics_obtained":[{"floor":6,"key":"Oddly Smooth Stone"},{"floor":9,"key":"Centennial Puzzle"},{"floor":13,"key":"Whetstone"},{"floor":23,"key":"PreservedInsect"},{"floor":26,"key":"Prayer Wheel"},{"floor":28,"key":"Tiny Chest"}],"event_choices":[{"damage_healed":0,"gold_gain":0,"player_choice":"Bought 0 Potions","damage_taken":0,"max_hp_gain":0,"max_hp_loss":0,"event_name":"The Woman in Blue","floor":2,"gold_loss":0},{"damage_healed":0,"gold_gain":0,"player_choice":"Grow","damage_taken":0,"max_hp_gain":0,"max_hp_loss":0,"event_name":"Living Wall","floor":12,"gold_loss":0,"cards_upgraded":["Consume"]},{"damage_healed":0,"gold_gain":0,"player_choice":"Shed Blood","damage_taken":19,"max_hp_gain":5,"max_hp_loss":0,"event_name":"Forgotten Altar","floor":19,"gold_loss":0},{"damage_healed":26,"gold_gain":0,"player_choice":"Heal","damage_taken":0,"max_hp_gain":0,"max_hp_loss":0,"event_name":"The Library","floor":20,"gold_loss":0},{"cards_removed":["Defend_B"],"damage_healed":0,"gold_gain":0,"player_choice":"Purged","damage_taken":0,"max_hp_gain":0,"max_hp_loss":0,"event_name":"Purifier","floor":21,"gold_loss":0},{"damage_healed":0,"gold_gain":250,"player_choice":"Bet on Owner","damage_taken":0,"max_hp_gain":0,"max_hp_loss":0,"event_name":"The Joust","floor":24,"gold_loss":50},{"damage_healed":0,"gold_gain":0,"player_choice":"Fought Bandits","damage_taken":0,"max_hp_gain":0,"max_hp_loss":0,"event_name":"Masked Bandits","floor":31,"gold_loss":0}],"is_beta":false,"boss_relics":[{"not_picked":["Pandora\u0027s Box","Black Star"],"picked":"Astrolabe"}],"items_purged_floors":[],"is_endless":false,"potions_floor_spawned":[1,4,5,16,23,27,29],"killed_by":"Masked Bandits","ascension_level":8}