{"gold_per_floor":[118,98,16,32,32,32,61,73,96,96,106,106,136,154,154,228,228,241,92,115,115,40,40,74,74,74,90,90,131,194,221,233,316,328,358,370,401,433,445,484,508,554,566,578,590,602,626,654,666,678,690,702,85,119,119],"floor_reached":55,"playtime":2189,"items_purged":["Strike_B","Strike_B"],"score":1359,"play_id":"2ff069ec-ec9c-46cb-829c-691a7662a769","local_time":"20190328003133","is_ascension_mode":true,"campfire_choices":[{"data":"Zap","floor":6,"key":"SMITH"},{"data":"Barrage","floor":10,"key":"SMITH"},{"data":"Cold Snap","floor":12,"key":"SMITH"},{"data":"Sweeping Beam","floor":15,"key":"SMITH"},{"floor":23,"key":"DIG"},{"floor":25,"key":"DIG"},{"floor":28,"key":"DIG"},{"floor":32,"key":"DIG"},{"floor":46,"key":"RECALL"},{"floor":49,"key":"DIG"},{"floor":52,"key":"DIG"}],"neow_cost":"NONE","seed_source_timestamp":1256093719434527,"circlet_count":0,"master_deck":["AscendersBane","Defend_B","Defend_B","Defend_B","Defend_B","Zap+1","Dualcast","White Noise","Self Repair","Chill","Barrage+1","Cold Snap+1","Compile Driver","Sweeping Beam+1","Buffer","Capacitor","Sweeping Beam+1","Creative AI","Biased Cognition","Glacier","Capacitor+1","Defragment","Dark Shackles"],"relics":["Cracked Core","Potion Belt","Lantern","Centennial Puzzle","Sundial","Velvet Choker","Omamori","Shovel","Bag of Marbles","Thread and Needle","Calipers","Symbiotic Virus","MawBank","DataDisk","Happy Flower","Black Star","Ancient Tea Set","Dodecahedron","Strawberry","The Courier","Bottled Flame","Ornamental Fan","Dead Branch","Blue Candle","Vajra","Blood Vial","Gremlin Horn","Bronze Scales","Oddly Smooth Stone"],"potions_floor_usage":[11,16,33,54,55,55],"damage_taken":[{"damage":0,"enemies":"Cultist","floor":1,"turns":4},{"damage":0,"enemies":"Small Slimes","floor":4,"turns":4},{"damage":16,"enemies":"3 Sentries","floor":7,"turns":11},{"damage":3,"enemies":"2 Louse","floor":8,"turns":2},{"damage":0,"enemies":"Gremlin Gang","floor":11,"turns":6},{"damage":14,"enemies":"Lagavulin","floor":13,"turns":7},{"damage":8,"enemies":"Blue Slaver","floor":14,"turns":2},{"damage":34,"enemies":"Slime Boss","floor":16,"turns":12},{"damage":10,"enemies":"3 Byrds","floor":18,"turns":5},{"damage":8,"enemies":"Gremlin Leader","floor":24,"turns":6},{"damage":1,"enemies":"Shell Parasite","floor":27,"turns":4},{"damage":5,"enemies":"Slavers","floor":29,"turns":3},{"damage":11,"enemies":"Snecko","floor":31,"turns":5},{"damage":29,"enemies":"Champ","floor":33,"turns":11},{"damage":7,"enemies":"3 Darklings","floor":35,"turns":5},{"damage":3,"enemies":"3 Shapes","floor":37,"turns":3},{"damage":0,"enemies":"Spire Growth","floor":38,"turns":5},{"damage":0,"enemies":"Giant Head","floor":40,"turns":7},{"damage":0,"enemies":"Transient","floor":41,"turns":5},{"damage":7,"enemies":"Nemesis","floor":42,"turns":8},{"damage":22,"enemies":"3 Darklings","floor":47,"turns":4},{"damage":6,"enemies":"4 Shapes","floor":48,"turns":10},{"damage":20,"enemies":"Time Eater","floor":50,"turns":13},{"damage":68,"enemies":"Shield and Spear","floor":54,"turns":10},{"damage":11,"enemies":"The Heart","floor":55,"turns":2}],"seed_played":"1956282597710697513","potions_obtained":[{"floor":1,"key":"SkillPotion"},{"floor":2,"key":"Dexterity Potion"},{"floor":4,"key":"Energy Potion"},{"floor":11,"key":"Energy Potion"},{"floor":33,"key":"FocusPotion"},{"floor":35,"key":"Weak Potion"},{"floor":48,"key":"Strength Potion"},{"floor":54,"key":"Explosive Potion"}],"is_trial":false,"path_per_floor":["M","?","$","M","$","R","E","M","T","R","M","R","E","M","R","B",null,"M","$","T","?","?","R","E","R","T","M","R","E","T","M","R","B",null,"M","?","M","M","?","E","M","E","T","?","T","R","M","M","R","B",null,"R","$","E","B"],"character_chosen":"DEFECT","items_purchased":["Self Repair","Capacitor","Vajra","Blood Vial","Gremlin Horn","SpeedPotion","Dark Shackles"],"campfire_rested":0,"item_purchase_floors":[3,19,53,53,53,53,53],"current_hp_per_floor":[64,64,64,71,71,71,62,66,66,66,71,71,64,63,63,36,62,59,59,59,59,59,59,58,58,58,64,64,66,66,62,62,40,63,63,63,67,67,67,71,71,78,78,74,74,74,59,60,60,47,67,67,67,8,0],"gold":119,"neow_bonus":"RANDOM_COMMON_RELIC","is_prod":false,"is_daily":false,"chose_seed":false,"campfire_upgraded":4,"win_rate":0,"timestamp":1553747493,"path_taken":["M","?","$","M","?","R","E","M","T","R","M","R","E","M","R","BOSS","M","$","?","?","?","R","E","R","T","M","R","E","?","?","R","BOSS","M","?","?","M","?","E","?","E","T","?","?","R","M","M","R","BOSS","R","$","E","BOSS"],"build_version":"2019-03-15","purchased_purges":2,"victory":false,"max_hp_per_floor":[71,71,71,71,71,71,71,71,71,71,71,71,71,71,71,71,71,71,71,71,71,71,71,71,71,71,71,71,71,71,71,71,71,71,71,71,71,71,71,71,71,78,78,74,74,74,74,74,74,74,74,74,74,74,74],"card_choices":[{"not_picked":["Chaos","Reprogram"],"picked":"White Noise","floor":1},{"not_picked":["Darkness","Barrage"],"picked":"Chill","floor":4},{"not_picked":["Scrape","Reboot"],"picked":"Barrage","floor":7},{"not_picked":["Redo","Rebound"],"picked":"Cold Snap","floor":8},{"not_picked":["Barrage","Leap","Self Repair"],"picked":"SKIP","floor":11},{"not_picked":["Streamline","Stack"],"picked":"Compile Driver","floor":13},{"not_picked":["Hyperbeam","Force Field"],"picked":"Sweeping Beam","floor":14},{"not_picked":["Meteor Strike","Machine Learning"],"picked":"Buffer","floor":16},{"not_picked":["Steam","Self Repair","Sweeping Beam"],"picked":"SKIP","floor":18},{"not_picked":["Turbo","Leap"],"picked":"Sweeping Beam+1","floor":24},{"not_picked":["Stack","Barrage","Turbo+1"],"picked":"SKIP","floor":27},{"not_picked":["Beam Cell+1","Consume"],"picked":"Creative AI","floor":29},{"not_picked":["Streamline","Leap","Turbo"],"picked":"SKIP","floor":31},{"not_picked":["Creative AI","Machine Learning"],"picked":"Biased Cognition","floor":33},{"not_picked":["FTL+1","Reprogram+1","Redo"],"picked":"SKIP","floor":35},{"not_picked":["BootSequence+1","Redo"],"picked":"Glacier","floor":37},{"not_picked":["Compile Driver+1","Hologram","Steam"],"picked":"SKIP","floor":38},{"not_picked":["FTL","Turbo+1"],"picked":"Capacitor+1","floor":40},{"not_picked":["Turbo","Darkness","Storm+1"],"picked":"SKIP","floor":41},{"not_picked":["Heatsinks","BootSequence"],"picked":"Defragment","floor":42},{"not_picked":["Conserve Battery","Go for the Eyes","Darkness+1"],"picked":"SKIP","floor":47},{"not_picked":["Amplify","Ball Lightning","Cold Snap"],"picked":"SKIP","floor":48},{"not_picked":["Hologram","Scrape","Beam Cell"],"picked":"SKIP","floor":54}],"player_experience":2306562,"relics_obtained":[{"floor":7,"key":"Lantern"},{"floor":9,"key":"Centennial Puzzle"},{"floor":13,"key":"Sundial"},{"floor":20,"key":"Omamori"},{"floor":23,"key":"Bag of Marbles"},{"floor":24,"key":"Thread and Needle"},{"floor":25,"key":"Calipers"},{"floor":26,"key":"Symbiotic Virus"},{"floor":28,"key":"MawBank"},{"floor":29,"key":"DataDisk"},{"floor":32,"key":"Happy Flower"},{"floor":40,"key":"Ancient Tea Set"},{"floor":40,"key":"Dodecahedron"},{"floor":42,"key":"Strawberry"},{"floor":42,"key":"The Courier"},{"floor":43,"key":"Bottled Flame"},{"floor":45,"key":"Ornamental Fan"},{"floor":49,"key":"Dead Branch"},{"floor":52,"key":"Blue Candle"},{"floor":54,"key":"Bronze Scales"},{"floor":54,"key":"Oddly Smooth Stone"}],"event_choices":[{"damage_healed":0,"gold_gain":0,"player_choice":"Bought 1 Potion","damage_taken":0,"max_hp_gain":0,"max_hp_loss":0,"event_name":"The Woman in Blue","floor":2,"gold_loss":0},{"damage_healed":0,"gold_gain":0,"player_choice":"Stole Relic","damage_taken":0,"relics_obtained":["Shovel"],"max_hp_gain":0,"max_hp_loss":0,"event_name":"Addict","floor":21,"gold_loss":0,"cards_obtained":["Shame"]},{"cards_removed":["Strike_B"],"damage_healed":0,"gold_gain":0,"player_choice":"Gave Gold","damage_taken":0,"max_hp_gain":0,"max_hp_loss":0,"event_name":"Beggar","floor":22,"gold_loss":75},{"damage_healed":0,"gold_gain":0,"player_choice":"0 cards matched","damage_taken":0,"max_hp_gain":0,"max_hp_loss":0,"event_name":"Match and Keep!","floor":36,"gold_loss":0,"cards_obtained":[]},{"cards_removed":["Strike_B"],"damage_healed":0,"gold_gain":0,"player_choice":"Purged","damage_taken":0,"max_hp_gain":0,"max_hp_loss":0,"event_name":"Purifier","floor":39,"gold_loss":0},{"damage_healed":0,"gold_gain":0,"player_choice":"Max HP","damage_taken":0,"max_hp_gain":0,"max_hp_loss":4,"event_name":"Winding Halls","floor":44,"gold_loss":0}],"is_beta":true,"boss_relics":[{"not_picked":["Lizard Tail","Calling Bell"],"picked":"Velvet Choker"},{"not_picked":["Sozu","Runic Pyramid"],"picked":"Black Star"}],"items_purged_floors":[19,53],"is_endless":false,"potions_floor_spawned":[1,4,11,33,35,48,54],"killed_by":"The Heart","ascension_level":15}