{"gold_per_floor":[109,109,120,120,51,76,92,119,119,129,163,163,182,198,198,297,297,297,297,19,19,19,19,19,19,19,19,19,19,19,19,19,19,19,19,19,19,19,19,19,19,19,19,19,19,19,19,19,19,19],"floor_reached":51,"playtime":1887,"items_purged":[],"score":965,"play_id":"ab03876a-8f3d-4229-bfca-96e1ea8408e8","local_time":"20190312210114","is_ascension_mode":true,"campfire_choices":[{"data":"Storm","floor":12,"key":"SMITH"},{"data":"Thunder Strike","floor":15,"key":"SMITH"},{"data":"Creative AI","floor":23,"key":"SMITH"},{"data":"Storm","floor":25,"key":"SMITH"},{"data":"Storm","floor":32,"key":"SMITH"},{"data":"Mayhem","floor":40,"key":"SMITH"},{"data":"Capacitor","floor":42,"key":"SMITH"},{"data":"Static Discharge","floor":49,"key":"SMITH"}],"neow_cost":"NONE","seed_source_timestamp":812192502235288,"circlet_count":0,"master_deck":["Strike_B","Strike_B","Strike_B","Strike_B","Defend_B","Defend_B","Defend_B","Zap","Dualcast","Sweeping Beam","Storm+1","Capacitor+1","Sunder","Thunder Strike+1","Redo","Self Repair","Creative AI+1","Static Discharge+1","Loop+1","Loop+1","Storm+1","Storm+1","Shame","Capacitor","Reprogram+1","Reboot","Lockon+1","Mayhem+1","Barrage+1","Hologram+1","Defragment+1"],"relics":["Cracked Core","NeowsBlessing","Ginger","Bird Faced Urn","Dodecahedron","Ornamental Fan","Mango","Ectoplasm","Orichalcum","Strawberry","Enchiridion","Matryoshka","DataDisk","Pen Nib","Incense Burner","Pantograph","Sozu","Dream Catcher","Bottled Tornado","Bronze Scales"],"potions_floor_usage":[8,11,16,24,24,50],"damage_taken":[{"damage":0,"enemies":"Jaw Worm","floor":1,"turns":1},{"damage":0,"enemies":"Cultist","floor":3,"turns":1},{"damage":0,"enemies":"Lagavulin","floor":6,"turns":1},{"damage":0,"enemies":"Small Slimes","floor":7,"turns":2},{"damage":15,"enemies":"3 Sentries","floor":8,"turns":5},{"damage":6,"enemies":"3 Louse","floor":10,"turns":4},{"damage":30,"enemies":"Lagavulin","floor":11,"turns":7},{"damage":11,"enemies":"Looter","floor":13,"turns":2},{"damage":0,"enemies":"2 Fungi Beasts","floor":14,"turns":2},{"damage":45,"enemies":"The Guardian","floor":16,"turns":9},{"damage":18,"enemies":"3 Byrds","floor":18,"turns":2},{"damage":12,"enemies":"Chosen","floor":19,"turns":5},{"damage":8,"enemies":"Book of Stabbing","floor":24,"turns":2},{"damage":0,"enemies":"3 Cultists","floor":29,"turns":2},{"damage":12,"enemies":"Gremlin Leader","floor":30,"turns":3},{"damage":0,"enemies":"Snecko","floor":31,"turns":2},{"damage":22,"enemies":"Collector","floor":33,"turns":4},{"damage":0,"enemies":"Orb Walker","floor":35,"turns":2},{"damage":37,"enemies":"3 Darklings","floor":36,"turns":3},{"damage":10,"enemies":"Writhing Mass","floor":39,"turns":3},{"damage":25,"enemies":"4 Shapes","floor":45,"turns":2},{"damage":7,"enemies":"Giant Head","floor":46,"turns":3},{"damage":0,"enemies":"Sphere and 2 Shapes","floor":47,"turns":1},{"damage":12,"enemies":"Spire Growth","floor":48,"turns":3},{"damage":42,"enemies":"Donu and Deca","floor":50,"turns":4}],"seed_played":"-8884785542426552186","potions_obtained":[{"floor":1,"key":"Regen Potion"},{"floor":6,"key":"Fire Potion"},{"floor":11,"key":"Explosive Potion"},{"floor":13,"key":"Energy Potion"},{"floor":19,"key":"SpeedPotion"},{"floor":29,"key":"SteroidPotion"}],"is_trial":false,"path_per_floor":["M","?","M","T","$","E","M","E","T","M","E","R","M","M","R","B",null,"M","M","$","T","?","R","E","R","T","?","?","M","E","M","R","B",null,"M","M","?","?","M","R","?","R","T","?","M","E","M","M","R","B",null],"character_chosen":"DEFECT","items_purchased":["Capacitor","Loop","Orichalcum","Poison Potion"],"campfire_rested":0,"item_purchase_floors":[5,20,20,20],"current_hp_per_floor":[75,80,80,80,80,80,80,67,67,65,67,67,60,73,73,41,81,69,82,82,89,73,73,84,84,84,84,84,94,100,101,101,96,100,101,70,70,70,74,74,74,74,74,74,63,83,95,88,88,69],"gold":19,"neow_bonus":"THREE_ENEMY_KILL","is_prod":false,"is_daily":false,"chose_seed":false,"campfire_upgraded":8,"win_rate":0,"timestamp":1552438874,"path_taken":["M","?","M","?","?","E","M","E","T","?","E","R","M","M","R","BOSS","M","M","$","?","?","R","E","R","T","?","?","M","E","M","R","BOSS","M","M","?","?","M","R","?","R","T","?","M","E","?","M","R","BOSS"],"build_version":"2019-01-23","purchased_purges":0,"victory":true,"max_hp_per_floor":[75,80,80,80,80,80,80,80,80,80,94,94,94,94,94,94,94,94,94,94,101,101,101,101,101,101,101,101,101,101,101,101,101,101,101,101,96,96,96,96,96,96,96,96,96,96,96,96,96,96],"card_choices":[{"not_picked":["FTL","Go for the Eyes"],"picked":"Sweeping Beam","floor":1},{"not_picked":["Barrage","Stack"],"picked":"Storm","floor":3},{"not_picked":["Conserve Battery","Stack"],"picked":"Sunder","floor":6},{"not_picked":["Consume","Beam Cell"],"picked":"Thunder Strike","floor":7},{"not_picked":["Conserve Battery","Darkness"],"picked":"Redo","floor":8},{"not_picked":["Stack","Turbo","Coolheaded"],"picked":"SKIP","floor":10},{"not_picked":["Stack","Undo"],"picked":"Self Repair","floor":11},{"not_picked":["Hologram","Compile Driver","Beam Cell"],"picked":"SKIP","floor":13},{"not_picked":["Redo","Reprogram","Sweeping Beam"],"picked":"SKIP","floor":14},{"not_picked":["Echo Form","Fission"],"picked":"Creative AI","floor":16},{"not_picked":["Glacier+1","Consume"],"picked":"Static Discharge","floor":18},{"not_picked":["Rebound","Melter"],"picked":"Loop+1","floor":19},{"not_picked":["Rebound","Hologram"],"picked":"Storm","floor":24},{"not_picked":["Melter","Coolheaded","Stack"],"picked":"SKIP","floor":29},{"not_picked":["Hello World","Fusion"],"picked":"Capacitor","floor":30},{"not_picked":["Leap","Genetic Algorithm"],"picked":"Reprogram+1","floor":31},{"not_picked":["Hyperbeam","All For One"],"picked":"Reboot","floor":33},{"not_picked":["Turbo+1","Conserve Battery","Barrage"],"picked":"SKIP","floor":35},{"not_picked":["Aggregate","Go for the Eyes"],"picked":"Lockon+1","floor":36},{"not_picked":["Metamorphosis","Good Instincts"],"picked":"Mayhem","floor":38},{"not_picked":["Gash+1","FTL","Leap+1"],"picked":"SKIP","floor":39},{"not_picked":["Beam Cell+1","Scrape"],"picked":"Barrage+1","floor":45},{"not_picked":["Leap+1","Steam+1","Core Surge"],"picked":"SKIP","floor":46},{"not_picked":["Coolheaded+1","Streamline+1"],"picked":"Hologram+1","floor":47},{"not_picked":["Cold Snap","Coolheaded"],"picked":"Defragment+1","floor":48}],"player_experience":1049843,"relics_obtained":[{"floor":4,"key":"Ginger"},{"floor":6,"key":"Bird Faced Urn"},{"floor":8,"key":"Dodecahedron"},{"floor":9,"key":"Ornamental Fan"},{"floor":11,"key":"Mango"},{"floor":21,"key":"Strawberry"},{"floor":22,"key":"Enchiridion"},{"floor":24,"key":"Matryoshka"},{"floor":26,"key":"DataDisk"},{"floor":26,"key":"Pen Nib"},{"floor":30,"key":"Pantograph"},{"floor":43,"key":"Dream Catcher"},{"floor":43,"key":"Bottled Tornado"},{"floor":46,"key":"Bronze Scales"}],"event_choices":[{"damage_healed":0,"gold_gain":0,"player_choice":"Donut","damage_taken":0,"max_hp_gain":5,"max_hp_loss":0,"event_name":"Big Fish","floor":2,"gold_loss":0},{"damage_healed":0,"gold_gain":0,"player_choice":"Obtained Book","damage_taken":16,"max_hp_gain":0,"max_hp_loss":0,"event_name":"Cursed Tome","floor":22,"gold_loss":0},{"damage_healed":0,"gold_gain":0,"player_choice":"Read","damage_taken":0,"max_hp_gain":0,"max_hp_loss":0,"event_name":"The Library","floor":27,"gold_loss":0,"cards_obtained":["Storm"]},{"damage_healed":0,"gold_gain":0,"player_choice":"Stole Relic","damage_taken":0,"relics_obtained":["Incense Burner"],"max_hp_gain":0,"max_hp_loss":0,"event_name":"Addict","floor":28,"gold_loss":0,"cards_obtained":["Shame"]},{"damage_healed":0,"gold_gain":0,"player_choice":"Max HP","damage_taken":0,"max_hp_gain":0,"max_hp_loss":5,"event_name":"Winding Halls","floor":37,"gold_loss":0},{"damage_healed":0,"gold_gain":0,"player_choice":"Memory 1","damage_taken":0,"max_hp_gain":0,"max_hp_loss":0,"event_name":"SensoryStone","floor":38,"gold_loss":0},{"cards_removed":["Defend_B"],"damage_healed":0,"gold_gain":0,"player_choice":"Removed Skill","damage_taken":0,"max_hp_gain":0,"max_hp_loss":0,"event_name":"Falling","floor":41,"gold_loss":0},{"damage_healed":0,"gold_gain":0,"player_choice":"Upgraded","damage_taken":0,"max_hp_gain":0,"max_hp_loss":0,"event_name":"Upgrade Shrine","floor":44,"gold_loss":0,"cards_upgraded":["Loop"]}],"is_beta":false,"boss_relics":[{"not_picked":["Fusion Hammer","Runic Pyramid"],"picked":"Ectoplasm"},{"not_picked":["Velvet Choker","Busted Crown"],"picked":"Sozu"}],"items_purged_floors":[],"is_endless":false,"potions_floor_spawned":[1,6,11,13,19,29,45,46],"ascension_level":5}