{"gold_per_floor":[116,291,241,139,139,139,214,4,4,48,73,73,108,33,33,158,158,182,37,51,64,64,64,64,64,64,64,64,78,96,6,6,136,136,151,251,271,291,304,304,343,343,369,382,382,405,530,545,545,545],"floor_reached":50,"playtime":2216,"items_purged":["Strike_G"],"score":603,"play_id":"910ecad4-d08f-486d-97de-e6f6c2d88c79","local_time":"20190309225705","is_ascension_mode":false,"campfire_choices":[{"data":"Accuracy","floor":6.0,"key":"SMITH"},{"data":"Cloak And Dagger","floor":12.0,"key":"SMITH"},{"data":"Cloak And Dagger","floor":15.0,"key":"SMITH"},{"data":"A Thousand Cuts","floor":23.0,"key":"SMITH"},{"data":"Footwork","floor":27.0,"key":"SMITH"},{"floor":32.0,"key":"RECALL"},{"data":"A Thousand Cuts","floor":40.0,"key":"SMITH"},{"floor":42.0,"key":"REST"},{"floor":45.0,"key":"REST"},{"data":"1","floor":49.0,"key":"LIFT"}],"neow_cost":"NONE","seed_source_timestamp":710273796644848,"circlet_count":0,"master_deck":["Defend_G","Defend_G","Defend_G+1","Defend_G","Strike_G+1","Strike_G","Strike_G","Strike_G","Survivor","Neutralize","Blade Dance+1","Accuracy+1","Blade Dance","Cloak And Dagger+1","Cloak And Dagger+1","All Out Attack","A Thousand Cuts+1","Footwork","Footwork+1","Blade Dance+1","Writhe","Dodge and Roll+1","Cloak And Dagger","A Thousand Cuts+1","Backstab+1","Backstab","Blade Dance+1","Endless Agony+1","Terror+1","Adrenaline"],"special_seed":0,"relics":["Ring of the Snake","NeowsBlessing","Golden Idol","Sling","Orichalcum","Ginger","Sozu","Bag of Marbles","War Paint","Unceasing Top","Darkstone Periapt","WristBlade","Shuriken","Whetstone","Girya"],"potions_floor_usage":[],"damage_taken":[{"damage":0.0,"enemies":"2 Louse","floor":1.0,"turns":1.0},{"damage":0.0,"enemies":"Lagavulin","floor":10.0,"turns":1.0},{"damage":0.0,"enemies":"Jaw Worm","floor":11.0,"turns":1.0},{"damage":4.0,"enemies":"3 Sentries","floor":13.0,"turns":4.0},{"damage":0.0,"enemies":"Slime Boss","floor":16.0,"turns":7.0},{"damage":2.0,"enemies":"Shell Parasite","floor":18.0,"turns":4.0},{"damage":0.0,"enemies":"Chosen","floor":20.0,"turns":3.0},{"damage":10.0,"enemies":"3 Cultists","floor":21.0,"turns":4.0},{"damage":3.0,"enemies":"Centurion and Healer","floor":29.0,"turns":5.0},{"damage":0.0,"enemies":"Cultist and Chosen","floor":30.0,"turns":4.0},{"damage":13.0,"enemies":"Automaton","floor":33.0,"turns":8.0},{"damage":0.0,"enemies":"3 Shapes","floor":35.0,"turns":4.0},{"damage":2.0,"enemies":"Orb Walker","floor":37.0,"turns":2.0},{"damage":17.0,"enemies":"3 Darklings","floor":38.0,"turns":3.0},{"damage":0.0,"enemies":"Sphere and 2 Shapes","floor":39.0,"turns":3.0},{"damage":10.0,"enemies":"Reptomancer","floor":41.0,"turns":5.0},{"damage":11.0,"enemies":"Transient","floor":44.0,"turns":5.0},{"damage":0.0,"enemies":"3 Darklings","floor":46.0,"turns":2.0},{"damage":0.0,"enemies":"Mind Bloom Boss Battle","floor":47.0,"turns":2.0},{"damage":6.0,"enemies":"Jaw Worm Horde","floor":48.0,"turns":2.0},{"damage":62,"enemies":"Awakened One","floor":50,"turns":3}],"seed_played":"3332460150900360618","potions_obtained":[{"floor":10.0,"key":"Strength Potion"},{"floor":13.0,"key":"SkillPotion"},{"floor":16.0,"key":"Regen Potion"}],"is_trial":false,"path_per_floor":["M","?","?","$","?","R","?","$","T","E","M","R","E","$","R","B",null,"M","$","M","M","?","R","$","?","T","R","T","M","M","?","R","B",null,"M","?","M","M","M","R","E","R","T","M","R","M","?","M","R","B"],"character_chosen":"THE_SILENT","items_purchased":["Accuracy","Blade Dance","Sling","Bag of Marbles"],"campfire_rested":2,"item_purchase_floors":[4,4,8,19],"current_hp_per_floor":[70,70,70,70,65,65,54,54,54,54,54,54,50,50,50,50,65,63,63,63,53,53,53,53,53,53,53,53,50,50,50,50,52,65,65,65,63,46,46,46,36,55,55,44,63,63,63,57,57,0],"gold":545,"neow_bonus":"THREE_ENEMY_KILL","is_prod":false,"is_daily":false,"chose_seed":false,"campfire_upgraded":6,"win_rate":0,"timestamp":1552190225,"path_taken":["M","?","?","$","?","R","?","?","T","E","M","R","E","$","R","BOSS","M","$","M","M","?","R","?","?","T","R","?","?","M","?","R","BOSS","M","?","M","M","M","R","E","R","T","?","R","M","?","M","R","BOSS"],"build_version":"2019-01-23","purchased_purges":1,"victory":false,"max_hp_per_floor":[70,70,70,70,65,65,65,65,65,65,65,65,65,65,65,65,65,65,65,65,65,65,65,65,65,65,65,65,65,65,65,65,65,65,65,65,65,65,65,65,65,65,65,65,65,65,65,65,65,65],"card_choices":[{"not_picked":["Sucker Punch","Dodge and Roll"],"picked":"Blade Dance","floor":1.0},{"not_picked":["Bouncing Flask","Concentrate"],"picked":"Cloak And Dagger","floor":10.0},{"not_picked":["Flying Knee","Catalyst"],"picked":"Cloak And Dagger","floor":11.0},{"not_picked":["Deadly Poison","Skewer"],"picked":"All Out Attack","floor":13.0},{"not_picked":["Venomology","Glass Knife"],"picked":"A Thousand Cuts","floor":16.0},{"not_picked":["Distraction","Terror"],"picked":"Footwork","floor":18.0},{"not_picked":["Predator","PiercingWail+1"],"picked":"Footwork","floor":20.0},{"not_picked":["Tactician","Finisher"],"picked":"Blade Dance","floor":21.0},{"not_picked":["Blade Dance+1","Prepared"],"picked":"Dodge and Roll+1","floor":29.0},{"not_picked":["Dodge and Roll","Dagger Spray"],"picked":"Cloak And Dagger","floor":30.0},{"not_picked":["Burst","After Image"],"picked":"A Thousand Cuts","floor":33.0},{"not_picked":["Dodge and Roll","Backflip","Escape Plan"],"picked":"SKIP","floor":35.0},{"not_picked":["Dagger Spray+1","Backflip+1"],"picked":"Backstab","floor":37.0},{"not_picked":["Concentrate+1","Flying Knee+1"],"picked":"Backstab","floor":38.0},{"not_picked":["PiercingWail+1","Heel Hook"],"picked":"Blade Dance+1","floor":39.0},{"not_picked":["Wraith Form v2","Backflip"],"picked":"Endless Agony+1","floor":41.0},{"not_picked":["Dagger Spray","Tactician","Dagger Throw"],"picked":"SKIP","floor":44.0},{"not_picked":["Backflip","Quick Slash+1","Expertise+1"],"picked":"SKIP","floor":46.0},{"not_picked":["Cloak And Dagger","Slice"],"picked":"Terror+1","floor":47.0},{"not_picked":["Acrobatics","Skewer"],"picked":"Adrenaline","floor":48.0}],"player_experience":651922,"relics_obtained":[{"floor":10.0,"key":"Orichalcum"},{"floor":13.0,"key":"Ginger"},{"floor":26.0,"key":"Unceasing Top"},{"floor":28.0,"key":"Darkstone Periapt"},{"floor":41.0,"key":"Shuriken"},{"floor":43.0,"key":"Whetstone"},{"floor":47.0,"key":"Girya"}],"event_choices":[{"damage_healed":0.0,"max_hp_gain":0.0,"max_hp_loss":0.0,"gold_gain":175.0,"event_name":"Liars Game","player_choice":"AGREE","floor":2.0,"gold_loss":0.0,"damage_taken":0.0,"cards_obtained":["Doubt"]},{"cards_removed":["Doubt"],"damage_healed":0.0,"max_hp_gain":0.0,"max_hp_loss":0.0,"gold_gain":0.0,"event_name":"The Cleric","player_choice":"Card Removal","floor":3.0,"gold_loss":50.0,"damage_taken":0.0},{"damage_healed":0.0,"max_hp_gain":0.0,"max_hp_loss":5.0,"gold_gain":0.0,"event_name":"Golden Idol","player_choice":"Lose Max HP","floor":5.0,"gold_loss":0.0,"damage_taken":0.0,"relics_obtained":["Golden Idol"]},{"damage_healed":0.0,"max_hp_gain":0.0,"max_hp_loss":0.0,"gold_gain":75.0,"event_name":"World of Goop","player_choice":"Gather Gold","floor":7.0,"gold_loss":0.0,"damage_taken":11.0},{"damage_healed":0.0,"max_hp_gain":0.0,"max_hp_loss":0.0,"gold_gain":0.0,"event_name":"NoteForYourself","player_choice":"Ignored","floor":22.0,"gold_loss":0.0,"damage_taken":0.0},{"damage_healed":0.0,"max_hp_gain":0.0,"max_hp_loss":0.0,"gold_gain":0.0,"event_name":"The Mausoleum","player_choice":"Opened","floor":25.0,"gold_loss":0.0,"damage_taken":0.0,"relics_obtained":["War Paint"],"cards_obtained":["Writhe"]},{"cards_removed":["Defend_G"],"damage_healed":0.0,"max_hp_gain":0.0,"max_hp_loss":0.0,"gold_gain":0.0,"event_name":"Designer","player_choice":"Upgrade and Remove","floor":31.0,"gold_loss":90.0,"damage_taken":0.0,"cards_upgraded":["Blade Dance"]},{"damage_healed":0.0,"max_hp_gain":0.0,"max_hp_loss":0.0,"gold_gain":100.0,"event_name":"Golden Shrine","player_choice":"Pray","floor":36.0,"gold_loss":0.0,"damage_taken":0.0},{"damage_healed":0.0,"max_hp_gain":0.0,"max_hp_loss":0.0,"gold_gain":0.0,"event_name":"MindBloom","player_choice":"Fight","floor":47.0,"gold_loss":0.0,"damage_taken":0.0}],"is_beta":false,"boss_relics":[{"not_picked":["Empty Cage","Velvet Choker"],"picked":"Sozu"},{"not_picked":["Cursed Key","Philosopher\u0027s Stone"],"picked":"WristBlade"}],"items_purged_floors":[14],"is_endless":false,"potions_floor_spawned":[10,13,16,20,33,37,38,46,47,48],"killed_by":"Awakened One","ascension_level":0}