{"gold_per_floor":[111,111,132,132,155,155,170,170,170,205,240,252,282,334,346,358],"floor_reached":16,"playtime":435,"items_purged":[],"score":203,"play_id":"e0213cc0-2a06-4354-8c21-d2cb0839b4eb","local_time":"20180824205325","is_ascension_mode":true,"campfire_choices":[{"data":"Neutralize","floor":6,"key":"SMITH"},{"data":"Glass Knife","floor":8,"key":"SMITH"},{"data":"Leg Sweep","floor":12,"key":"SMITH"},{"floor":15,"key":"REST"}],"neow_cost":"NONE","seed_source_timestamp":817630998898900,"circlet_count":0,"master_deck":["Defend_G","Defend_G","Defend_G","Defend_G","Defend_G","Strike_G","Strike_G","Strike_G","Strike_G","Survivor","Neutralize+1","AscendersBane","Leg Sweep+1","Sucker Punch","Glass Knife+1","Backflip","Dodge and Roll","Sucker Punch","Cloak And Dagger"],"relics":["Ring of the Snake","Omamori","Golden Idol","MawBank","Dodecahedron"],"potions_floor_usage":[13,16,16],"damage_taken":[{"damage":2,"enemies":"Small Slimes","floor":1,"turns":5},{"damage":0,"enemies":"Jaw Worm","floor":3,"turns":6},{"damage":0,"enemies":"2 Louse","floor":5,"turns":4},{"damage":0,"enemies":"Red Slaver","floor":7,"turns":6},{"damage":0,"enemies":"2 Fungi Beasts","floor":10,"turns":3},{"damage":20,"enemies":"Exordium Thugs","floor":11,"turns":5},{"damage":0,"enemies":"Exordium Wildlife","floor":13,"turns":5},{"damage":41,"enemies":"Gremlin Nob","floor":14,"turns":5},{"damage":40,"enemies":"Hexaghost","floor":16,"turns":16}],"seed_played":"4621927109046452018","potions_obtained":[{"floor":3,"key":"Dexterity Potion"},{"floor":5,"key":"Regen Potion"},{"floor":13,"key":"Regen Potion"}],"is_trial":false,"path_per_floor":["M","?","M","?","M","R","M","R","T","M","M","R","M","E","R"],"character_chosen":"THE_SILENT","items_purchased":[],"campfire_rested":1,"item_purchase_floors":[],"current_hp_per_floor":[57,57,57,50,50,50,50,50,50,50,30,30,44,3,22,0],"gold":358,"neow_bonus":"RANDOM_COMMON_RELIC","is_prod":false,"is_daily":false,"chose_seed":false,"campfire_upgraded":3,"win_rate":0,"timestamp":1535169205,"path_taken":["M","?","M","?","M","R","M","R","T","M","M","R","M","E","R","BOSS"],"build_version":"2018-08-23v2","purchased_purges":0,"victory":false,"max_hp_per_floor":[66,66,66,66,66,66,66,66,66,66,66,66,66,66,66,66],"card_choices":[{"not_picked":["Deadly Poison","Cloak And Dagger"],"picked":"Leg Sweep","floor":1},{"not_picked":["Terror","Choke"],"picked":"Sucker Punch","floor":3},{"not_picked":["Quick Slash","Riddle With Holes"],"picked":"Glass Knife","floor":5},{"not_picked":["Expertise","Terror"],"picked":"Backflip","floor":7},{"not_picked":["PiercingWail","Deflect"],"picked":"Dodge and Roll","floor":10},{"not_picked":["Underhanded Strike","Catalyst","Acrobatics"],"picked":"SKIP","floor":11},{"not_picked":["Blade Dance","Masterful Stab"],"picked":"Sucker Punch","floor":13},{"not_picked":["Tools of the Trade","Acrobatics"],"picked":"Cloak And Dagger","floor":14}],"player_experience":898940,"relics_obtained":[{"floor":9,"key":"MawBank"},{"floor":14,"key":"Dodecahedron"}],"event_choices":[{"event_name":"Golden Idol","player_choice":"Take Wound","floor":2,"damage_taken":0},{"event_name":"Golden Wing","player_choice":"Card Removal","floor":4,"damage_taken":0}],"is_beta":true,"boss_relics":[],"items_purged_floors":[],"is_endless":false,"potions_floor_spawned":[3,5,7,13],"killed_by":"Hexaghost","ascension_level":19}