{"gold_per_floor":[113,125,138,9,9,39,50,80,80,114,90,90,111,130,130,130],"floor_reached":16,"playtime":1143,"items_purged":[],"score":248,"play_id":"11132c69-2bef-4fd7-8e70-8015e2c2585f","local_time":"20190428050301","is_ascension_mode":true,"campfire_choices":[{"data":"Skewer","floor":15,"key":"SMITH"}],"neow_cost":"NONE","seed_source_timestamp":0,"circlet_count":0,"master_deck":["AscendersBane","Defend_G","Defend_G","Defend_G","Defend_G","Defend_G","Strike_G","Strike_G","Strike_G","Strike_G","Strike_G","Survivor","Neutralize+1","Cloak And Dagger","Footwork","Cloak And Dagger","Infinite Blades","Well Laid Plans","Skewer+1","Dash","Sucker Punch","Escape Plan","Cloak And Dagger","PiercingWail"],"special_seed":0,"relics":["Ring of the Snake","Thread and Needle","Lantern","Bottled Lightning","Golden Idol"],"potions_floor_usage":[6,7,8,10,14],"damage_taken":[{"damage":5.0,"enemies":"Small Slimes","floor":1.0,"turns":4.0},{"damage":0.0,"enemies":"Jaw Worm","floor":2.0,"turns":5.0},{"damage":0.0,"enemies":"2 Louse","floor":3.0,"turns":3.0},{"damage":28,"enemies":"Gremlin Nob","floor":6,"turns":4},{"damage":4,"enemies":"Gremlin Gang","floor":7,"turns":5},{"damage":13,"enemies":"Lagavulin","floor":8,"turns":10},{"damage":1,"enemies":"3 Sentries","floor":10,"turns":7},{"damage":6,"enemies":"Exordium Thugs","floor":11,"turns":5},{"damage":0,"enemies":"3 Louse","floor":13,"turns":3},{"damage":0,"enemies":"Exordium Wildlife","floor":14,"turns":5},{"damage":38,"enemies":"Slime Boss","floor":16,"turns":11}],"seed_played":"-4560169207363010490","potions_obtained":[{"floor":1.0,"key":"PowerPotion"},{"floor":7,"key":"Regen Potion"},{"floor":8,"key":"Strength Potion"},{"floor":13,"key":"Regen Potion"}],"is_trial":false,"path_per_floor":["M","M","M","$","?","E","M","E","T","E","M","?","M","M","R","B"],"character_chosen":"THE_SILENT","items_purchased":["GhostInAJar","Infinite Blades"],"campfire_rested":0,"item_purchase_floors":[4,4],"current_hp_per_floor":[54,54,54,54,54,26,22,24,24,23,17,17,17,31,31,0],"gold":130,"neow_bonus":"UPGRADE_CARD","is_prod":false,"is_daily":false,"chose_seed":false,"campfire_upgraded":1,"win_rate":0,"timestamp":1556442181,"path_taken":["M","M","M","$","?","E","M","E","T","E","M","?","M","M","R","BOSS"],"build_version":"2019-01-23","purchased_purges":0,"victory":false,"max_hp_per_floor":[66,66,66,66,66,66,66,66,66,66,66,60,60,60,60,60],"card_choices":[{"not_picked":["Escape Plan","Prepared"],"picked":"Cloak And Dagger","floor":1.0},{"not_picked":["PiercingWail","Poisoned Stab"],"picked":"Footwork","floor":2.0},{"not_picked":["Sucker Punch","Deflect"],"picked":"Cloak And Dagger","floor":3.0},{"not_picked":["Catalyst","Calculated Gamble"],"picked":"Well Laid Plans","floor":6},{"not_picked":["Sucker Punch","Calculated Gamble"],"picked":"Skewer","floor":7},{"not_picked":["Glass Knife","Dagger Spray"],"picked":"Dash","floor":8},{"not_picked":["Quick Slash","Well Laid Plans"],"picked":"Sucker Punch","floor":10},{"not_picked":["Blade Dance","Endless Agony"],"picked":"Escape Plan","floor":11},{"not_picked":["Bouncing Flask","Underhanded Strike"],"picked":"Cloak And Dagger","floor":13},{"not_picked":["Slice","Sucker Punch"],"picked":"PiercingWail","floor":14}],"player_experience":2031516,"relics_obtained":[{"floor":6,"key":"Thread and Needle"},{"floor":8,"key":"Lantern"},{"floor":10,"key":"Bottled Lightning"}],"event_choices":[{"damage_healed":0.0,"max_hp_gain":0.0,"max_hp_loss":0.0,"gold_gain":0.0,"event_name":"The Cleric","player_choice":"Leave","floor":5.0,"gold_loss":0.0,"damage_taken":0.0},{"damage_healed":0,"gold_gain":0,"player_choice":"Lose Max HP","damage_taken":0,"relics_obtained":["Golden Idol"],"max_hp_gain":0,"max_hp_loss":6,"event_name":"Golden Idol","floor":12,"gold_loss":0}],"is_beta":false,"boss_relics":[],"items_purged_floors":[],"is_endless":false,"potions_floor_spawned":[1,7,8,13],"killed_by":"Slime Boss","ascension_level":20}