{"path_per_floor":["M","?","?","M","?","R","$","R","T","?","M","M","$","E","R","B",null,"M","M","?","M","?","R","E","R","T","E","?","?","R","$","R","B",null,"M","M","$","?","?","E","R","M","T","R","M","?","$","?","R","B"],"character_chosen":"THE_SILENT","items_purchased":["Juzu Bracelet","Blur","Caltrops","Medical Kit"],"gold_per_floor":[115,115,65,79,254,254,36,36,59,59,70,81,9,39,39,135,135,75,88,88,100,100,100,132,132,132,162,162,162,162,91,91,188,188,206,224,17,17,17,45,45,60,139,139,154,154,54,54,54,54],"floor_reached":51,"campfire_rested":3,"playtime":2732,"current_hp_per_floor":[63,63,63,63,63,63,63,63,63,49,49,49,49,49,49,49,65,57,53,53,49,49,49,31,31,45,35,19,19,44,44,44,25,69,68,23,23,73,73,18,39,31,31,31,2,20,20,20,41,39],"items_purged":["Doubt","Writhe"],"gold":54,"score":1047,"play_id":"7c0c8396-74c5-4c89-9d2c-fab978854209","local_time":"20180311155159","is_prod":false,"is_daily":false,"is_ascension_mode":true,"campfire_upgraded":5,"timestamp":1520797919,"path_taken":["M","?","?","?","?","R","$","R","T","?","M","M","$","E","R","BOSS","M","M","?","M","?","R","E","R","T","E","?","?","R","$","R","BOSS","M","M","$","?","?","E","R","M","T","R","M","?","?","?","R","BOSS"],"build_version":"2018-03-09","purchased_purges":3,"victory":true,"master_deck":["Defend_G+1","Defend_G+1","Defend_G+1","Defend_G+1","Defend_G+1","Strike_G+1","Strike_G+1","Strike_G+1","Strike_G+1","Survivor","Neutralize+1","Doppelganger+1","Dagger Throw+1","Blur+1","Blur+1","Caltrops+1","Envenom+1","Sucker Punch+1","Backflip+1","Caltrops+1","Poisoned Stab","Footwork+1","Dagger Spray+1"],"max_hp_per_floor":[70,70,70,70,70,70,70,70,70,70,70,70,70,70,70,70,70,70,70,70,70,70,70,70,70,84,84,84,84,84,84,84,84,84,84,84,84,73,73,73,73,73,73,73,73,73,73,73,73,73],"relics":["Ring of the Snake","Pen Nib","Juzu Bracelet","Happy Flower","Orichalcum","Black Star","Letter Opener","Frozen Egg 2","Mango","Girya","Dead Branch","Enchiridion","White Beast Statue","Medical Kit","Paper Crane","Bottled Lightning","Mummified Hand"],"card_choices":[{"not_picked":["Accuracy","Bane"],"picked":"Doppelganger"},{"not_picked":["Deadly Poison","Poisoned Stab"],"picked":"Dagger Throw"},{"not_picked":["Acrobatics","Deadly Poison"],"picked":"Predator"},{"not_picked":["Outmaneuver","Malaise"],"picked":"Blur"},{"not_picked":["Leg Sweep","Slice"],"picked":"Caltrops"},{"not_picked":["Night Terror","Die Die Die"],"picked":"Envenom"},{"not_picked":["Infinite Blades","Cloak And Dagger"],"picked":"Sucker Punch"},{"not_picked":["Concentrate","Night Terror"],"picked":"Backflip"},{"not_picked":["PiercingWail","Cloak And Dagger"],"picked":"Footwork"},{"not_picked":["Dodge and Roll","Terror"],"picked":"Dagger Spray"}],"player_experience":466223,"potions_floor_usage":[4,14,14,14,24,33,36,42,45,50,50,50],"damage_taken":[{"damage":0,"enemies":"2 Louse","floor":1,"turns":3},{"damage":0,"enemies":"Small Slimes","floor":4,"turns":3},{"damage":0,"enemies":"Cultist","floor":11,"turns":2},{"damage":0,"enemies":"Red Slaver","floor":12,"turns":4},{"damage":0,"enemies":"3 Sentries","floor":14,"turns":5},{"damage":0,"enemies":"The Guardian","floor":16,"turns":14},{"damage":8,"enemies":"2 Thieves","floor":18,"turns":4},{"damage":4,"enemies":"Chosen","floor":19,"turns":6},{"damage":4,"enemies":"Snake Plant","floor":21,"turns":5},{"damage":18,"enemies":"Slavers","floor":24,"turns":7},{"damage":10,"enemies":"Book of Stabbing","floor":27,"turns":7},{"damage":19,"enemies":"Collector","floor":33,"turns":10},{"damage":1,"enemies":"Orb Walker","floor":35,"turns":5},{"damage":45,"enemies":"3 Darklings","floor":36,"turns":6},{"damage":55,"enemies":"Nemesis","floor":40,"turns":9},{"damage":8,"enemies":"4 Shapes","floor":42,"turns":7},{"damage":29,"enemies":"Sphere and 2 Shapes","floor":45,"turns":5},{"damage":2,"enemies":"Time Eater","floor":50,"turns":16}],"event_choices":[{"event_name":"Big Fish","player_choice":"Box","floor":2,"damage_taken":0},{"event_name":"The Cleric","player_choice":"Card Removal","floor":3,"damage_taken":0},{"event_name":"Liars Game","player_choice":"agreed","floor":5,"damage_taken":0},{"event_name":"Shining Light","player_choice":"Entered Light","floor":10,"damage_taken":0},{"event_name":"Back to Basics","player_choice":"Simplicity","floor":20,"damage_taken":0},{"event_name":"Accursed Blacksmith","player_choice":"Forge","floor":22,"damage_taken":0},{"event_name":"Cursed Tome","player_choice":"Obtained Book","floor":28,"damage_taken":0},{"event_name":"Upgrade Shrine","player_choice":"Upgraded","floor":29,"damage_taken":0},{"event_name":"The Moai Head","player_choice":"Heal","floor":38,"damage_taken":0},{"event_name":"Transmorgrifier","player_choice":"Transform","floor":39,"damage_taken":0},{"event_name":"Winding Halls","player_choice":"Writhe","floor":46,"damage_taken":0}],"boss_relics":[{"not_picked":["Calling Bell","Philosopher\u0027s Stone"],"picked":"Black Star"},{"not_picked":["Runic Pyramid","Snecko Eye"],"picked":"White Beast Statue"}],"potions_floor_spawned":[1,4,19,24,35,36,40,42,45],"seed_played":"2543249819706607043","ascension_level":8,"is_trial":false}