{"gold_per_floor":[109,126,126,8,26,26,26,26,95,113,132,152,36,55,55,153,153,169,444,463,476,491,491,520,520,520,531,550,550],"floor_reached":29,"playtime":1879,"items_purged":["Regret"],"score":241,"play_id":"58f4d9f6-5647-4ef7-ada1-2a47aed5b6c1","local_time":"20190214201947","is_ascension_mode":false,"campfire_choices":[{"data":"Footwork","floor":6.0,"key":"SMITH"},{"data":"Dagger Spray","floor":8.0,"key":"SMITH"},{"floor":15.0,"key":"REST"},{"floor":23,"key":"REST"},{"floor":25,"key":"REST"}],"neow_cost":"NONE","seed_source_timestamp":0,"circlet_count":0,"master_deck":["Defend_G","Defend_G","Defend_G","Defend_G","Defend_G","Strike_G","Strike_G","Strike_G","Strike_G","Survivor","Neutralize","Footwork+1","Dagger Spray+1","Finisher","Venomology","Terror+1","Venomology+1","Deflect+1","Caltrops","Catalyst+1","Envenom","Footwork+1","Regret","Poisoned Stab","Footwork","Noxious Fumes","Deadly Poison+1","Escape Plan+1","Envenom"],"special_seed":0,"relics":["Ring of the Serpent","Centennial Puzzle","The Courier","Snake Skull","Toxic Egg 2","Question Card"],"potions_floor_usage":[20,20,21,21,21,21,21,22,22,22,24,24,27,28,29],"damage_taken":[{"damage":0.0,"enemies":"2 Louse","floor":1.0,"turns":2.0},{"damage":2.0,"enemies":"Jaw Worm","floor":2.0,"turns":4.0},{"damage":0.0,"enemies":"Small Slimes","floor":5.0,"turns":2.0},{"damage":39.0,"enemies":"Exordium Thugs","floor":10.0,"turns":5.0},{"damage":2.0,"enemies":"Blue Slaver","floor":11.0,"turns":4.0},{"damage":1.0,"enemies":"Lots of Slimes","floor":12.0,"turns":4.0},{"damage":0.0,"enemies":"Gremlin Gang","floor":14.0,"turns":3.0},{"damage":3.0,"enemies":"The Guardian","floor":16.0,"turns":12.0},{"damage":3.0,"enemies":"Shell Parasite","floor":18.0,"turns":7.0},{"damage":11,"enemies":"Spheric Guardian","floor":20,"turns":9},{"damage":33,"enemies":"Shelled Parasite and Fungi","floor":21,"turns":8},{"damage":14,"enemies":"Cultist and Chosen","floor":22,"turns":5},{"damage":11,"enemies":"Book of Stabbing","floor":24,"turns":7},{"damage":20,"enemies":"Snake Plant","floor":27,"turns":4},{"damage":11,"enemies":"Centurion and Healer","floor":28,"turns":6},{"damage":13,"enemies":"Chosen and Byrds","floor":29,"turns":4}],"seed_played":"536073707576864089","potions_obtained":[{"floor":1.0,"key":"SpeedPotion"},{"floor":10.0,"key":"Block Potion"},{"floor":12.0,"key":"SkillPotion"},{"floor":18.0,"key":"GamblersBrew"},{"floor":22,"key":"Ancient Potion"},{"floor":24,"key":"AttackPotion"}],"is_trial":false,"path_per_floor":["M","M","?","$","M","R","?","R","T","M","M","M","$","M","R","B",null,"M","?","M","M","M","R","E","R","T","M","M","M"],"character_chosen":"THE_SILENT","items_purchased":["Snake Skull","Caltrops"],"campfire_rested":3,"item_purchase_floors":[4,13],"current_hp_per_floor":[70,68,68,68,68,68,68,68,68,29,27,26,26,26,47,44,70,67,67,56,23,9,30,19,40,40,20,9,0],"gold":550,"neow_bonus":"RANDOM_COMMON_RELIC","is_prod":false,"is_daily":false,"chose_seed":false,"campfire_upgraded":2,"win_rate":0,"timestamp":1550193587,"path_taken":["M","M","?","?","M","R","?","R","T","M","?","M","$","M","R","BOSS","M","?","M","M","M","R","E","R","T","M","M","M"],"build_version":"2019-01-23","purchased_purges":1,"victory":false,"max_hp_per_floor":[70,70,70,70,70,70,70,70,70,70,70,70,70,70,70,70,70,70,70,70,70,70,70,70,70,70,70,70,70],"card_choices":[{"not_picked":["Backflip","Riddle With Holes"],"picked":"Footwork","floor":1.0},{"not_picked":["Poisoned Stab","Dagger Throw"],"picked":"Dagger Spray","floor":2.0},{"not_picked":["Setup","Eviscerate"],"picked":"Finisher","floor":5.0},{"not_picked":["Dagger Throw","Deadly Poison+1"],"picked":"Terror+1","floor":10.0},{"not_picked":["PiercingWail+1","Slice"],"picked":"Venomology+1","floor":11.0},{"not_picked":["PiercingWail+1","Tactician+1"],"picked":"Deflect+1","floor":12.0},{"not_picked":["Setup+1","Quick Slash"],"picked":"Catalyst+1","floor":14.0},{"not_picked":["Grand Finale","Burst+1"],"picked":"Envenom","floor":16.0},{"not_picked":["Backflip+1","Crippling Poison+1"],"picked":"Footwork+1","floor":18.0},{"not_picked":["Quick Slash","Outmaneuver+1"],"picked":"Poisoned Stab","floor":20},{"not_picked":["Dagger Throw","Cloak And Dagger+1"],"picked":"Footwork","floor":21},{"not_picked":["Prepared+1","Bane"],"picked":"Noxious Fumes","floor":22},{"not_picked":["Acrobatics+1","Setup+1"],"picked":"Deadly Poison+1","floor":24},{"not_picked":["Dagger Throw","Backflip+1","Terror+1"],"picked":"Escape Plan+1","floor":27},{"not_picked":["Acrobatics+1","Poisoned Stab","Underhanded Strike"],"picked":"Envenom","floor":28}],"player_experience":575480,"relics_obtained":[{"floor":9.0,"key":"Toxic Egg 2"},{"floor":24,"key":"Question Card"}],"event_choices":[{"damage_healed":0.0,"max_hp_gain":0.0,"max_hp_loss":0.0,"gold_gain":0.0,"event_name":"Big Fish","player_choice":"Box","floor":3.0,"gold_loss":0.0,"damage_taken":0.0,"relics_obtained":["The Courier"],"cards_obtained":["Regret"]},{"damage_healed":0.0,"max_hp_gain":0.0,"max_hp_loss":0.0,"gold_gain":0.0,"cards_transformed":["Strike_G"],"event_name":"Living Wall","player_choice":"Change","floor":7.0,"gold_loss":0.0,"damage_taken":0.0,"cards_obtained":["Venomology"]},{"damage_healed":0.0,"max_hp_gain":0.0,"max_hp_loss":0.0,"gold_gain":275.0,"event_name":"Golden Shrine","player_choice":"Desecrate","floor":19.0,"gold_loss":0.0,"damage_taken":0.0,"cards_obtained":["Regret"]}],"is_beta":false,"boss_relics":[{"not_picked":["Empty Cage","Snecko Eye"],"picked":"Ring of the Serpent"}],"items_purged_floors":[13],"is_endless":false,"potions_floor_spawned":[1,10,12,18,22,24],"killed_by":"Chosen and Byrds","ascension_level":0}