{"gold_per_floor":[112,112,128,138,64,64,98,98,167,167,185,185,205,205,205,276,276,293,53,53,53,113,113,125,125,198,198,248,248,265,335,335,335],"floor_reached":33,"playtime":813,"items_purged":["Strike_B"],"score":490,"play_id":"7871dc0b-031a-48ae-a462-60c10e757733","local_time":"20190102002347","is_ascension_mode":true,"campfire_choices":[{"data":"Defragment","floor":6,"key":"SMITH"},{"floor":8,"key":"REST"},{"data":"Zap","floor":10,"key":"SMITH"},{"data":"Hologram","floor":12,"key":"SMITH"},{"floor":15,"key":"REST"},{"floor":23,"key":"REST"},{"data":"Loop","floor":25,"key":"SMITH"},{"floor":27,"key":"REST"},{"data":"Electrodynamics","floor":29,"key":"SMITH"},{"floor":32,"key":"REST"}],"neow_cost":"NONE","seed_source_timestamp":3428751168775,"circlet_count":0,"master_deck":["AscendersBane","Strike_B","Strike_B","Strike_B","Defend_B","Defend_B","Defend_B","Defend_B","Zap+1","Dualcast","Auto Shields","Conserve Battery","Ball Lightning","Conserve Battery","Defragment+1","Hologram+1","Fusion+1","Electrodynamics+1","Conserve Battery","Loop+1","Sunder+1","Cold Snap+1","Leap","Cold Snap+1","Hologram"],"relics":["Cracked Core","Omamori","Molten Egg 2","Sozu","SsserpentHead"],"potions_floor_usage":[7],"damage_taken":[{"damage":0,"enemies":"2 Louse","floor":1,"turns":2},{"damage":0,"enemies":"Cultist","floor":3,"turns":4},{"damage":9,"enemies":"Small Slimes","floor":4,"turns":3},{"damage":37,"enemies":"Gremlin Nob","floor":7,"turns":5},{"damage":9,"enemies":"Red Slaver","floor":11,"turns":3},{"damage":13,"enemies":"Gremlin Gang","floor":13,"turns":4},{"damage":30,"enemies":"The Guardian","floor":16,"turns":13},{"damage":15,"enemies":"Chosen","floor":18,"turns":7},{"damage":14,"enemies":"Spheric Guardian","floor":22,"turns":4},{"damage":8,"enemies":"Snecko","floor":24,"turns":5},{"damage":13,"enemies":"Centurion and Healer","floor":30,"turns":5},{"damage":6,"enemies":"Snake Plant","floor":31,"turns":5},{"damage":92,"enemies":"Collector","floor":33,"turns":9}],"seed_played":"5868558898960194202","potions_obtained":[{"floor":1,"key":"GamblersBrew"},{"floor":3,"key":"Block Potion"},{"floor":4,"key":"Dexterity Potion"}],"is_trial":false,"path_per_floor":["M","?","M","M","$","R","E","R","T","R","M","R","M","?","R","B",null,"M","$","?","$","M","R","M","R","T","R","?","R","M","M","R","B"],"character_chosen":"DEFECT","items_purchased":["Defragment","Loop","Sunder+1"],"campfire_rested":5,"item_purchase_floors":[5,19,19],"current_hp_per_floor":[64,64,64,55,55,55,18,39,39,39,30,30,17,17,38,8,55,40,40,40,40,26,47,39,39,39,60,53,53,40,34,55,0],"gold":335,"neow_bonus":"THREE_CARDS","is_prod":false,"is_daily":false,"chose_seed":false,"campfire_upgraded":5,"win_rate":0,"timestamp":1546413827,"path_taken":["M","?","M","M","?","R","E","R","T","R","M","R","M","?","R","BOSS","M","$","?","$","?","R","M","R","T","R","?","R","M","?","R","BOSS"],"build_version":"2019-01-01v2","purchased_purges":1,"victory":false,"max_hp_per_floor":[71,71,71,71,71,71,71,71,71,71,71,71,71,71,71,71,71,71,71,71,71,71,71,71,71,71,71,71,71,71,71,71,71],"card_choices":[{"not_picked":["Sweeping Beam","Recycle"],"picked":"Auto Shields","floor":0},{"not_picked":["BootSequence","Rebound"],"picked":"Conserve Battery","floor":1},{"not_picked":["Chill","Conserve Battery"],"picked":"Ball Lightning","floor":3},{"not_picked":["Gash","Sweeping Beam"],"picked":"Conserve Battery","floor":4},{"not_picked":["Rebound","Fusion"],"picked":"Hologram","floor":7},{"not_picked":["Consume","Steam","Double Energy"],"picked":"SKIP","floor":11},{"not_picked":["Hologram","Heatsinks"],"picked":"Fusion","floor":13},{"not_picked":["Reboot","Fission"],"picked":"Electrodynamics","floor":16},{"not_picked":["Leap","Go for the Eyes+1"],"picked":"Conserve Battery","floor":18},{"not_picked":["Beam Cell+1","Redo"],"picked":"Cold Snap+1","floor":22},{"not_picked":["Rebound+1","Auto Shields"],"picked":"Leap","floor":24},{"not_picked":["Barrage+1","Conserve Battery"],"picked":"Cold Snap+1","floor":30},{"not_picked":["Redo","Steam+1"],"picked":"Hologram","floor":31}],"player_experience":1018795,"relics_obtained":[{"floor":7,"key":"Omamori"},{"floor":9,"key":"Molten Egg 2"}],"event_choices":[{"damage_healed":0,"gold_gain":0,"player_choice":"0 cards matched","damage_taken":0,"max_hp_gain":0,"max_hp_loss":0,"event_name":"Match and Keep!","floor":2,"gold_loss":0,"cards_obtained":[]},{"damage_healed":0,"gold_gain":0,"player_choice":"Upgraded","damage_taken":0,"max_hp_gain":0,"max_hp_loss":0,"event_name":"Upgrade Shrine","floor":14,"gold_loss":0,"cards_upgraded":["Fusion"]},{"damage_healed":0,"gold_gain":0,"player_choice":"Trade","damage_taken":0,"relics_obtained":["SsserpentHead"],"max_hp_gain":0,"max_hp_loss":0,"event_name":"FaceTrader","floor":20,"gold_loss":0},{"damage_healed":0,"gold_gain":0,"player_choice":"","damage_taken":7,"max_hp_gain":0,"max_hp_loss":0,"event_name":"Knowing Skull","floor":28,"potions_obtained":[],"gold_loss":0,"cards_obtained":[]}],"is_beta":true,"boss_relics":[{"not_picked":["Runic Dome","Busted Crown"],"picked":"Sozu"}],"items_purged_floors":[19],"is_endless":false,"potions_floor_spawned":[1,3,4,30,31],"killed_by":"Collector","ascension_level":20}