{"gold_per_floor":[112,187,187,112,128,128,155,174,197,197,211,221,221,221,221,298,298,313,313,313,313,1,1,15,45,71,42,57,57,87,35,35,108,108,122,35,45,45,45,70,70,30,30,42,54,66,77,93,93,93],"floor_reached":50,"playtime":1868,"items_purged":["Strike_G"],"score":1120,"play_id":"2ce9df64-66ce-421d-9f17-a68371cbd2e7","local_time":"20190225201319","is_ascension_mode":true,"campfire_choices":[{"data":"Neutralize","floor":6.0,"key":"SMITH"},{"data":"Cloak And Dagger","floor":10.0,"key":"SMITH"},{"data":"Leg Sweep","floor":13.0,"key":"SMITH"},{"data":"Sucker Punch","floor":15.0,"key":"SMITH"},{"floor":23.0,"key":"REST"},{"floor":29.0,"key":"REST"},{"data":"Cloak And Dagger","floor":32.0,"key":"SMITH"},{"floor":41.0,"key":"REST"},{"floor":49,"key":"RECALL"}],"neow_cost":"NONE","seed_source_timestamp":89839391520024,"circlet_count":0,"master_deck":["AscendersBane","Defend_G+1","Defend_G+1","Defend_G+1","Defend_G+1","Defend_G+1","Strike_G+1","Strike_G+1","Survivor","Neutralize+1","Sucker Punch+1","Dagger Throw+1","Cloak And Dagger+1","A Thousand Cuts+1","Leg Sweep+1","PiercingWail","Corpse Explosion","Backstab+1","Infinite Blades+1","Finesse","Well Laid Plans+1","Noxious Fumes+1","Cloak And Dagger+1","Footwork+1","Dodge and Roll","Flash of Steel","Tools of the Trade+1","Leg Sweep","Doubt","Dodge and Roll","Backflip+1"],"special_seed":0,"relics":["Ring of the Snake","NeowsBlessing","Frozen Egg 2","Shuriken","Bronze Scales","WristBlade","Nilry\u0027s Codex","Oddly Smooth Stone","Smiling Mask","MawBank","Whetstone","Cursed Key","PreservedInsect"],"potions_floor_usage":[44,50],"damage_taken":[{"damage":0.0,"enemies":"2 Louse","floor":1.0,"turns":1.0},{"damage":0.0,"enemies":"Jaw Worm","floor":5.0,"turns":1.0},{"damage":0.0,"enemies":"Gremlin Nob","floor":7.0,"turns":1.0},{"damage":0.0,"enemies":"Cultist","floor":8.0,"turns":3.0},{"damage":20.0,"enemies":"Exordium Wildlife","floor":11.0,"turns":4.0},{"damage":0.0,"enemies":"Looter","floor":12.0,"turns":3.0},{"damage":9.0,"enemies":"The Guardian","floor":16.0,"turns":12.0},{"damage":12.0,"enemies":"Spheric Guardian","floor":18.0,"turns":4.0},{"damage":0.0,"enemies":"2 Thieves","floor":24.0,"turns":4.0},{"damage":0.0,"enemies":"Book of Stabbing","floor":25.0,"turns":6.0},{"damage":6.0,"enemies":"Snecko","floor":28.0,"turns":4.0},{"damage":5.0,"enemies":"Gremlin Leader","floor":30.0,"turns":7.0},{"damage":37.0,"enemies":"Collector","floor":33.0,"turns":9.0},{"damage":0.0,"enemies":"Orb Walker","floor":35.0,"turns":3.0},{"damage":0.0,"enemies":"3 Shapes","floor":37.0,"turns":4.0},{"damage":26.0,"enemies":"Reptomancer","floor":40.0,"turns":8.0},{"damage":4,"enemies":"Writhing Mass","floor":44,"turns":7},{"damage":25,"enemies":"Spire Growth","floor":45,"turns":5},{"damage":0,"enemies":"3 Darklings","floor":46,"turns":2},{"damage":4,"enemies":"Maw","floor":47,"turns":8},{"damage":1,"enemies":"Jaw Worm Horde","floor":48,"turns":3},{"damage":7,"enemies":"Time Eater","floor":50,"turns":6}],"seed_played":"240787454254403401","potions_obtained":[{"floor":5.0,"key":"Swift Potion"},{"floor":7.0,"key":"Poison Potion"},{"floor":8.0,"key":"AttackPotion"},{"floor":16.0,"key":"SteroidPotion"},{"floor":24.0,"key":"Dexterity Potion"},{"floor":25.0,"key":"EssenceOfSteel"},{"floor":37.0,"key":"Weak Potion"},{"floor":40.0,"key":"AttackPotion"},{"floor":46,"key":"Ancient Potion"}],"is_trial":false,"path_per_floor":["M","?","T","$","M","R","E","M","T","R","M","M","R","?","R","B",null,"M","?","?","?","$","R","M","E","T","$","M","R","E","$","R","B",null,"M","$","M","?","?","E","R","$","T","M","M","M","M","M","R","B"],"character_chosen":"THE_SILENT","items_purchased":["Infinite Blades+1","Oddly Smooth Stone","Finesse","Well Laid Plans+1","Cloak And Dagger","Footwork+1","Leg Sweep"],"campfire_rested":3,"item_purchase_floors":[22,22,22,27,31,36,42],"current_hp_per_floor":[59,48,48,48,48,48,48,48,48,48,28,28,28,21,21,12,53,41,20,20,20,20,39,39,39,39,39,33,52,47,47,47,10,52,52,52,52,47,47,21,40,40,40,36,11,11,7,6,6,0],"gold":93,"neow_bonus":"THREE_ENEMY_KILL","is_prod":false,"is_daily":false,"chose_seed":false,"campfire_upgraded":5,"win_rate":0,"timestamp":1551150799,"path_taken":["M","?","?","$","?","R","E","M","T","R","M","M","R","?","R","BOSS","M","?","?","?","$","R","M","E","T","?","M","R","E","$","R","BOSS","M","?","?","?","?","E","R","$","T","?","M","M","M","M","R","BOSS"],"build_version":"2019-02-06","purchased_purges":1,"victory":false,"max_hp_per_floor":[66,66,66,66,66,66,66,66,66,66,66,66,66,66,66,66,66,66,66,66,66,66,66,66,66,66,66,66,66,66,66,66,66,66,66,66,66,66,66,66,66,66,66,66,66,66,66,66,66,66],"card_choices":[{"not_picked":["Dagger Throw","Endless Agony"],"picked":"Sucker Punch","floor":1.0},{"not_picked":["Catalyst","Accuracy+1"],"picked":"Dagger Throw","floor":5.0},{"not_picked":["Dagger Spray","Eviscerate"],"picked":"Cloak And Dagger","floor":7.0},{"not_picked":["Deflect","Flechettes"],"picked":"A Thousand Cuts+1","floor":8.0},{"not_picked":["Deadly Poison","Dagger Spray"],"picked":"Leg Sweep","floor":11.0},{"not_picked":["Prepared","Underhanded Strike"],"picked":"PiercingWail","floor":12.0},{"not_picked":["Storm of Steel","Venomology"],"picked":"Corpse Explosion","floor":16.0},{"not_picked":["Finisher","Crippling Poison"],"picked":"Backstab","floor":18.0},{"not_picked":["Sucker Punch","Distraction","Underhanded Strike"],"picked":"SKIP","floor":24.0},{"not_picked":["Slice","Bouncing Flask","Finisher"],"picked":"SKIP","floor":25.0},{"not_picked":["Quick Slash","Doppelganger","Distraction"],"picked":"SKIP","floor":28.0},{"not_picked":["Prepared","Sucker Punch"],"picked":"Noxious Fumes+1","floor":30.0},{"not_picked":["Eviscerate","Dagger Throw","Deflect"],"picked":"SKIP","floor":35.0},{"not_picked":["Finisher+1","Infinite Blades+1"],"picked":"Dodge and Roll","floor":37.0},{"not_picked":["Deep Breath","Dramatic Entrance"],"picked":"Flash of Steel","floor":38.0},{"not_picked":["Deadly Poison","Masterful Stab","Dagger Throw+1"],"picked":"SKIP","floor":40.0},{"not_picked":["Skewer+1","Blade Dance","Escape Plan"],"picked":"SKIP","floor":44},{"not_picked":["Prepared+1","Crippling Poison+1","Catalyst"],"picked":"SKIP","floor":45},{"not_picked":["Slice","Expertise"],"picked":"Dodge and Roll","floor":46},{"not_picked":["Infinite Blades+1","Outmaneuver"],"picked":"Backflip+1","floor":47},{"not_picked":["Dagger Spray","Heel Hook","Slice+1"],"picked":"SKIP","floor":48}],"player_experience":1131743,"relics_obtained":[{"floor":3.0,"key":"Frozen Egg 2"},{"floor":7.0,"key":"Shuriken"},{"floor":9.0,"key":"Bronze Scales"},{"floor":19.0,"key":"Nilry\u0027s Codex"},{"floor":25.0,"key":"Smiling Mask"},{"floor":26.0,"key":"MawBank"},{"floor":30.0,"key":"Whetstone"},{"floor":40.0,"key":"PreservedInsect"}],"event_choices":[{"damage_healed":0.0,"max_hp_gain":0.0,"max_hp_loss":0.0,"gold_gain":75.0,"event_name":"World of Goop","player_choice":"Gather Gold","floor":2.0,"gold_loss":0.0,"damage_taken":11.0},{"cards_removed":["Strike_G"],"damage_healed":0.0,"max_hp_gain":0.0,"max_hp_loss":0.0,"gold_gain":0.0,"event_name":"Golden Wing","player_choice":"Card Removal","floor":14.0,"gold_loss":0.0,"damage_taken":7.0},{"damage_healed":0.0,"max_hp_gain":0.0,"max_hp_loss":0.0,"gold_gain":0.0,"event_name":"Cursed Tome","player_choice":"Obtained Book","floor":19.0,"gold_loss":0.0,"damage_taken":21.0},{"damage_healed":0.0,"max_hp_gain":0.0,"max_hp_loss":0.0,"gold_gain":0.0,"event_name":"Ghosts","player_choice":"Ignored","floor":20.0,"gold_loss":0.0,"damage_taken":0.0},{"damage_healed":0.0,"max_hp_gain":0.0,"max_hp_loss":0.0,"gold_gain":0.0,"event_name":"Back to Basics","player_choice":"Simplicity","floor":21.0,"gold_loss":0.0,"damage_taken":0.0,"cards_upgraded":["Defend_G","Defend_G","Defend_G","Defend_G","Defend_G","Strike_G","Strike_G","Strike_G"]},{"damage_healed":0.0,"max_hp_gain":0.0,"max_hp_loss":0.0,"gold_gain":0.0,"event_name":"SensoryStone","player_choice":"Memory 2","floor":38.0,"gold_loss":0.0,"damage_taken":5.0},{"damage_healed":0.0,"max_hp_gain":0.0,"max_hp_loss":0.0,"gold_gain":0.0,"cards_transformed":["Strike_G"],"event_name":"Transmorgrifier","player_choice":"Transformed","floor":39.0,"gold_loss":0.0,"damage_taken":0.0,"cards_obtained":["Tools of the Trade"]}],"is_beta":true,"boss_relics":[{"not_picked":["Velvet Choker","Pandora\u0027s Box"],"picked":"WristBlade"},{"not_picked":["Empty Cage","Astrolabe"],"picked":"Cursed Key"}],"items_purged_floors":[4],"is_endless":false,"potions_floor_spawned":[5,7,8,16,24,25,28,37,40,46,47],"killed_by":"Time Eater","ascension_level":20}