{"path_per_floor":["M","?","?","M","?","R","M","R","T","?","M","M","$","M","R","B",null,"M","$","?","?","?","R","M","M","T","R","M","?","?","M","R"],"character_chosen":"DEFECT","items_purchased":["Panache","Defragment","Stack","Singing Bowl"],"gold_per_floor":[115,190,190,200,200,200,219,219,300,300,314,328,60,75,75,152,152,162,39,39,39,39,39,53,66,119,119,131,131,131,150,150,150],"floor_reached":33,"campfire_rested":1,"playtime":920,"item_purchase_floors":[13,13,13,19],"current_hp_per_floor":[46,35,28,21,21,21,13,34,34,57,54,54,54,42,42,26,60,49,49,49,49,49,49,37,49,56,56,27,27,27,47,47,0],"items_purged":[],"gold":150,"score":440,"play_id":"b89cae22-5b7d-4fd6-bf86-b1dde037e539","local_time":"20180622143423","is_prod":false,"is_daily":false,"chose_seed":false,"is_ascension_mode":true,"campfire_upgraded":5,"win_rate":0,"timestamp":1529703263,"campfire_choices":[{"data":"Zap","floor":6,"key":"SMITH"},{"floor":8,"key":"REST"},{"data":"Defragment","floor":15,"key":"SMITH"},{"data":"Buffer","floor":23,"key":"SMITH"},{"data":"Blizzard","floor":27,"key":"SMITH"},{"data":"Defragment","floor":32,"key":"SMITH"}],"path_taken":["M","?","?","M","?","R","M","R","T","?","M","M","$","M","R","BOSS","M","$","?","?","?","R","?","M","T","R","M","?","?","M","R","BOSS"],"build_version":"2018-06-21","seed_source_timestamp":99211487900575,"purchased_purges":0,"circlet_count":0,"victory":false,"master_deck":["Defend_B","Defend_B","Defend_B","Defend_B","Zap+1","Dualcast","AscendersBane","Lockon","Stack","Conserve Battery","Cold Snap","Blizzard+1","Panache","Defragment+1","Stack","Buffer+1","Coolheaded+1","Bite","Bite","Bite","Bite","Bite","Cold Snap","Cold Snap","Defragment+1"],"max_hp_per_floor":[71,71,71,71,71,71,71,71,71,71,71,71,71,71,71,71,71,71,71,71,71,49,49,49,49,56,56,56,56,56,58,58,58],"relics":["Cracked Core","The Courier","Nuclear Battery","Singing Bowl","Strawberry"],"card_choices":[{"not_picked":["White Noise","Hello World"],"picked":"Stack","floor":1},{"not_picked":["Reprogram","Beam Cell","Reinforced Body"],"picked":"SKIP","floor":4},{"not_picked":["Rebound","Coolheaded"],"picked":"Conserve Battery","floor":7},{"not_picked":["Recycle","Undo"],"picked":"Cold Snap","floor":11},{"not_picked":["Genetic Algorithm","Streamline"],"picked":"Blizzard","floor":12},{"not_picked":["Barrage","Streamline","Rip and Tear"],"picked":"SKIP","floor":14},{"not_picked":["Machine Learning","Rainbow"],"picked":"Buffer","floor":16},{"not_picked":["Double Energy+1","Go for the Eyes"],"picked":"Coolheaded+1","floor":18},{"not_picked":["Sunder","Rebound"],"picked":"Cold Snap","floor":24},{"not_picked":["Creative AI","Auto Shields"],"picked":"Cold Snap","floor":25},{"not_picked":["Sweeping Beam+1","Capacitor"],"picked":"Defragment","floor":28},{"not_picked":["Gash","Ball Lightning","Turbo"],"picked":"Singing Bowl","floor":31}],"player_experience":669814,"potions_floor_usage":[14,14,31,33],"damage_taken":[{"damage":18,"enemies":"Small Slimes","floor":1,"turns":2},{"damage":7,"enemies":"Jaw Worm","floor":4,"turns":3},{"damage":8,"enemies":"2 Louse","floor":7,"turns":3},{"damage":3,"enemies":"2 Fungi Beasts","floor":11,"turns":3},{"damage":0,"enemies":"Looter","floor":12,"turns":4},{"damage":12,"enemies":"Gremlin Gang","floor":14,"turns":4},{"damage":16,"enemies":"The Guardian","floor":16,"turns":14},{"damage":11,"enemies":"2 Thieves","floor":18,"turns":4},{"damage":16,"enemies":"Chosen","floor":24,"turns":7},{"damage":13,"enemies":"Centurion and Healer","floor":25,"turns":10},{"damage":37,"enemies":"Cultist and Chosen","floor":28,"turns":11},{"damage":11,"enemies":"Snecko","floor":31,"turns":8},{"damage":79,"enemies":"Automaton","floor":33,"turns":16}],"relics_obtained":[{"floor":9,"key":"The Courier"},{"floor":26,"key":"Strawberry"}],"event_choices":[{"event_name":"World of Goop","player_choice":"Gather Gold","floor":2,"damage_taken":0},{"event_name":"Golden Wing","player_choice":"Card Removal","floor":3,"damage_taken":0},{"event_name":"Liars Game","player_choice":"disagreed","floor":5,"damage_taken":0},{"event_name":"Big Fish","player_choice":"Banana","floor":10,"damage_taken":0},{"event_name":"Beggar","player_choice":"Ignored","floor":20,"damage_taken":0},{"event_name":"Forgotten Altar","player_choice":"Smashed Altar","floor":21,"damage_taken":0},{"event_name":"Vampires","player_choice":"Became a vampire","floor":22,"damage_taken":0},{"event_name":"Fountain of Cleansing","player_choice":"Removed Curse","floor":29,"damage_taken":0},{"event_name":"Drug Dealer","player_choice":"Ignored","floor":30,"damage_taken":0}],"boss_relics":[{"not_picked":["Fusion Hammer","Eternal Feather"],"picked":"Nuclear Battery"}],"items_purged_floors":[],"is_endless":true,"potions_floor_spawned":[1,4,11,16,18,25],"seed_played":"-782674432211755626","killed_by":"Automaton","ascension_level":15,"potions_obtained":[{"floor":1,"key":"AttackPotion"},{"floor":4,"key":"LiquidBronze"},{"floor":16,"key":"FocusPotion"},{"floor":18,"key":"Regen Potion"}],"is_trial":false}