{"path_per_floor":["M","?","?","?","?","E","R","E","T","R","?","M","?","M","R","B",null,"M","$","?","$","M"],"character_chosen":"THE_SILENT","items_purchased":["Mercury Hourglass","Noxious Fumes","Tiny Chest","Catalyst","Explosive Potion"],"gold_per_floor":[119,119,119,219,219,263,263,307,355,355,430,446,476,500,500,631,669,684,353,268,11,36],"floor_reached":23,"campfire_rested":0,"playtime":1021,"current_hp_per_floor":[63,56,44,44,44,44,44,44,44,44,33,29,29,28,28,21,63,61,61,61,61,41],"items_purged":["Injury"],"gold":36,"score":319,"play_id":"edfe2c99-bc15-408f-95d1-4bb84fdd19e0","is_prod":false,"is_daily":false,"is_ascension_mode":true,"campfire_upgraded":3,"path_taken":["M","?","?","?","?","E","R","E","T","R","?","M","?","M","R","BOSS","M","$","?","$","M","E"],"build_version":"2018-02-22-PROD1","purchased_purges":2,"victory":false,"master_deck":["Defend_G","Defend_G","Defend_G","Defend_G","Defend_G","Strike_G","Strike_G","Strike_G","Strike_G","Strike_G+1","Survivor","Neutralize+1","Poisoned Stab","Choke+1","Noxious Fumes+1","Bane","Dagger Spray","Corpse Explosion","Catalyst","Noxious Fumes","Catalyst","Expertise"],"max_hp_per_floor":[70,70,70,70,70,70,70,70,70,70,70,70,70,70,70,70,75,75,75,75,75,75],"relics":["Ring of the Snake","NeowsBlessing","Gambling Chip","Golden Idol","Pantograph","Juzu Bracelet","Happy Flower","Tiny House","Mercury Hourglass","Smiling Mask","Tiny Chest"],"card_choices":[{"not_picked":["Acrobatics","Outmaneuver"],"picked":"Poisoned Stab"},{"not_picked":["Eviscerate","Bane"],"picked":"Choke"},{"not_picked":["Quick Slash","Predator"],"picked":"Noxious Fumes"},{"not_picked":["Underhanded Strike","Setup"],"picked":"Bane"},{"not_picked":["Poisoned Stab","Concentrate"],"picked":"Dagger Spray"},{"not_picked":["A Thousand Cuts","Tactician"],"picked":"Corpse Explosion"},{"not_picked":["Deadly Poison","Poisoned Stab"],"picked":"Catalyst"},{"not_picked":["Concentrate","Dagger Spray"],"picked":"Expertise"}],"player_experience":394010,"potions_floor_usage":[14,16,18,23],"damage_taken":[{"damage":0,"enemies":"2 Louse","floor":1,"turns":1},{"damage":0,"enemies":"Lagavulin","floor":6,"turns":1},{"damage":0,"enemies":"Gremlin Nob","floor":8,"turns":1},{"damage":4,"enemies":"Cultist","floor":12,"turns":3},{"damage":1,"enemies":"Small Slimes","floor":14,"turns":3},{"damage":32,"enemies":"Hexaghost","floor":16,"turns":10},{"damage":2,"enemies":"Chosen","floor":18,"turns":5},{"damage":20,"enemies":"2 Thieves","floor":22,"turns":4},{"damage":60,"enemies":"Book of Stabbing","floor":23,"turns":5}],"event_choices":[{"event_name":"Wheel of Change","player_choice":"Damage","floor":2,"damage_taken":0},{"event_name":"Scrap Ooze","player_choice":"success","floor":3,"damage_taken":12},{"event_name":"Golden Shrine","player_choice":"Pray","floor":4,"damage_taken":0},{"event_name":"Golden Idol","player_choice":"Take Wound","floor":5,"damage_taken":0},{"event_name":"World of Goop","player_choice":"Gather Gold","floor":11,"damage_taken":0},{"event_name":"Dead Adventurer","player_choice":"Searched \u00271\u0027 times","floor":13,"damage_taken":0},{"event_name":"Addict","player_choice":"Obtained Relic","floor":20,"damage_taken":0}],"boss_relics":[{"not_picked":["Astrolabe","Snecko Eye"],"picked":"Tiny House"}],"potions_floor_spawned":[6,8,16,18,22],"seed_played":"2092955571854250393","killed_by":"Book of Stabbing","ascension_level":6,"is_trial":false}