{"gold_per_floor":[112,123,135,135,60,100,100,138,138,158,158,493,493,518,518,608,608,632,354,379,329,329,329,342,383,383,422,422,463,463,463,463,539,539,549,566,296,315,159,159,178,209,209,239,249,249,279,294,294,294],"floor_reached":51,"playtime":3852,"items_purged":["Injury","Defend_G"],"score":1692,"play_id":"fd652070-803b-4652-992a-170e05f7d04e","local_time":"20180817204000","is_ascension_mode":true,"campfire_choices":[{"data":"After Image","floor":7,"key":"SMITH"},{"data":"Noxious Fumes","floor":13,"key":"SMITH"},{"data":"Neutralize","floor":15,"key":"SMITH"},{"data":"Deadly Poison","floor":23,"key":"SMITH"},{"data":"Poisoned Stab","floor":28,"key":"SMITH"},{"data":"Survivor","floor":30,"key":"SMITH"},{"data":"Bite","floor":32,"key":"SMITH"},{"data":"Choke","floor":40,"key":"SMITH"},{"data":"Mind Blast","floor":49,"key":"SMITH"}],"neow_cost":"NONE","seed_source_timestamp":215717622056457,"circlet_count":0,"master_deck":["Defend_G","Defend_G","Defend_G","Defend_G","Survivor+1","Neutralize+1","AscendersBane","Deadly Poison+1","Poisoned Stab+1","Noxious Fumes+1","After Image+1","Dodge and Roll+1","Leg Sweep+1","Acrobatics+1","Crippling Poison+1","Malaise+1","Prepared+1","Cloak And Dagger+1","PiercingWail+1","Backflip+1","Bite","Bite","Bite+1","Cloak And Dagger+1","Escape Plan+1","Catalyst+1","After Image","Choke+1","Bouncing Flask+1","Escape Plan+1","Mind Blast+1","Bane+1","Prepared+1","Expertise+1","Prepared+1","Predator","Madness+1","Madness+1","Sucker Punch+1","Noxious Fumes+1"],"relics":["Ring of the Snake","Bloody Idol","Dodecahedron","Toxic Egg 2","Bottled Lightning","Old Coin","Sozu","Medical Kit","Paper Crane","Pantograph","Mango","Blue Candle","Empty Cage","Snake Skull","Happy Flower","Frozen Egg 2","Potion Belt","Sundial"],"potions_floor_usage":[12,16,50],"damage_taken":[{"damage":1,"enemies":"Jaw Worm","floor":1,"turns":5},{"damage":0,"enemies":"2 Louse","floor":2,"turns":3},{"damage":0,"enemies":"Small Slimes","floor":3,"turns":3},{"damage":26,"enemies":"3 Sentries","floor":6,"turns":7},{"damage":7,"enemies":"Lagavulin","floor":8,"turns":6},{"damage":0,"enemies":"Blue Slaver","floor":10,"turns":4},{"damage":15,"enemies":"Gremlin Nob","floor":12,"turns":5},{"damage":0,"enemies":"Exordium Thugs","floor":14,"turns":5},{"damage":4,"enemies":"The Guardian","floor":16,"turns":10},{"damage":0,"enemies":"Shell Parasite","floor":18,"turns":7},{"damage":1,"enemies":"Chosen","floor":20,"turns":5},{"damage":0,"enemies":"Shelled Parasite and Fungi","floor":24,"turns":5},{"damage":0,"enemies":"Book of Stabbing","floor":25,"turns":8},{"damage":17,"enemies":"Gremlin Leader","floor":27,"turns":7},{"damage":15,"enemies":"Book of Stabbing","floor":29,"turns":7},{"damage":0,"enemies":"Champ","floor":33,"turns":11},{"damage":0,"enemies":"3 Shapes","floor":35,"turns":6},{"damage":0,"enemies":"Flame Bruiser 1 Orb","floor":36,"turns":5},{"damage":1,"enemies":"Maw","floor":38,"turns":8},{"damage":4,"enemies":"3 Darklings","floor":41,"turns":3},{"damage":0,"enemies":"Giant Head","floor":42,"turns":5},{"damage":12,"enemies":"Nemesis","floor":44,"turns":5},{"damage":11,"enemies":"Spire Growth","floor":45,"turns":5},{"damage":1,"enemies":"Giant Head","floor":47,"turns":8},{"damage":11,"enemies":"Maw","floor":48,"turns":6},{"damage":0,"enemies":"Donu and Deca","floor":50,"turns":8}],"seed_played":"8434516095986686426","potions_obtained":[{"floor":3,"key":"SpeedPotion"},{"floor":8,"key":"GamblersBrew"},{"floor":16,"key":"SpeedPotion"}],"is_trial":false,"path_per_floor":["M","M","M","?","$","E","R","E","T","M","?","E","R","M","R","B",null,"M","$","M","$","?","R","M","E","T","E","R","E","R","?","R","B",null,"M","M","$","M","$","R","M","E","T","E","M","?","E","M","R","B"],"character_chosen":"THE_SILENT","items_purchased":["Cloak And Dagger+1","Medical Kit","PiercingWail+1","Backflip+1","Escape Plan+1","Mind Blast","Snake Skull"],"campfire_rested":0,"item_purchase_floors":[19,19,19,21,37,37,39],"current_hp_per_floor":[64,64,64,64,64,38,38,31,31,31,36,21,21,21,21,17,62,62,62,61,61,53,53,53,53,53,56,56,53,53,53,53,67,67,67,67,67,67,67,67,67,67,67,60,56,44,59,58,58,67],"gold":294,"neow_bonus":"TEN_PERCENT_HP_BONUS","is_prod":false,"is_daily":false,"chose_seed":false,"campfire_upgraded":9,"win_rate":0,"timestamp":1534552800,"path_taken":["M","M","M","?","$","E","R","E","T","M","?","E","R","M","R","BOSS","M","$","?","?","?","R","?","E","T","E","R","E","R","?","R","BOSS","M","M","$","M","$","R","M","E","T","E","M","?","E","M","R","BOSS"],"build_version":"2018-08-16","purchased_purges":2,"victory":true,"max_hp_per_floor":[72,72,72,72,72,72,72,72,72,72,77,77,77,77,77,77,77,77,77,77,77,53,53,53,53,53,67,67,67,67,67,67,67,67,67,67,67,67,67,67,67,67,67,67,67,67,67,67,67,67],"card_choices":[{"not_picked":["Sucker Punch","PiercingWail"],"picked":"Deadly Poison","floor":1},{"not_picked":["Outmaneuver","Skewer"],"picked":"Poisoned Stab","floor":2},{"not_picked":["All Out Attack","Escape Plan"],"picked":"Noxious Fumes","floor":3},{"not_picked":["Deadly Poison","Bane"],"picked":"After Image","floor":6},{"not_picked":["Dagger Spray","PiercingWail"],"picked":"Dodge and Roll","floor":8},{"not_picked":["Dagger Spray","Deflect+1"],"picked":"Leg Sweep+1","floor":10},{"not_picked":["Poisoned Stab","Phantasmal Killer+1"],"picked":"Acrobatics+1","floor":12},{"not_picked":["Caltrops","Cloak And Dagger+1"],"picked":"Crippling Poison+1","floor":14},{"not_picked":["Wraith Form v2","After Image"],"picked":"Malaise+1","floor":16},{"not_picked":["Crippling Poison+1","Acrobatics+1"],"picked":"Prepared+1","floor":18},{"not_picked":["Outmaneuver+1","Underhanded Strike","Slice"],"picked":"SKIP","floor":20},{"not_picked":["Finisher","Backflip+1","Bane"],"picked":"SKIP","floor":24},{"not_picked":["PiercingWail+1","Deadly Poison+1"],"picked":"Cloak And Dagger+1","floor":25},{"not_picked":["Terror+1","Leg Sweep+1"],"picked":"Escape Plan+1","floor":27},{"not_picked":["Flechettes","Deflect+1"],"picked":"Catalyst+1","floor":29},{"not_picked":["Grand Finale","Die Die Die"],"picked":"After Image","floor":33},{"not_picked":["Sucker Punch","Underhanded Strike"],"picked":"Choke","floor":35},{"not_picked":["Outmaneuver+1","Deflect+1"],"picked":"Bouncing Flask+1","floor":36},{"not_picked":["Dagger Throw","Sucker Punch"],"picked":"Bane+1","floor":38},{"not_picked":["Dagger Spray","Outmaneuver+1"],"picked":"Prepared+1","floor":41},{"not_picked":["Flying Knee","Outmaneuver+1"],"picked":"Expertise+1","floor":42},{"not_picked":["Dash","Concentrate+1"],"picked":"Prepared+1","floor":44},{"not_picked":["Unload","Bane"],"picked":"Predator","floor":45},{"not_picked":["Acrobatics+1","Dagger Throw"],"picked":"Sucker Punch+1","floor":47},{"not_picked":["Endless Agony+1","Bane"],"picked":"Noxious Fumes+1","floor":48}],"player_experience":965603,"relics_obtained":[{"floor":6,"key":"Dodecahedron"},{"floor":8,"key":"Toxic Egg 2"},{"floor":9,"key":"Bottled Lightning"},{"floor":12,"key":"Old Coin"},{"floor":25,"key":"Paper Crane"},{"floor":26,"key":"Pantograph"},{"floor":27,"key":"Mango"},{"floor":29,"key":"Blue Candle"},{"floor":42,"key":"Happy Flower"},{"floor":43,"key":"Frozen Egg 2"},{"floor":44,"key":"Potion Belt"},{"floor":47,"key":"Sundial"}],"event_choices":[{"event_name":"Golden Idol","player_choice":"Take Wound","floor":4,"damage_taken":0},{"event_name":"Big Fish","player_choice":"Donut","floor":11,"damage_taken":0},{"event_name":"Vampires","player_choice":"Became a vampire","floor":22,"damage_taken":0},{"event_name":"Forgotten Altar","player_choice":"Gave Idol","floor":31,"damage_taken":0},{"event_name":"Winding Halls","player_choice":"Embrace Madness","floor":46,"damage_taken":0}],"is_beta":false,"boss_relics":[{"not_picked":["Philosopher\u0027s Stone","Runic Pyramid"],"picked":"Sozu"},{"not_picked":["Snecko Eye","Black Star"],"picked":"Empty Cage"}],"items_purged_floors":[5,37],"is_endless":false,"potions_floor_spawned":[3,8,16,20,25,27,36,42,44,45,47],"ascension_level":15}