{"path_per_floor":["M","?","?","M","$","R","E","M","T","?","M","R","M","M","R","B",null,"M","?","$","M"],"character_chosen":"IRONCLAD","items_purchased":[],"gold_per_floor":[111,111,111,121,121,121,154,167,167,190,200,200,219,238,238,338,338,338,338,338,278,278],"floor_reached":22,"campfire_rested":0,"playtime":465,"current_hp_per_floor":[78,71,71,77,77,77,80,82,82,66,56,56,52,46,46,14,67,51,35,35,15,0],"items_purged":[],"gold":278,"score":338,"play_id":"cfa53d2e-9093-48a3-a233-5930a491ed01","local_time":"20180411224248","is_prod":false,"is_daily":false,"is_ascension_mode":true,"campfire_upgraded":3,"timestamp":1523511768,"path_taken":["M","?","?","M","$","R","E","M","T","?","M","R","?","?","R","BOSS","M","?","?","M","M"],"build_version":"2018-04-05v2","purchased_purges":1,"victory":false,"master_deck":["Strike_R","Strike_R","Strike_R","Strike_R","Defend_R","Defend_R","Defend_R","Defend_R","Bash+1","AscendersBane","Spot Weakness+1","Flex","Demon Form+1","Thunderclap","Flex","Iron Wave","Offering","Flame Barrier"],"max_hp_per_floor":[80,80,80,80,80,80,80,82,82,82,82,82,82,84,84,84,84,84,84,84,86,86],"relics":["Burning Blood","NeowsBlessing","Singing Bowl","Dream Catcher","Odd Mushroom","Ectoplasm","Enchiridion"],"card_choices":[{"not_picked":["Rage","Twin Strike"],"picked":"Spot Weakness","floor":1},{"not_picked":["Armaments","Ghostly Armor"],"picked":"Flex","floor":4},{"not_picked":["Wild Strike","Havoc"],"picked":"Demon Form","floor":7},{"not_picked":["Anger","Intimidate"],"picked":"Thunderclap","floor":10},{"not_picked":["Perfected Strike","Havoc"],"picked":"Flex","floor":11},{"not_picked":["True Grit","Headbutt"],"picked":"Iron Wave","floor":13},{"not_picked":["Demon Form","Exhume"],"picked":"Offering","floor":16},{"not_picked":["Thunderclap","True Grit"],"picked":"Flame Barrier","floor":18}],"player_experience":429859,"potions_floor_usage":[10,10,16,16],"damage_taken":[{"damage":0,"enemies":"2 Louse","floor":1,"turns":1},{"damage":0,"enemies":"Small Slimes","floor":4,"turns":1},{"damage":0,"enemies":"Gremlin Nob","floor":7,"turns":1},{"damage":6,"enemies":"Cultist","floor":8,"turns":3},{"damage":22,"enemies":"The Mushroom Lair","floor":10,"turns":4},{"damage":16,"enemies":"Exordium Thugs","floor":11,"turns":4},{"damage":10,"enemies":"2 Fungi Beasts","floor":13,"turns":3},{"damage":14,"enemies":"Blue Slaver","floor":14,"turns":4},{"damage":38,"enemies":"The Guardian","floor":16,"turns":8},{"damage":22,"enemies":"Shell Parasite","floor":18,"turns":4},{"damage":28,"enemies":"2 Thieves","floor":21,"turns":3},{"damage":23,"enemies":"Sentry and Sphere","floor":22,"turns":3}],"event_choices":[{"event_name":"Golden Wing","player_choice":"Card Removal","floor":2,"damage_taken":0},{"event_name":"The Lab","player_choice":"Got Potions","floor":3,"damage_taken":0},{"event_name":"Mushrooms","player_choice":"Fought Mushrooms","floor":10,"damage_taken":0},{"event_name":"Cursed Tome","player_choice":"Obtained Book","floor":19,"damage_taken":0}],"boss_relics":[{"not_picked":["Astrolabe","Calling Bell"],"picked":"Ectoplasm"}],"potions_floor_spawned":[1,11,13,14,21],"seed_played":"-4089553511702268099","killed_by":"Sentry and Sphere","ascension_level":12,"is_trial":false}