{"path_per_floor":["M","$","?","?","M","R","T","R","T","M","?","E","R","M","R","B",null,"M","?","M","$","?","E","R","E","T","?","M","R","?","$","R","B",null,"M","$","?","$","M","E","R","M","T","E","?","$","?","?","R"],"character_chosen":"THE_SILENT","items_purchased":["Membership Card","Dash","Deadly Poison","Fire Potion","Block Potion","Meat on the Bone","Strength Potion","Apotheosis","Dream Catcher","Panacea","Prepared"],"gold_per_floor":[361,10,110,110,120,120,145,145,192,211,211,238,238,254,254,356,356,324,324,338,31,31,62,62,91,146,146,158,158,158,14,14,119,119,135,12,12,12,22,47,47,66,91,126,126,9,63,0,0],"floor_reached":50,"campfire_rested":2,"playtime":4231,"current_hp_per_floor":[32,32,32,25,25,25,25,46,46,46,70,57,57,59,59,25,59,37,37,35,35,35,13,49,35,35,35,49,49,49,49,49,44,65,64,64,55,55,40,40,40,27,27,49,49,49,63,63,63],"items_purged":["Grand Finale"],"gold":0,"score":707,"play_id":"16d3896b-cf45-4b2b-aa9c-4f75f4062b7b","is_prod":false,"is_daily":false,"is_ascension_mode":true,"campfire_upgraded":7,"path_taken":["M","$","?","?","?","R","?","R","T","?","?","E","R","M","R","BOSS","M","?","?","?","?","E","R","E","T","?","M","R","?","$","R","BOSS","M","$","?","$","M","E","R","M","T","E","?","?","?","?","R","BOSS"],"build_version":"2018-02-15-PROD1","purchased_purges":2,"victory":false,"master_deck":["Defend_G","Defend_G","Defend_G","Defend_G","Survivor","Neutralize","Dagger Spray","Dash+1","Deadly Poison","Backflip","Blur+1","Bane+1","After Image+1","Escape Plan+1","PiercingWail+1","Bouncing Flask+1","Bite","Bite","Bite","Bite","Infinite Blades+1","Catalyst+1","Footwork","Apotheosis+1","A Thousand Cuts+1","Madness","Madness","Distraction+1","Burst","Panacea+1","Prepared+1"],"max_hp_per_floor":[70,70,70,70,70,70,70,70,70,70,70,70,70,70,70,70,70,70,70,70,70,70,70,70,70,70,70,72,72,72,72,72,72,72,74,74,74,74,76,76,76,76,76,78,78,78,80,80,80],"relics":["Ring of the Snake","Membership Card","Snake Skull","Regal Pillow","Astrolabe","Meat on the Bone","Oddly Smooth Stone","Juzu Bracelet","Singing Bowl","Sozu","Dream Catcher","Art of War","Anchor","Toxic Egg 2","Thread and Needle","Red Mask"],"card_choices":[{"not_picked":["Outmaneuver","Acrobatics"],"picked":"Dagger Spray"},{"not_picked":["Leg Sweep","Dagger Throw"],"picked":"Backflip"},{"not_picked":["Deadly Poison","Acrobatics"],"picked":"All Out Attack"},{"not_picked":["Corpse Explosion","Flying Knee"],"picked":"Blur"},{"not_picked":["PiercingWail","Backflip"],"picked":"Bane"},{"not_picked":["Wraith Form","Tools of the Trade"],"picked":"After Image"},{"not_picked":["Infinite Blades","Cloak And Dagger"],"picked":"Bouncing Flask"},{"not_picked":["Underhanded Strike","Slice"],"picked":"Infinite Blades"},{"not_picked":["Noxious Fumes","Leg Sweep"],"picked":"Catalyst"},{"not_picked":["Deadly Poison","Setup"],"picked":"Footwork"},{"not_picked":["Die Die Die","Storm of Steel"],"picked":"A Thousand Cuts"},{"not_picked":["Sucker Punch","Prepared"],"picked":"Distraction"},{"not_picked":["Poisoned Stab","Predator"],"picked":"Burst"}],"player_experience":284166,"potions_floor_usage":[12,12,16,16,23,23,23,28,33],"damage_taken":[{"damage":3,"enemies":"Small Slimes","floor":1,"turns":6},{"damage":0,"enemies":"Cultist","floor":5,"turns":3},{"damage":0,"enemies":"Jaw Worm","floor":10,"turns":3},{"damage":13,"enemies":"Lagavulin","floor":12,"turns":7},{"damage":0,"enemies":"Large Slime","floor":14,"turns":7},{"damage":36,"enemies":"Hexaghost","floor":16,"turns":10},{"damage":24,"enemies":"2 Thieves","floor":18,"turns":5},{"damage":6,"enemies":"Shell Parasite","floor":20,"turns":4},{"damage":44,"enemies":"Gremlin Leader","floor":23,"turns":7},{"damage":34,"enemies":"Book of Stabbing","floor":25,"turns":5},{"damage":16,"enemies":"Centurion and Healer","floor":28,"turns":9},{"damage":29,"enemies":"Collector","floor":33,"turns":10},{"damage":6,"enemies":"3 Shapes","floor":35,"turns":6},{"damage":32,"enemies":"3 Darklings","floor":39,"turns":5},{"damage":33,"enemies":"Nemesis","floor":40,"turns":7},{"damage":40,"enemies":"Sphere and 2 Shapes","floor":42,"turns":6},{"damage":4,"enemies":"Giant Head","floor":44,"turns":5},{"damage":0,"enemies":"Mysterious Sphere","floor":47,"turns":7},{"damage":67,"enemies":"Donu and Deca","floor":50,"turns":8}],"event_choices":[{"event_name":"Golden Shrine","player_choice":"Pray","floor":3,"damage_taken":0},{"event_name":"Golden Wing","player_choice":"Card Removal","floor":4,"damage_taken":0},{"event_name":"Bonfire Elementals","player_choice":"UNCOMMON","floor":11,"damage_taken":0},{"event_name":"Vampires","player_choice":"Became a vampire (Vial)","floor":19,"damage_taken":0},{"event_name":"The Lab","player_choice":"Got Potions","floor":22,"damage_taken":0},{"event_name":"Drug Dealer","player_choice":"Ignored","floor":27,"damage_taken":0},{"event_name":"Beggar","player_choice":"Ignored","floor":30,"damage_taken":0},{"event_name":"Winding Halls","player_choice":"Embrace Madness","floor":37,"damage_taken":0},{"event_name":"Mysterious Sphere","player_choice":"Fight","floor":47,"damage_taken":0},{"event_name":"Tomb of Lord Red Mask","player_choice":"Paid","floor":48,"damage_taken":0}],"boss_relics":[{"not_picked":["Cursed Key","Ectoplasm"],"picked":"Astrolabe"},{"not_picked":["Velvet Choker","Philosopher\u0027s Stone"],"picked":"Sozu"}],"potions_floor_spawned":[10,12,18,23,28,42,44],"seed_played":"-152436005507003581","killed_by":"Donu and Deca","ascension_level":5,"is_trial":false}