{"gold_per_floor":[115,115,37,112,123,123,123,123,123,140,140,140,10,50,50,50],"floor_reached":16,"playtime":294,"items_purged":["Strike_B"],"score":192,"play_id":"fb275eda-e899-411b-82f0-ef1f341de433","local_time":"20181209235438","is_ascension_mode":true,"campfire_choices":[{"data":"Zap","floor":6,"key":"SMITH"},{"floor":8,"key":"RECALL"},{"data":"Stack","floor":15,"key":"SMITH"}],"neow_cost":"NONE","seed_source_timestamp":134233835426972,"circlet_count":0,"master_deck":["AscendersBane","Strike_B","Strike_B","Strike_B","Defend_B","Defend_B","Defend_B","Defend_B","Zap+1","Dualcast","Conserve Battery","FTL","Leap","Go for the Eyes","Conserve Battery","Coolheaded","Stack+1"],"relics":["Cracked Core","Mango","Golden Idol","Ice Cream"],"potions_floor_usage":[14,14],"damage_taken":[{"damage":6,"enemies":"2 Louse","floor":1,"turns":3},{"damage":0,"enemies":"Jaw Worm","floor":5,"turns":3},{"damage":0,"enemies":"Cultist","floor":10,"turns":2},{"damage":22,"enemies":"Gremlin Nob","floor":14,"turns":4},{"damage":43,"enemies":"The Guardian","floor":16,"turns":14}],"seed_played":"-3453098878191177173","potions_obtained":[{"floor":1,"key":"SkillPotion"},{"floor":5,"key":"Ancient Potion"}],"is_trial":false,"path_per_floor":["M","?","$","?","M","R","T","R","T","M","?","?","$","E","R","B"],"character_chosen":"DEFECT","items_purchased":["Leap","Go for the Eyes","Stack"],"campfire_rested":0,"item_purchase_floors":[3,3,13],"current_hp_per_floor":[58,58,58,47,47,47,61,61,61,61,61,61,61,39,39,0],"gold":50,"neow_bonus":"THREE_CARDS","is_prod":false,"is_daily":false,"chose_seed":false,"campfire_upgraded":2,"win_rate":0,"timestamp":1544424878,"path_taken":["M","?","$","?","M","R","?","R","T","?","?","?","$","E","R","BOSS"],"build_version":"2018-12-06","purchased_purges":1,"victory":false,"max_hp_per_floor":[71,71,71,71,71,71,85,85,85,85,77,77,77,77,77,77],"card_choices":[{"not_picked":["Compile Driver","Redo"],"picked":"Conserve Battery","floor":0},{"not_picked":["Stack","Reprogram"],"picked":"FTL","floor":1},{"not_picked":["Steam","Compile Driver"],"picked":"Conserve Battery","floor":5},{"not_picked":["Rip and Tear","Heatsinks"],"picked":"Coolheaded","floor":10},{"not_picked":["Streamline","Stack","Rebound"],"picked":"SKIP","floor":14}],"player_experience":982656,"relics_obtained":[{"floor":7,"key":"Mango"},{"floor":14,"key":"Ice Cream"}],"event_choices":[{"damage_healed":0,"gold_gain":0,"player_choice":"Ignored","damage_taken":0,"max_hp_gain":0,"max_hp_loss":0,"event_name":"Liars Game","floor":2,"gold_loss":0},{"damage_healed":0,"gold_gain":75,"player_choice":"Gather Gold","damage_taken":11,"max_hp_gain":0,"max_hp_loss":0,"event_name":"World of Goop","floor":4,"gold_loss":0},{"damage_healed":0,"gold_gain":0,"player_choice":"Lose Max HP","damage_taken":0,"relics_obtained":["Golden Idol"],"max_hp_gain":0,"max_hp_loss":8,"event_name":"Golden Idol","floor":11,"gold_loss":0},{"damage_healed":0,"gold_gain":0,"player_choice":"Got Potions","damage_taken":0,"max_hp_gain":0,"max_hp_loss":0,"event_name":"Lab","floor":12,"gold_loss":0}],"is_beta":true,"boss_relics":[],"items_purged_floors":[13],"is_endless":false,"potions_floor_spawned":[1,5],"killed_by":"The Guardian","ascension_level":20}