{"gold_per_floor":[113,38,38,188,9,44,44,78,78,98,98,133,149,149,149,220,220,239,239,251,270,320,320,353,353,353,353,369,419,419,431,431,431],"floor_reached":33,"playtime":1420,"items_purged":["Doubt"],"score":662,"play_id":"ed60699f-7876-4b0e-9af5-42ed40ebb4f6","local_time":"20190405025451","is_ascension_mode":true,"campfire_choices":[{"data":"Bash","floor":7,"key":"SMITH"},{"data":"Combust","floor":11,"key":"SMITH"},{"data":"True Grit","floor":15,"key":"SMITH"},{"data":"Feel No Pain","floor":23,"key":"SMITH"},{"floor":25,"key":"REST"},{"data":"Clothesline","floor":30,"key":"SMITH"},{"data":"Uppercut","floor":32,"key":"SMITH"}],"neow_cost":"NONE","seed_source_timestamp":318356445642764,"circlet_count":0,"master_deck":["AscendersBane","Strike_R","Strike_R","Strike_R","Strike_R","Defend_R","Defend_R","Defend_R","Defend_R","Bash+1","Disarm+1","Clothesline+1","Feel No Pain+1","True Grit+1","Flame Barrier","Combust+1","Spot Weakness","Pain","Feed","True Grit+1","Uppercut+1","Sentinel","Wild Strike+1"],"relics":["Burning Blood","NeowsBlessing","Self Forming Clay","Oddly Smooth Stone","Sundial","WarpedTongs","Sozu","Mummified Hand","Kunai","Matryoshka"],"potions_floor_usage":[10,12,20],"damage_taken":[{"damage":0,"enemies":"2 Louse","floor":1,"turns":1},{"damage":0,"enemies":"Lagavulin","floor":6,"turns":1},{"damage":0,"enemies":"Gremlin Nob","floor":8,"turns":1},{"damage":4,"enemies":"Small Slimes","floor":10,"turns":5},{"damage":14,"enemies":"3 Sentries","floor":12,"turns":6},{"damage":4,"enemies":"Cultist","floor":13,"turns":3},{"damage":33,"enemies":"Hexaghost","floor":16,"turns":13},{"damage":7,"enemies":"Chosen","floor":18,"turns":11},{"damage":12,"enemies":"2 Thieves","floor":20,"turns":5},{"damage":21,"enemies":"Shelled Parasite and Fungi","floor":21,"turns":6},{"damage":36,"enemies":"Gremlin Leader","floor":24,"turns":7},{"damage":13,"enemies":"Snecko","floor":28,"turns":7},{"damage":12,"enemies":"Snake Plant","floor":31,"turns":4},{"damage":86,"enemies":"Collector","floor":33,"turns":9}],"seed_played":"8229179043052646683","potions_obtained":[{"floor":1,"key":"PowerPotion"},{"floor":8,"key":"EssenceOfSteel"},{"floor":13,"key":"Weak Potion"}],"is_trial":false,"path_per_floor":["M","?","?","?","$","E","R","E","T","M","R","E","M","?","R","B",null,"M","T","M","M","?","R","E","R","T","?","M","?","R","M","R","B"],"character_chosen":"IRONCLAD","items_purchased":["Clothesline","Feel No Pain"],"campfire_rested":1,"item_purchase_floors":[5,5],"current_hp_per_floor":[74,74,74,74,74,75,75,75,75,75,75,67,69,69,69,42,67,70,70,67,55,55,55,25,50,50,67,60,60,60,57,57,0],"gold":431,"neow_bonus":"THREE_ENEMY_KILL","is_prod":false,"is_daily":false,"chose_seed":false,"campfire_upgraded":6,"win_rate":0,"timestamp":1554447291,"path_taken":["M","?","?","?","$","E","R","E","T","M","R","E","M","?","R","BOSS","M","?","?","M","?","R","E","R","T","?","M","?","R","?","R","BOSS"],"build_version":"2019-01-23","purchased_purges":1,"victory":false,"max_hp_per_floor":[75,75,75,75,75,75,75,75,75,75,75,75,75,75,75,75,75,79,79,82,85,85,85,85,85,85,85,85,85,85,88,88,88],"card_choices":[{"not_picked":["Body Slam","Perfected Strike"],"picked":"Disarm","floor":1},{"not_picked":["Wild Strike","Clash"],"picked":"True Grit","floor":6},{"not_picked":["True Grit","Hemokinesis"],"picked":"Flame Barrier","floor":8},{"not_picked":["Havoc","Flex"],"picked":"Combust","floor":10},{"not_picked":["Iron Wave","Uppercut"],"picked":"Spot Weakness","floor":12},{"not_picked":["Cleave","Thunderclap","Flex"],"picked":"SKIP","floor":13},{"not_picked":["Demon Form","Brutality"],"picked":"Feed","floor":16},{"not_picked":["Shrug It Off","Inflame"],"picked":"True Grit+1","floor":18},{"not_picked":["Armaments","Havoc","Flex"],"picked":"SKIP","floor":20},{"not_picked":["Iron Wave","Body Slam"],"picked":"Uppercut","floor":21},{"not_picked":["Wild Strike","Dual Wield"],"picked":"Sentinel","floor":24},{"not_picked":["Entrench","Armaments+1","Anger"],"picked":"SKIP","floor":28},{"not_picked":["Blood for Blood","Headbutt"],"picked":"Wild Strike+1","floor":31}],"player_experience":1608721,"relics_obtained":[{"floor":6,"key":"Self Forming Clay"},{"floor":8,"key":"Oddly Smooth Stone"},{"floor":12,"key":"Sundial"},{"floor":19,"key":"Mummified Hand"},{"floor":24,"key":"Kunai"},{"floor":26,"key":"Matryoshka"}],"event_choices":[{"cards_removed":["Strike_R"],"damage_healed":0,"gold_gain":0,"player_choice":"Card Removal","damage_taken":0,"max_hp_gain":0,"max_hp_loss":0,"event_name":"The Cleric","floor":2,"gold_loss":75},{"damage_healed":0,"gold_gain":0,"player_choice":"Grow","damage_taken":0,"max_hp_gain":0,"max_hp_loss":0,"event_name":"Living Wall","floor":3,"gold_loss":0,"cards_upgraded":["Disarm"]},{"damage_healed":0,"gold_gain":150,"player_choice":"AGREE","damage_taken":0,"max_hp_gain":0,"max_hp_loss":0,"event_name":"Liars Game","floor":4,"gold_loss":0,"cards_obtained":["Doubt"]},{"damage_healed":0,"gold_gain":0,"player_choice":"Rummage","damage_taken":0,"relics_obtained":["WarpedTongs"],"max_hp_gain":0,"max_hp_loss":0,"event_name":"Accursed Blacksmith","floor":14,"gold_loss":0,"cards_obtained":["Pain"]},{"damage_healed":0,"gold_gain":50,"player_choice":"Stole From Cult","damage_taken":0,"max_hp_gain":0,"max_hp_loss":0,"event_name":"Nest","floor":22,"gold_loss":0},{"damage_healed":17,"gold_gain":0,"player_choice":"Heal","damage_taken":0,"max_hp_gain":0,"max_hp_loss":0,"event_name":"The Library","floor":27,"gold_loss":0},{"damage_healed":0,"gold_gain":50,"player_choice":"Pray","damage_taken":0,"max_hp_gain":0,"max_hp_loss":0,"event_name":"Golden Shrine","floor":29,"gold_loss":0}],"is_beta":false,"boss_relics":[{"not_picked":["Orrery","Eternal Feather"],"picked":"Sozu"}],"items_purged_floors":[5],"is_endless":false,"potions_floor_spawned":[1,8,13,20,31],"killed_by":"Collector","ascension_level":20}