{"gold_per_floor":[112,125,50,50,61,61,75,93,147,147,166,194,208,233,233,233],"floor_reached":16,"playtime":706,"items_purged":[],"score":228,"play_id":"d0bd3487-f124-42a5-93ed-78b1f51140cf","local_time":"20190406225403","is_ascension_mode":true,"campfire_choices":[{"data":"Bash","floor":6,"key":"SMITH"},{"data":"Uppercut","floor":15,"key":"SMITH"}],"neow_cost":"NONE","seed_source_timestamp":127893699669542,"circlet_count":0,"master_deck":["AscendersBane","Strike_R","Strike_R","Strike_R","Strike_R","Defend_R","Defend_R","Defend_R","Defend_R","Bash+1","Sword Boomerang","Uppercut+1","Intimidate","Flame Barrier","Iron Wave","True Grit","True Grit","Shrug It Off"],"relics":["Burning Blood","NeowsBlessing","Lantern","Pantograph","Boot"],"potions_floor_usage":[14],"damage_taken":[{"damage":0,"enemies":"Cultist","floor":1,"turns":1},{"damage":0,"enemies":"2 Louse","floor":2,"turns":1},{"damage":0,"enemies":"Jaw Worm","floor":5,"turns":1},{"damage":9,"enemies":"Looter","floor":7,"turns":3},{"damage":3,"enemies":"3 Louse","floor":8,"turns":5},{"damage":24,"enemies":"Large Slime","floor":11,"turns":7},{"damage":32,"enemies":"3 Sentries","floor":12,"turns":10},{"damage":4,"enemies":"Blue Slaver","floor":13,"turns":4},{"damage":20,"enemies":"Lagavulin","floor":14,"turns":6},{"damage":50,"enemies":"Slime Boss","floor":16,"turns":8}],"seed_played":"-5080211440518954849","potions_obtained":[{"floor":5,"key":"Ancient Potion"},{"floor":8,"key":"PowerPotion"}],"is_trial":false,"path_per_floor":["M","M","?","$","M","R","M","M","T","?","M","E","M","E","R","B"],"character_chosen":"IRONCLAD","items_purchased":[],"campfire_rested":0,"item_purchase_floors":[],"current_hp_per_floor":[74,75,75,75,75,75,72,75,75,80,62,36,38,24,24,0],"gold":233,"neow_bonus":"THREE_ENEMY_KILL","is_prod":false,"is_daily":false,"chose_seed":false,"campfire_upgraded":2,"win_rate":0,"timestamp":1554616443,"path_taken":["M","?","?","$","M","R","M","M","T","?","M","E","?","E","R","BOSS"],"build_version":"2019-04-04","purchased_purges":0,"victory":false,"max_hp_per_floor":[75,75,75,75,75,75,75,75,75,80,80,80,80,80,80,80],"card_choices":[{"not_picked":["Flex","Combust"],"picked":"Sword Boomerang","floor":1},{"not_picked":["Rupture","Dual Wield"],"picked":"Uppercut","floor":2},{"not_picked":["Warcry","Heavy Blade"],"picked":"Intimidate","floor":5},{"not_picked":["Rupture","Evolve"],"picked":"Flame Barrier","floor":7},{"not_picked":["Clash","Sword Boomerang"],"picked":"Iron Wave","floor":8},{"not_picked":["Clothesline","Heavy Blade"],"picked":"True Grit","floor":11},{"not_picked":["Perfected Strike","Berserk","Heavy Blade"],"picked":"SKIP","floor":12},{"not_picked":["Iron Wave","Combust"],"picked":"True Grit","floor":13},{"not_picked":["Carnage","Iron Wave"],"picked":"Shrug It Off","floor":14}],"player_experience":1177892,"relics_obtained":[{"floor":9,"key":"Lantern"},{"floor":12,"key":"Pantograph"},{"floor":14,"key":"Boot"}],"event_choices":[{"cards_removed":["Strike_R"],"damage_healed":0,"gold_gain":0,"player_choice":"Card Removal","damage_taken":0,"max_hp_gain":0,"max_hp_loss":0,"event_name":"The Cleric","floor":3,"gold_loss":75},{"damage_healed":0,"gold_gain":0,"player_choice":"Donut","damage_taken":0,"max_hp_gain":5,"max_hp_loss":0,"event_name":"Big Fish","floor":10,"gold_loss":0}],"is_beta":true,"boss_relics":[],"items_purged_floors":[],"is_endless":false,"potions_floor_spawned":[5,8,11,12,13],"killed_by":"Slime Boss","ascension_level":20}