{"path_per_floor":["M","?","?","?","M","M","R","E","T","E","M","$","E","?","R","B",null,"M","?","?","$","M","E","R","E","T","?","T","?","M","M","R"],"character_chosen":"IRONCLAD","items_purchased":["Kunai","Sadistic Nature","Spot Weakness","Energy Potion"],"gold_per_floor":[110,110,110,110,131,154,154,190,213,254,273,27,68,98,98,219,219,244,244,494,93,113,154,154,189,235,235,261,261,280,301,301],"floor_reached":33,"campfire_rested":1,"playtime":2226,"current_hp_per_floor":[80,80,80,80,72,68,68,60,60,41,37,37,24,24,24,11,80,80,56,56,56,49,24,55,10,10,10,10,28,39,33,33],"items_purged":["Regret"],"gold":301,"score":372,"play_id":"51acb988-9cd9-4538-8ee6-334300ed7773","is_prod":false,"is_daily":false,"is_ascension_mode":true,"campfire_upgraded":3,"path_taken":["M","?","?","?","M","M","R","E","T","E","?","?","E","?","R","BOSS","M","?","?","$","M","E","R","E","T","?","?","?","M","M","R","BOSS"],"build_version":"2018-02-08-PROD1","purchased_purges":2,"victory":false,"master_deck":["Defend_R","Defend_R","Defend_R+1","Defend_R","Bash","Uppercut+1","Offering","Flex+1","Rupture+1","Inflame","Demon Form+1","Reaper","Thunderclap","Bite","Bite","Bite","Bite","Bite","Sadistic Nature","Spot Weakness+1","Shrug It Off+1","Feed","Heavy Blade+1","Clash+1","Battle Trance"],"max_hp_per_floor":[80,80,80,80,80,80,80,80,80,80,80,80,80,80,80,80,80,80,56,56,56,56,56,56,56,56,56,56,56,56,59,59],"relics":["White Beast Statue","Golden Idol","Bronze Scales","Art of War","Mercury Hourglass","Kunai","Bottled Lightning","Black Star","Juzu Bracelet","Regal Pillow","Blood Vial","Ancient Tea Set","Omamori","War Paint","Prayer Wheel"],"card_choices":[{"not_picked":["Entrench","Havoc"],"picked":"Uppercut"},{"not_picked":["Cleave","Dual Wield"],"picked":"Offering"},{"not_picked":["Warcry","Pommel Strike"],"picked":"Flex"},{"not_picked":["Disarm","Juggernaut"],"picked":"Rupture"},{"not_picked":["Flex","Rupture"],"picked":"Inflame"},{"not_picked":["Iron Wave","Sever Soul"],"picked":"Demon Form"},{"not_picked":["Double Tap","Juggernaut"],"picked":"Reaper"},{"not_picked":["Iron Wave","Carnage"],"picked":"Thunderclap"},{"not_picked":["True Grit","Armaments"],"picked":"Shrug It Off"},{"not_picked":["Iron Wave","Sword Boomerang"],"picked":"Feed"},{"not_picked":["Flex","Wild Strike"],"picked":"Heavy Blade"},{"not_picked":["Heavy Blade","Wild Strike"],"picked":"Clash"},{"not_picked":["Twin Strike","Shrug It Off"],"picked":"Battle Trance"}],"player_experience":214144,"potions_floor_usage":[8,8,8,11,13,13,16,18,22,23,23,25,31,33,33],"damage_taken":[{"damage":0,"enemies":"Small Slimes","floor":1,"turns":4},{"damage":8,"enemies":"Blue Slaver","floor":5,"turns":4},{"damage":4,"enemies":"Jaw Worm","floor":6,"turns":2},{"damage":8,"enemies":"3 Sentries","floor":8,"turns":4},{"damage":19,"enemies":"Lagavulin","floor":10,"turns":4},{"damage":4,"enemies":"Red Slaver","floor":11,"turns":2},{"damage":13,"enemies":"3 Sentries","floor":13,"turns":4},{"damage":13,"enemies":"Slime Boss","floor":16,"turns":6},{"damage":4,"enemies":"Chosen","floor":18,"turns":4},{"damage":7,"enemies":"3 Byrds","floor":22,"turns":2},{"damage":42,"enemies":"Slavers","floor":23,"turns":5},{"damage":53,"enemies":"Book of Stabbing","floor":25,"turns":6},{"damage":13,"enemies":"Snecko","floor":30,"turns":3},{"damage":15,"enemies":"Centurion and Healer","floor":31,"turns":4},{"damage":73,"enemies":"Automaton","floor":33,"turns":6}],"event_choices":[{"event_name":"Golden Idol","player_choice":"Take Wound","floor":2,"damage_taken":0},{"event_name":"Upgrade Shrine","player_choice":"Upgraded","floor":3,"damage_taken":0},{"event_name":"Living Wall","player_choice":"Forget","floor":4,"damage_taken":0},{"event_name":"Dead Adventurer","player_choice":"Searched \u00271\u0027 times","floor":14,"damage_taken":0},{"event_name":"Vampires","player_choice":"Became a vampire","floor":19,"damage_taken":0},{"event_name":"Golden Shrine","player_choice":"Desecrate","floor":20,"damage_taken":0},{"event_name":"The Mausoleum","player_choice":"Yes","floor":27,"damage_taken":0},{"event_name":"The Library","player_choice":"Heal","floor":29,"damage_taken":0}],"boss_relics":[{"not_picked":["Runic Cube","Snecko Eye"],"picked":"Black Star"}],"potions_floor_spawned":[1,5,6,8,10,11,13,16,18,22,23,25,30,31],"seed_played":"-3294421269802580622","killed_by":"Automaton","ascension_level":3,"is_trial":false}