{"gold_per_floor":[112,112,130,144,1,32,32,49,49,60,60,73,73,88,88,189,189,207,207,226,238,338,338,263,263,290,301,301],"floor_reached":28,"playtime":1407,"items_purged":[],"score":222,"play_id":"b06be6aa-022d-4ee1-aa8d-4733850f0768","local_time":"20190426152854","is_ascension_mode":false,"campfire_choices":[{"floor":7,"key":"REST"},{"data":"Amplify","floor":11,"key":"SMITH"},{"floor":15,"key":"REST"},{"floor":23,"key":"REST"},{"data":"1","floor":25,"key":"LIFT"}],"neow_cost":"TEN_PERCENT_HP_LOSS","seed_source_timestamp":16807856170192,"circlet_count":0,"master_deck":["Strike_B","Strike_B","Strike_B+1","Defend_B","Defend_B","Defend_B","Zap","Dualcast+1","Cold Snap","Ball Lightning","Redo","Ball Lightning","Bandage Up","BootSequence","Amplify+1","Storm","Fission+1","Redo+1","Lockon","Redo+1","Cold Snap+1","Chaos+1","Cold Snap"],"relics":["Cracked Core","Emotion Chip","Strawberry","DataDisk","Toxic Egg 2","Inserter","Girya","Blue Candle"],"potions_floor_usage":[16,16,20,27],"damage_taken":[{"damage":6,"enemies":"Jaw Worm","floor":1,"turns":3},{"damage":0,"enemies":"Small Slimes","floor":3,"turns":2},{"damage":0,"enemies":"Cultist","floor":4,"turns":3},{"damage":18,"enemies":"3 Sentries","floor":6,"turns":5},{"damage":11,"enemies":"2 Fungi Beasts","floor":8,"turns":3},{"damage":0,"enemies":"Large Slime","floor":10,"turns":3},{"damage":0,"enemies":"Looter","floor":12,"turns":1},{"damage":3,"enemies":"Exordium Wildlife","floor":14,"turns":2},{"damage":7,"enemies":"Slime Boss","floor":16,"turns":7},{"damage":0,"enemies":"Chosen","floor":18,"turns":3},{"damage":15,"enemies":"3 Byrds","floor":20,"turns":4},{"damage":16,"enemies":"Shelled Parasite and Fungi","floor":21,"turns":3},{"damage":12,"enemies":"Colosseum Slavers","floor":22,"turns":3},{"damage":18,"enemies":"Colosseum Nobs","floor":22,"turns":5},{"damage":6,"enemies":"Snake Plant","floor":27,"turns":2},{"damage":54,"enemies":"Gremlin Leader","floor":28,"turns":7}],"seed_played":"3934900075629964615","potions_obtained":[{"floor":4,"key":"Energy Potion"},{"floor":6,"key":"FearPotion"},{"floor":12,"key":"Weak Potion"},{"floor":22,"key":"Poison Potion"}],"is_trial":false,"path_per_floor":["M","?","M","M","$","E","R","M","T","M","R","M","?","M","R","B",null,"M","?","M","M","?","R","?","R","T","M","E"],"character_chosen":"DEFECT","items_purchased":["Ball Lightning","Bandage Up"],"campfire_rested":3,"item_purchase_floors":[5,5],"current_hp_per_floor":[62,48,48,48,48,41,63,56,56,60,60,60,48,49,71,68,75,75,75,64,52,26,48,48,48,48,46,0],"gold":301,"neow_bonus":"ONE_RARE_RELIC","is_prod":false,"is_daily":false,"chose_seed":false,"campfire_upgraded":1,"win_rate":0,"timestamp":1556306934,"path_taken":["M","?","M","M","$","E","R","M","T","M","R","M","?","M","R","BOSS","M","?","?","M","?","R","?","R","T","M","E"],"build_version":"2019-01-23","purchased_purges":0,"victory":false,"max_hp_per_floor":[68,68,68,68,68,75,75,75,75,75,75,75,75,75,75,75,75,75,75,75,75,75,75,75,75,75,75,75],"card_choices":[{"not_picked":["Genetic Algorithm","Coolheaded"],"picked":"Cold Snap","floor":1},{"not_picked":["Gash","Rip and Tear"],"picked":"Ball Lightning","floor":3},{"not_picked":["Chaos","Chill"],"picked":"Redo","floor":4},{"not_picked":["Leap","Turbo"],"picked":"BootSequence","floor":6},{"not_picked":["Stack","Storm"],"picked":"Amplify","floor":8},{"not_picked":["Hologram","Undo","Coolheaded"],"picked":"SKIP","floor":10},{"not_picked":["Fusion","Steam"],"picked":"Storm","floor":12},{"not_picked":["Skim+1","Sweeping Beam","Machine Learning"],"picked":"SKIP","floor":14},{"not_picked":["Core Surge","Creative AI"],"picked":"Fission+1","floor":16},{"not_picked":["Tempest+1","Barrage"],"picked":"Redo+1","floor":18},{"not_picked":["Fusion+1","Gash"],"picked":"Redo+1","floor":20},{"not_picked":["Aggregate+1","Auto Shields+1"],"picked":"Cold Snap+1","floor":21},{"not_picked":["Steam+1","Stack+1"],"picked":"Chaos+1","floor":22},{"not_picked":["Steam+1","Beam Cell+1"],"picked":"Cold Snap","floor":27}],"player_experience":910590,"relics_obtained":[{"floor":6,"key":"Strawberry"},{"floor":9,"key":"DataDisk"},{"floor":22,"key":"Girya"},{"floor":22,"key":"Blue Candle"}],"event_choices":[{"damage_healed":0,"gold_gain":0,"player_choice":"Entered Light","damage_taken":14,"max_hp_gain":0,"max_hp_loss":0,"event_name":"Shining Light","floor":2,"gold_loss":0,"cards_upgraded":["Dualcast","Strike_B"]},{"damage_healed":0,"gold_gain":0,"player_choice":"Success","damage_taken":12,"relics_obtained":["Toxic Egg 2"],"max_hp_gain":0,"max_hp_loss":0,"event_name":"Scrap Ooze","floor":13,"gold_loss":0},{"damage_healed":0,"gold_gain":0,"cards_transformed":["Defend_B"],"player_choice":"Transformed","damage_taken":0,"max_hp_gain":0,"max_hp_loss":0,"event_name":"Transmorgrifier","floor":19,"gold_loss":0,"cards_obtained":["Lockon"]},{"damage_healed":0,"gold_gain":0,"player_choice":"Fight","damage_taken":0,"max_hp_gain":0,"max_hp_loss":0,"event_name":"Colosseum","floor":22,"gold_loss":0},{"damage_healed":0,"gold_gain":0,"player_choice":"Fought Nobs","damage_taken":0,"max_hp_gain":0,"max_hp_loss":0,"event_name":"Colosseum","floor":22,"gold_loss":0},{"cards_removed":["Strike_B"],"damage_healed":0,"gold_gain":0,"player_choice":"Gave Gold","damage_taken":0,"max_hp_gain":0,"max_hp_loss":0,"event_name":"Beggar","floor":24,"gold_loss":75}],"is_beta":false,"boss_relics":[{"not_picked":["Runic Pyramid","FrozenCore"],"picked":"Inserter"}],"items_purged_floors":[],"is_endless":false,"potions_floor_spawned":[4,6,12,22],"killed_by":"Gremlin Leader","ascension_level":0}