{"gold_per_floor":[114,18,18,168,182,215,240,260,284,298,298,56,80,80],"floor_reached":14,"playtime":340,"items_purged":["Doubt"],"score":228,"play_id":"910195f7-8fb1-4272-bf93-4e5c0d855e5d","local_time":"20190327012956","is_ascension_mode":true,"campfire_choices":[{"data":"Double Energy","floor":11,"key":"SMITH"}],"neow_cost":"NONE","seed_source_timestamp":864032043666686,"circlet_count":0,"master_deck":["AscendersBane","Strike_B","Strike_B","Strike_B","Strike_B","Defend_B","Defend_B","Defend_B","Defend_B","Zap","Dualcast","Static Discharge","Loop","Ball Lightning","Melter","Double Energy+1","Rainbow","Compile Driver","Rip and Tear","Cold Snap"],"relics":["Cracked Core","NeowsBlessing","Golden Idol","DataDisk","Happy Flower","Bronze Scales"],"potions_floor_usage":[10,14,14],"damage_taken":[{"damage":0,"enemies":"2 Louse","floor":1,"turns":1},{"damage":0,"enemies":"Jaw Worm","floor":5,"turns":1},{"damage":0,"enemies":"3 Sentries","floor":6,"turns":1},{"damage":0,"enemies":"Small Slimes","floor":7,"turns":2},{"damage":6,"enemies":"2 Fungi Beasts","floor":8,"turns":3},{"damage":11,"enemies":"Blue Slaver","floor":10,"turns":3},{"damage":11,"enemies":"Looter","floor":13,"turns":2},{"damage":19,"enemies":"Lagavulin","floor":14,"turns":3}],"seed_played":"2100159293519067417","potions_obtained":[{"floor":1,"key":"Swift Potion"},{"floor":7,"key":"SneckoOil"},{"floor":8,"key":"Energy Potion"},{"floor":10,"key":"Poison Potion"}],"is_trial":false,"path_per_floor":["M","$","?","?","M","E","M","M","T","M","R","$","M","E"],"character_chosen":"DEFECT","items_purchased":["Loop","Ball Lightning","Bronze Scales"],"campfire_rested":0,"item_purchase_floors":[2,2,12],"current_hp_per_floor":[64,64,40,40,40,40,40,34,34,23,23,23,12,0],"gold":80,"neow_bonus":"THREE_ENEMY_KILL","is_prod":false,"is_daily":false,"chose_seed":false,"campfire_upgraded":1,"win_rate":0,"timestamp":1553664596,"path_taken":["M","$","?","?","M","E","M","?","T","M","R","$","M","E"],"build_version":"2019-01-23","purchased_purges":1,"victory":false,"max_hp_per_floor":[71,71,71,71,71,71,71,71,71,71,71,71,71,71],"card_choices":[{"not_picked":["Barrage","Hologram"],"picked":"Static Discharge","floor":1},{"not_picked":["Barrage","Skim"],"picked":"Melter","floor":5},{"not_picked":["Hello World","Recycle"],"picked":"Double Energy","floor":6},{"not_picked":["Hologram","Conserve Battery"],"picked":"Rainbow","floor":7},{"not_picked":["Leap","Turbo"],"picked":"Compile Driver","floor":8},{"not_picked":["Heatsinks","Melter"],"picked":"Rip and Tear","floor":10},{"not_picked":["Ball Lightning","Coolheaded"],"picked":"Cold Snap","floor":13}],"player_experience":1446820,"relics_obtained":[{"floor":6,"key":"DataDisk"},{"floor":9,"key":"Happy Flower"}],"event_choices":[{"damage_healed":0,"gold_gain":0,"player_choice":"Take Damage","damage_taken":24,"relics_obtained":["Golden Idol"],"max_hp_gain":0,"max_hp_loss":0,"event_name":"Golden Idol","floor":3,"gold_loss":0},{"damage_healed":0,"gold_gain":150,"player_choice":"AGREE","damage_taken":0,"max_hp_gain":0,"max_hp_loss":0,"event_name":"Liars Game","floor":4,"gold_loss":0,"cards_obtained":["Doubt"]}],"is_beta":false,"boss_relics":[],"items_purged_floors":[12],"is_endless":false,"potions_floor_spawned":[1,7,8,10],"killed_by":"Lagavulin","ascension_level":19}