{"gold_per_floor":[117,192,89,89,108,108,124,134,134,149,149,164,164,164,164,288,288,302,6,6,41,55,55,74,95,95,95,114,213,213],"floor_reached":30,"playtime":951,"items_purged":[],"score":222,"play_id":"da23459c-feb5-4308-a165-a9349405c06a","local_time":"20190311030714","is_ascension_mode":false,"campfire_choices":[{"data":"Bouncing Flask","floor":6,"key":"SMITH"},{"data":"Noxious Fumes","floor":13,"key":"SMITH"},{"data":"Neutralize","floor":15,"key":"SMITH"},{"data":"Crippling Poison","floor":23,"key":"SMITH"},{"floor":27,"key":"REST"}],"neow_cost":"NONE","seed_source_timestamp":662270955260513,"circlet_count":0,"master_deck":["Defend_G","Defend_G","Defend_G","Defend_G","Defend_G","Strike_G","Survivor","Neutralize+1","Dash","Bouncing Flask+1","Sucker Punch","Blade Dance","Blade Dance","Dagger Spray+1","Poisoned Stab","Noxious Fumes+1","Corpse Explosion","A Thousand Cuts+1","Dodge and Roll+1","Dash+1","Crippling Poison+1","Dagger Spray","Acrobatics+1","Cloak And Dagger","Footwork","Endless Agony"],"relics":["Ring of the Snake","NeowsBlessing","Kunai","Golden Idol","Astrolabe","WingedGreaves","Red Mask","Unceasing Top"],"potions_floor_usage":[16,21,21,24,25,25],"damage_taken":[{"damage":0,"enemies":"2 Louse","floor":1,"turns":1},{"damage":0,"enemies":"Jaw Worm","floor":5,"turns":1},{"damage":0,"enemies":"Cultist","floor":7,"turns":1},{"damage":14,"enemies":"Large Slime","floor":8,"turns":5},{"damage":8,"enemies":"Lots of Slimes","floor":10,"turns":2},{"damage":1,"enemies":"Looter","floor":12,"turns":3},{"damage":6,"enemies":"Hexaghost","floor":16,"turns":7},{"damage":14,"enemies":"Spheric Guardian","floor":18,"turns":4},{"damage":39,"enemies":"Masked Bandits","floor":21,"turns":4},{"damage":0,"enemies":"Chosen","floor":22,"turns":4},{"damage":15,"enemies":"Snake Plant","floor":24,"turns":5},{"damage":3,"enemies":"3 Cultists","floor":25,"turns":4},{"damage":31,"enemies":"Cultist and Chosen","floor":28,"turns":5},{"damage":10,"enemies":"Colosseum Slavers","floor":30,"turns":2}],"seed_played":"-8883699030644255806","potions_obtained":[{"floor":5,"key":"Poison Potion"},{"floor":8,"key":"Swift Potion"},{"floor":12,"key":"Fire Potion"},{"floor":16,"key":"Regen Potion"},{"floor":21,"key":"Explosive Potion"},{"floor":22,"key":"Explosive Potion"}],"is_trial":false,"path_per_floor":["M","?","$","?","M","R","M","M","T","M","?","M","R","?","R","B",null,"M","$","?","?","M","R","M","M","T","R","M","?","?"],"character_chosen":"THE_SILENT","items_purchased":["Bouncing Flask","Sucker Punch","WingedGreaves"],"campfire_rested":1,"item_purchase_floors":[3,3,19],"current_hp_per_floor":[70,59,59,59,59,59,59,45,45,37,20,19,19,19,19,13,70,56,56,56,17,17,17,17,14,14,35,4,4,0],"gold":213,"neow_bonus":"THREE_ENEMY_KILL","is_prod":false,"is_daily":false,"chose_seed":false,"campfire_upgraded":4,"win_rate":0,"timestamp":1552288034,"path_taken":["M","?","$","?","M","R","?","M","T","M","?","M","R","?","R","BOSS","M","?","?","?","?","R","?","?","T","R","M","?","?"],"build_version":"2019-01-23","purchased_purges":0,"victory":false,"max_hp_per_floor":[70,70,70,70,70,70,70,70,70,70,70,70,70,70,70,70,70,70,70,70,70,70,70,70,70,70,70,70,70,70],"card_choices":[{"not_picked":["Sucker Punch","Eviscerate"],"picked":"Dash","floor":1},{"not_picked":["Sucker Punch","Prepared"],"picked":"Blade Dance","floor":5},{"not_picked":["Poisoned Stab","Calculated Gamble"],"picked":"Blade Dance","floor":7},{"not_picked":["Sucker Punch","Escape Plan"],"picked":"Dagger Spray","floor":8},{"not_picked":["PiercingWail","Distraction"],"picked":"Poisoned Stab","floor":10},{"not_picked":["Acrobatics","Prepared"],"picked":"Noxious Fumes","floor":12},{"not_picked":["Grand Finale","Bullet Time"],"picked":"Corpse Explosion","floor":16},{"not_picked":["Poisoned Stab","Endless Agony"],"picked":"Crippling Poison","floor":18},{"not_picked":["Prepared","Slice"],"picked":"Dagger Spray","floor":21},{"not_picked":["Prepared","Endless Agony"],"picked":"Acrobatics+1","floor":22},{"not_picked":["Dagger Throw","Dodge and Roll"],"picked":"Cloak And Dagger","floor":24},{"not_picked":["Die Die Die","Concentrate"],"picked":"Footwork","floor":25},{"not_picked":["Quick Slash","Dagger Throw"],"picked":"Endless Agony","floor":28}],"player_experience":1019469,"relics_obtained":[{"floor":9,"key":"Kunai"},{"floor":21,"key":"Red Mask"},{"floor":26,"key":"Unceasing Top"}],"event_choices":[{"damage_healed":0,"gold_gain":75,"player_choice":"Gather Gold","damage_taken":11,"max_hp_gain":0,"max_hp_loss":0,"event_name":"World of Goop","floor":2,"gold_loss":0},{"cards_removed":["Strike_G"],"damage_healed":0,"gold_gain":0,"player_choice":"Offered Basic","damage_taken":0,"max_hp_gain":0,"max_hp_loss":0,"event_name":"Bonfire Elementals","floor":4,"gold_loss":0},{"damage_healed":0,"gold_gain":0,"player_choice":"Take Damage","damage_taken":17,"relics_obtained":["Golden Idol"],"max_hp_gain":0,"max_hp_loss":0,"event_name":"Golden Idol","floor":11,"gold_loss":0},{"damage_healed":0,"gold_gain":0,"player_choice":"Forge","damage_taken":0,"max_hp_gain":0,"max_hp_loss":0,"event_name":"Accursed Blacksmith","floor":14,"gold_loss":0,"cards_upgraded":["Dagger Spray"]},{"damage_healed":0,"gold_gain":0,"player_choice":"Ignored","damage_taken":0,"max_hp_gain":0,"max_hp_loss":0,"event_name":"Ghosts","floor":20,"gold_loss":0},{"damage_healed":0,"gold_gain":0,"player_choice":"Fought Bandits","damage_taken":0,"max_hp_gain":0,"max_hp_loss":0,"event_name":"Masked Bandits","floor":21,"gold_loss":0},{"damage_healed":0,"gold_gain":99,"player_choice":"Stole From Cult","damage_taken":0,"max_hp_gain":0,"max_hp_loss":0,"event_name":"Nest","floor":29,"gold_loss":0},{"damage_healed":0,"gold_gain":0,"player_choice":"Fight","damage_taken":0,"max_hp_gain":0,"max_hp_loss":0,"event_name":"Colosseum","floor":30,"gold_loss":0}],"is_beta":false,"boss_relics":[{"not_picked":["Orrery","Snecko Eye"],"picked":"Astrolabe"}],"items_purged_floors":[],"is_endless":false,"potions_floor_spawned":[5,8,12,16,21,22],"killed_by":"Colosseum Slavers","ascension_level":0}