{"gold_per_floor":[113,113,113,133,147,185,185,218,245,245,2,20,40,40],"floor_reached":14,"playtime":495,"items_purged":[],"score":200,"play_id":"5a78e345-308a-48da-b3bf-5de937e74f2d","local_time":"20190507073857","is_ascension_mode":true,"campfire_choices":[{"data":"Go for the Eyes","floor":7.0,"key":"SMITH"},{"floor":10.0,"key":"REST"}],"neow_cost":"TEN_PERCENT_HP_LOSS","seed_source_timestamp":1258877469678094,"circlet_count":0,"master_deck":["AscendersBane","Strike_B","Strike_B","Strike_B","Strike_B","Defend_B","Defend_B","Defend_B","Defend_B","Zap","Dualcast","Loop+1","Ball Lightning","Sweeping Beam","Go for the Eyes+1","Defragment","Reinforced Body"],"special_seed":0,"relics":["Cracked Core","Ginger","Golden Idol","PreservedInsect","Blood Vial","Membership Card"],"potions_floor_usage":[],"damage_taken":[{"damage":1.0,"enemies":"Cultist","floor":1.0,"turns":4.0},{"damage":0.0,"enemies":"2 Louse","floor":4.0,"turns":3.0},{"damage":0.0,"enemies":"Small Slimes","floor":5.0,"turns":2.0},{"damage":37.0,"enemies":"Lagavulin","floor":6.0,"turns":8.0},{"damage":20.0,"enemies":"3 Sentries","floor":8.0,"turns":4.0},{"damage":8.0,"enemies":"Blue Slaver","floor":12.0,"turns":2.0},{"damage":11.0,"enemies":"2 Fungi Beasts","floor":13.0,"turns":3.0},{"damage":6,"enemies":"Gremlin Nob","floor":14,"turns":2}],"seed_played":"-9080593828599263468","potions_obtained":[{"floor":1.0,"key":"SteroidPotion"},{"floor":4.0,"key":"Weak Potion"},{"floor":12.0,"key":"Ancient Potion"}],"is_trial":false,"path_per_floor":["M","?","?","M","M","E","R","E","T","R","$","M","M","E"],"character_chosen":"DEFECT","items_purchased":["Membership Card","Fire Potion"],"campfire_rested":1,"item_purchase_floors":[11,11],"current_hp_per_floor":[63,58,58,58,58,21,21,1,1,18,18,12,3,0],"gold":40,"neow_bonus":"ONE_RARE_RELIC","is_prod":false,"is_daily":false,"chose_seed":false,"campfire_upgraded":1,"win_rate":0,"timestamp":1557229137,"path_taken":["M","?","?","M","M","E","R","E","T","R","$","M","M","E"],"build_version":"2019-01-23","purchased_purges":0,"victory":false,"max_hp_per_floor":[64,58,58,58,58,58,58,58,58,58,58,58,58,58],"card_choices":[{"not_picked":["Scrape","Double Energy"],"picked":"Loop","floor":1.0},{"not_picked":["Rebound","Conserve Battery"],"picked":"Ball Lightning","floor":4.0},{"not_picked":["Heatsinks","BootSequence"],"picked":"Sweeping Beam","floor":5.0},{"not_picked":["Amplify","Auto Shields"],"picked":"Go for the Eyes","floor":6.0},{"not_picked":["Tempest","Loop"],"picked":"Defragment","floor":8.0},{"not_picked":["Gash","Heatsinks","Turbo"],"picked":"SKIP","floor":12.0},{"not_picked":["Streamline","Beam Cell"],"picked":"Reinforced Body","floor":13.0}],"player_experience":2433469,"relics_obtained":[{"floor":6.0,"key":"PreservedInsect"},{"floor":8.0,"key":"Blood Vial"}],"event_choices":[{"damage_healed":0.0,"max_hp_gain":0.0,"max_hp_loss":6.0,"gold_gain":0.0,"event_name":"Golden Idol","player_choice":"Lose Max HP","floor":2.0,"gold_loss":0.0,"damage_taken":0.0,"relics_obtained":["Golden Idol"]},{"damage_healed":0.0,"max_hp_gain":0.0,"max_hp_loss":0.0,"gold_gain":0.0,"event_name":"Living Wall","player_choice":"Grow","floor":3.0,"gold_loss":0.0,"damage_taken":0.0,"cards_upgraded":["Loop"]}],"is_beta":false,"boss_relics":[],"items_purged_floors":[],"is_endless":false,"potions_floor_spawned":[1,4,12],"killed_by":"Gremlin Nob","ascension_level":20}