{"gold_per_floor":[119,134,145,145,158,158,178,178,253,253,287,287,327,50,50,178,178,192,211,234,248,373,412,412,437,464,495,495,495,531,555,555,684,684,703,44,169,225,29,29,329,349,349,364,364,383,383],"floor_reached":47,"playtime":2608,"items_purged":[],"score":895,"play_id":"7e78048a-869d-4da3-8dc6-a97add8d7a90","local_time":"20190318005859","is_ascension_mode":true,"campfire_choices":[{"data":"Sweeping Beam","floor":6,"key":"SMITH"},{"data":"Self Repair","floor":8,"key":"SMITH"},{"data":"Chill","floor":12,"key":"SMITH"},{"data":"Biased Cognition","floor":15,"key":"SMITH"},{"floor":24,"key":"REST"},{"floor":32,"key":"REST"},{"floor":40,"key":"REST"},{"floor":45,"key":"DIG"}],"neow_cost":"NONE","seed_source_timestamp":82193792413351,"circlet_count":0,"master_deck":["AscendersBane","Strike_B","Defend_B+1","Defend_B","Defend_B","Defend_B+1","Zap+1","Dualcast+1","Cold Snap","Self Repair+1","Sweeping Beam+1","Cold Snap","Glacier","Chill+1","Biased Cognition+1","Blizzard","Echo Form","Blizzard+1","Streamline+1","Auto Shields","Thunder Strike","Static Discharge+1","Hologram","Ball Lightning","Ball Lightning","Genetic Algorithm+1","Creative AI","Lockon+1","Meteor Strike+1","Reinforced Body+1","Stack+1","Capacitor+1","Glacier","Hologram","Loop+1"],"relics":["Cracked Core","Golden Idol","Mercury Hourglass","StoneCalendar","Orichalcum","Bottled Tornado","Fusion Hammer","Torii","Kunai","Bag of Preparation","War Paint","Darkstone Periapt","Ornamental Fan","Astrolabe","Omamori","Du-Vu Doll","Medical Kit","Ginger","Shovel","OrangePellets","Regal Pillow","Girya"],"potions_floor_usage":[5,11,27,27,33,38],"damage_taken":[{"damage":0,"enemies":"Small Slimes","floor":1,"turns":3},{"damage":4,"enemies":"Jaw Worm","floor":2,"turns":5},{"damage":0,"enemies":"Cultist","floor":3,"turns":3},{"damage":6,"enemies":"Exordium Wildlife","floor":5,"turns":6},{"damage":4,"enemies":"Looter","floor":7,"turns":3},{"damage":13,"enemies":"Gremlin Nob","floor":11,"turns":3},{"damage":3,"enemies":"3 Sentries","floor":13,"turns":5},{"damage":0,"enemies":"Slime Boss","floor":16,"turns":7},{"damage":10,"enemies":"Spheric Guardian","floor":18,"turns":4},{"damage":13,"enemies":"2 Thieves","floor":19,"turns":3},{"damage":6,"enemies":"Snecko","floor":20,"turns":5},{"damage":12,"enemies":"Snake Plant","floor":21,"turns":3},{"damage":0,"enemies":"Colosseum Slavers","floor":22,"turns":4},{"damage":4,"enemies":"Colosseum Nobs","floor":22,"turns":6},{"damage":32,"enemies":"Slavers","floor":23,"turns":7},{"damage":0,"enemies":"Centurion and Healer","floor":25,"turns":6},{"damage":1,"enemies":"Gremlin Leader","floor":27,"turns":7},{"damage":2,"enemies":"Book of Stabbing","floor":30,"turns":7},{"damage":0,"enemies":"3 Cultists","floor":31,"turns":3},{"damage":59,"enemies":"Champ","floor":33,"turns":9},{"damage":1,"enemies":"3 Shapes","floor":35,"turns":5},{"damage":19,"enemies":"Mind Bloom Boss Battle","floor":37,"turns":4},{"damage":35,"enemies":"2 Orb Walkers","floor":38,"turns":5},{"damage":0,"enemies":"3 Darklings","floor":42,"turns":6},{"damage":0,"enemies":"Spire Growth","floor":44,"turns":7},{"damage":56,"enemies":"Writhing Mass","floor":46,"turns":7},{"damage":27,"enemies":"Transient","floor":47,"turns":3}],"seed_played":"-7661209844517701999","potions_obtained":[{"floor":2,"key":"Regen Potion"},{"floor":3,"key":"FearPotion"},{"floor":11,"key":"FairyPotion"},{"floor":19,"key":"FairyPotion"},{"floor":22,"key":"Explosive Potion"},{"floor":23,"key":"Weak Potion"},{"floor":30,"key":"SkillPotion"},{"floor":31,"key":"Explosive Potion"},{"floor":33,"key":"Energy Potion"},{"floor":37,"key":"Ancient Potion"}],"is_trial":false,"path_per_floor":["M","M","M","?","M","R","M","R","T","?","E","R","E","$","R","B",null,"M","M","M","M","?","E","R","M","T","E","?","?","E","M","R","B",null,"M","$","?","?","$","R","?","M","T","M","R","M","M"],"character_chosen":"DEFECT","items_purchased":["Blizzard","Bottled Tornado","Omamori","Du-Vu Doll","Medical Kit","OrangePellets"],"campfire_rested":3,"item_purchase_floors":[14,14,36,36,36,39],"current_hp_per_floor":[68,64,71,53,69,69,72,72,72,72,69,69,75,75,75,75,75,75,72,75,73,75,53,75,75,75,75,75,75,75,75,75,26,63,62,62,53,28,28,50,50,60,60,70,70,24,0],"gold":383,"neow_bonus":"UPGRADE_CARD","is_prod":false,"is_daily":false,"chose_seed":false,"campfire_upgraded":4,"win_rate":0,"timestamp":1552885139,"path_taken":["M","M","M","?","M","R","M","R","T","?","E","R","E","$","R","BOSS","M","M","?","M","?","E","R","M","T","E","?","?","E","?","R","BOSS","M","$","?","?","$","R","?","M","T","M","R","M","?"],"build_version":"2019-01-23","purchased_purges":0,"victory":false,"max_hp_per_floor":[75,75,75,75,75,75,75,75,75,75,75,75,75,75,75,75,75,75,75,75,75,75,75,75,75,75,75,75,75,75,75,75,75,75,75,75,75,75,75,75,75,75,75,75,75,75,75],"card_choices":[{"not_picked":["Gash","Sunder"],"picked":"Cold Snap","floor":1},{"not_picked":["Streamline","Reinforced Body"],"picked":"Self Repair","floor":2},{"not_picked":["Tempest","Gash"],"picked":"Sweeping Beam","floor":3},{"not_picked":["Aggregate","Hologram"],"picked":"Cold Snap","floor":5},{"not_picked":["Doom and Gloom","Leap"],"picked":"Glacier","floor":7},{"not_picked":["Heatsinks","Amplify"],"picked":"Chill","floor":11},{"not_picked":["Lockon","Conserve Battery"],"picked":"Biased Cognition","floor":13},{"not_picked":["Amplify","Multi-Cast"],"picked":"Echo Form","floor":16},{"not_picked":["Beam Cell","Stack"],"picked":"Blizzard+1","floor":18},{"not_picked":["Rebound+1","Sweeping Beam","Redo"],"picked":"SKIP","floor":19},{"not_picked":["Sweeping Beam","Rebound"],"picked":"Streamline+1","floor":20},{"not_picked":["Barrage+1","Gash"],"picked":"Auto Shields","floor":21},{"not_picked":["Auto Shields+1","Stack"],"picked":"Thunder Strike","floor":22},{"not_picked":["Gash","Streamline","FTL"],"picked":"SKIP","floor":23},{"not_picked":["Cold Snap","Go for the Eyes"],"picked":"Static Discharge+1","floor":25},{"not_picked":["Steam+1","Beam Cell"],"picked":"Hologram","floor":27},{"not_picked":["Beam Cell","Reboot"],"picked":"Ball Lightning","floor":30},{"not_picked":["Skim","Sweeping Beam"],"picked":"Genetic Algorithm+1","floor":31},{"not_picked":["All For One","Rainbow"],"picked":"Creative AI","floor":33},{"not_picked":["Stack","Turbo","Cold Snap"],"picked":"SKIP","floor":35},{"not_picked":["Steam+1","Redo+1"],"picked":"Stack+1","floor":37},{"not_picked":["Coolheaded+1","Gash+1"],"picked":"Capacitor+1","floor":38},{"not_picked":["Undo+1","Melter+1"],"picked":"Glacier","floor":42},{"not_picked":["Lockon","Redo+1"],"picked":"Hologram","floor":44},{"not_picked":["Cold Snap+1","Fusion+1"],"picked":"Loop+1","floor":46}],"player_experience":1196713,"relics_obtained":[{"floor":9,"key":"Mercury Hourglass"},{"floor":11,"key":"StoneCalendar"},{"floor":13,"key":"Orichalcum"},{"floor":22,"key":"Torii"},{"floor":22,"key":"Kunai"},{"floor":23,"key":"Bag of Preparation"},{"floor":26,"key":"War Paint"},{"floor":27,"key":"Darkstone Periapt"},{"floor":30,"key":"Ornamental Fan"},{"floor":37,"key":"Ginger"},{"floor":38,"key":"Shovel"},{"floor":43,"key":"Regal Pillow"},{"floor":45,"key":"Girya"}],"event_choices":[{"damage_healed":0,"gold_gain":0,"player_choice":"Take Damage","damage_taken":18,"relics_obtained":["Golden Idol"],"max_hp_gain":0,"max_hp_loss":0,"event_name":"Golden Idol","floor":4,"gold_loss":0},{"damage_healed":0,"gold_gain":0,"player_choice":"Upgraded","damage_taken":0,"max_hp_gain":0,"max_hp_loss":0,"event_name":"Upgrade Shrine","floor":10,"gold_loss":0,"cards_upgraded":["Dualcast"]},{"damage_healed":0,"gold_gain":0,"player_choice":"Fight","damage_taken":0,"max_hp_gain":0,"max_hp_loss":0,"event_name":"Colosseum","floor":22,"gold_loss":0},{"damage_healed":0,"gold_gain":0,"player_choice":"Fought Nobs","damage_taken":0,"max_hp_gain":0,"max_hp_loss":0,"event_name":"Colosseum","floor":22,"gold_loss":0},{"damage_healed":0,"gold_gain":0,"player_choice":"Read","damage_taken":0,"max_hp_gain":0,"max_hp_loss":0,"event_name":"The Library","floor":28,"gold_loss":0,"cards_obtained":["Ball Lightning"]},{"damage_healed":0,"gold_gain":0,"player_choice":"Ignored","damage_taken":0,"max_hp_gain":0,"max_hp_loss":0,"event_name":"Ghosts","floor":29,"gold_loss":0},{"damage_healed":0,"gold_gain":0,"player_choice":"Fight","damage_taken":0,"max_hp_gain":0,"max_hp_loss":0,"event_name":"MindBloom","floor":37,"gold_loss":0},{"damage_healed":0,"gold_gain":0,"player_choice":"Fight","damage_taken":0,"max_hp_gain":0,"max_hp_loss":0,"event_name":"Mysterious Sphere","floor":38,"gold_loss":0},{"damage_healed":0,"gold_gain":300,"player_choice":"Gold","damage_taken":0,"max_hp_gain":0,"max_hp_loss":0,"event_name":"Wheel of Change","floor":41,"gold_loss":0}],"is_beta":false,"boss_relics":[{"not_picked":["Runic Dome","Runic Pyramid"],"picked":"Fusion Hammer"},{"not_picked":["Lizard Tail","Empty Cage"],"picked":"Astrolabe"}],"items_purged_floors":[],"is_endless":false,"potions_floor_spawned":[2,3,11,19,22,23,30,31,33,37],"killed_by":"Transient","ascension_level":11}