{"path_per_floor":["M","?","?","M","M","R","E","M","T","M","?","E","M"],"character_chosen":"THE_SILENT","items_purchased":[],"gold_per_floor":[110,185,360,370,389,389,424,438,490,508,508,543,564],"floor_reached":14,"campfire_rested":0,"playtime":1070,"current_hp_per_floor":[66,55,55,49,48,48,18,1,1,1,1,10,5],"items_purged":[],"gold":564,"score":117,"play_id":"080247fe-da6f-4bea-9f16-a84f2f2f8e1c","is_prod":false,"is_daily":false,"is_ascension_mode":true,"campfire_upgraded":1,"path_taken":["M","?","?","?","M","R","E","M","T","M","?","E","M","M"],"build_version":"2018-02-08-PROD1","purchased_purges":0,"victory":false,"master_deck":["Defend_G","Defend_G","Defend_G","Defend_G","Defend_G","Strike_G","Strike_G","Strike_G","Strike_G","Strike_G","Survivor","Neutralize","Dagger Throw","Doubt","Skewer+1","Quick Slash","Unload","Well Laid Plans","Dagger Throw","Flying Knee","Grand Finale"],"max_hp_per_floor":[70,70,70,70,70,70,70,70,70,70,65,65,65],"relics":["Lizard Tail","Kunai","Bronze Scales","Golden Idol","Prayer Wheel"],"card_choices":[{"not_picked":["PiercingWail","Prepared"],"picked":"Dagger Throw"},{"not_picked":["Prepared","Flying Knee"],"picked":"Skewer"},{"not_picked":["Cloak And Dagger","PiercingWail"],"picked":"Quick Slash"},{"not_picked":["Catalyst","Crippling Poison"],"picked":"Unload"},{"not_picked":["Acrobatics","Finisher"],"picked":"Well Laid Plans"},{"not_picked":["Prepared","Flying Knee"],"picked":"Dagger Throw"},{"not_picked":["Cloak And Dagger","PiercingWail"],"picked":"Flying Knee"},{"not_picked":["Bane","Concentrate"],"picked":"Grand Finale"}],"player_experience":181675,"potions_floor_usage":[7,10],"damage_taken":[{"damage":4,"enemies":"Small Slimes","floor":1,"turns":4},{"damage":6,"enemies":"Cultist","floor":4,"turns":4},{"damage":1,"enemies":"Jaw Worm","floor":5,"turns":4},{"damage":30,"enemies":"Gremlin Nob","floor":7,"turns":6},{"damage":17,"enemies":"Large Slime","floor":8,"turns":7},{"damage":0,"enemies":"3 Louse","floor":10,"turns":3},{"damage":27,"enemies":"Lagavulin","floor":12,"turns":9},{"damage":5,"enemies":"Gremlin Gang","floor":13,"turns":4},{"damage":7,"enemies":"Large Slime","floor":14,"turns":1}],"event_choices":[{"event_name":"World of Goop","player_choice":"Gather Gold","floor":2,"damage_taken":0},{"event_name":"Liars Game","player_choice":"agreed","floor":3,"damage_taken":0},{"event_name":"Golden Idol","player_choice":"Lose Max HP","floor":11,"damage_taken":0}],"boss_relics":[],"potions_floor_spawned":[4,8,13],"seed_played":"-5257271189376270817","killed_by":"Large Slime","ascension_level":3,"is_trial":false}