{"gold_per_floor":[117,129,40,5,5,44,44,79,79,110,143,23,23,23],"floor_reached":14,"playtime":312,"items_purged":[],"score":258,"play_id":"14712f70-f726-4de3-8fe0-35e9be429c23","local_time":"20190407145019","is_ascension_mode":true,"campfire_choices":[{"data":"Zap","floor":7,"key":"SMITH"},{"data":"Hyperbeam","floor":13,"key":"SMITH"}],"neow_cost":"NONE","seed_source_timestamp":535258962248527,"circlet_count":0,"master_deck":["AscendersBane","Strike_B","Strike_B","Strike_B","Strike_B","Defend_B","Defend_B","Defend_B","Defend_B","Zap+1","Dualcast","Sweeping Beam","Capacitor","Ball Lightning","Hyperbeam+1","Self Repair","Doom and Gloom","Defragment","Auto Shields"],"relics":["Cracked Core","NeowsBlessing","Golden Idol","Letter Opener","Art of War","Lantern","Odd Mushroom","Blue Candle"],"potions_floor_usage":[8,11,14],"damage_taken":[{"damage":0,"enemies":"Jaw Worm","floor":1,"turns":1},{"damage":0,"enemies":"Small Slimes","floor":2,"turns":1},{"damage":0,"enemies":"Lagavulin","floor":6,"turns":1},{"damage":11,"enemies":"Gremlin Nob","floor":8,"turns":3},{"damage":1,"enemies":"The Mushroom Lair","floor":10,"turns":2},{"damage":42,"enemies":"Lagavulin","floor":11,"turns":6},{"damage":29,"enemies":"Gremlin Nob","floor":14,"turns":3}],"seed_played":"2502305334405179196","potions_obtained":[{"floor":1,"key":"Fire Potion"},{"floor":10,"key":"Weak Potion"},{"floor":11,"key":"Block Potion"}],"is_trial":false,"path_per_floor":["M","M","$","?","?","E","R","E","T","?","E","$","R","E"],"character_chosen":"DEFECT","items_purchased":["Capacitor","Defragment","Auto Shields"],"campfire_rested":0,"item_purchase_floors":[3,12,12],"current_hp_per_floor":[64,64,64,71,64,64,64,53,53,52,17,17,17,0],"gold":23,"neow_bonus":"THREE_ENEMY_KILL","is_prod":false,"is_daily":false,"chose_seed":false,"campfire_upgraded":2,"win_rate":0,"timestamp":1554663019,"path_taken":["M","M","$","?","?","E","R","E","T","?","E","?","R","E"],"build_version":"2019-01-23","purchased_purges":0,"victory":false,"max_hp_per_floor":[71,71,71,71,64,64,64,64,64,64,64,64,64,64],"card_choices":[{"not_picked":["Reprogram","Redo","Turbo"],"picked":"SKIP","floor":1},{"not_picked":["Aggregate","Tempest"],"picked":"Sweeping Beam","floor":2},{"not_picked":["Compile Driver","Rip and Tear"],"picked":"Ball Lightning","floor":6},{"not_picked":["Darkness","Steam Power"],"picked":"Hyperbeam","floor":8},{"not_picked":["Redo","Stack"],"picked":"Self Repair","floor":10},{"not_picked":["Coolheaded","Stack"],"picked":"Doom and Gloom","floor":11}],"player_experience":1701654,"relics_obtained":[{"floor":6,"key":"Letter Opener"},{"floor":8,"key":"Art of War"},{"floor":9,"key":"Lantern"},{"floor":10,"key":"Odd Mushroom"},{"floor":11,"key":"Blue Candle"}],"event_choices":[{"damage_healed":17,"gold_gain":0,"player_choice":"Healed","damage_taken":0,"max_hp_gain":0,"max_hp_loss":0,"event_name":"The Cleric","floor":4,"gold_loss":35},{"damage_healed":0,"gold_gain":0,"player_choice":"Lose Max HP","damage_taken":0,"relics_obtained":["Golden Idol"],"max_hp_gain":0,"max_hp_loss":7,"event_name":"Golden Idol","floor":5,"gold_loss":0},{"damage_healed":0,"gold_gain":0,"player_choice":"Fought Mushrooms","damage_taken":0,"max_hp_gain":0,"max_hp_loss":0,"event_name":"Mushrooms","floor":10,"gold_loss":0}],"is_beta":false,"boss_relics":[],"items_purged_floors":[],"is_endless":false,"potions_floor_spawned":[1,10,11],"killed_by":"Gremlin Nob","ascension_level":20}