{"gold_per_floor":[110,56,56,56,127,127,167,190,190,203,203,44,44,63,63,159,159,175,175,175,175,189,189,204,233,302,302],"floor_reached":27,"playtime":671,"items_purged":[],"score":508,"play_id":"ba13d368-8072-4be9-af68-70d97d047315","local_time":"20190401172355","is_ascension_mode":true,"campfire_choices":[{"data":"Zap","floor":6,"key":"SMITH"},{"data":"Defragment","floor":11,"key":"SMITH"},{"data":"Defragment","floor":15,"key":"SMITH"},{"floor":23,"key":"REST"}],"neow_cost":"NONE","seed_source_timestamp":25637241046635,"circlet_count":0,"master_deck":["AscendersBane","Strike_B","Strike_B","Strike_B","Strike_B","Defend_B","Defend_B","Defend_B","Defend_B","Zap+1","Dualcast","Defragment","Ball Lightning","Defragment+1","Redo+1","Conserve Battery+1","Genetic Algorithm+1","Defragment+1","Cold Snap","Multi-Cast+1","Loop","Necronomicurse","Writhe","Capacitor","Rebound+1","Rainbow+1"],"relics":["Cracked Core","NeowsBlessing","Symbiotic Virus","Toxic Egg 2","Happy Flower","Pear","Sozu","Necronomicon","Gremlin Horn","Nloth\u0027s Gift","Cables","Pantograph"],"potions_floor_usage":[16,22,25],"damage_taken":[{"damage":0,"enemies":"Cultist","floor":1,"turns":1},{"damage":0,"enemies":"Lagavulin","floor":7,"turns":1},{"damage":0,"enemies":"Jaw Worm","floor":8,"turns":1},{"damage":0,"enemies":"Small Slimes","floor":10,"turns":3},{"damage":16,"enemies":"3 Louse","floor":14,"turns":4},{"damage":25,"enemies":"Hexaghost","floor":16,"turns":7},{"damage":0,"enemies":"3 Byrds","floor":18,"turns":3},{"damage":34,"enemies":"2 Thieves","floor":22,"turns":3},{"damage":4,"enemies":"Snecko","floor":24,"turns":3},{"damage":13,"enemies":"Gremlin Leader","floor":25,"turns":5},{"damage":19,"enemies":"Shelled Parasite and Fungi","floor":27,"turns":1}],"seed_played":"-6228138066052008295","potions_obtained":[{"floor":1,"key":"EssenceOfSteel"},{"floor":14,"key":"Explosive Potion"},{"floor":16,"key":"Poison Potion"}],"is_trial":false,"path_per_floor":["M","$","?","?","T","R","E","M","T","M","R","$","?","M","R","B",null,"M","?","?","?","M","R","M","E","T","M"],"character_chosen":"DEFECT","items_purchased":["Ball Lightning","Genetic Algorithm+1","Defragment"],"campfire_rested":1,"item_purchase_floors":[2,12,12],"current_hp_per_floor":[64,64,64,59,59,59,59,59,69,69,69,69,74,58,58,33,68,68,47,47,47,13,36,32,19,19,0],"gold":302,"neow_bonus":"THREE_ENEMY_KILL","is_prod":false,"is_daily":false,"chose_seed":false,"campfire_upgraded":3,"win_rate":0,"timestamp":1554153835,"path_taken":["M","$","?","?","?","R","E","?","T","M","R","$","?","M","R","BOSS","M","?","?","?","?","R","M","E","T","M"],"build_version":"2019-01-23","purchased_purges":0,"victory":false,"max_hp_per_floor":[71,71,64,64,64,64,64,64,74,74,74,74,79,79,79,79,79,79,79,79,79,79,79,79,79,79,79],"card_choices":[{"not_picked":["Recycle","Compile Driver"],"picked":"Defragment","floor":1},{"not_picked":["Rebound","Sunder"],"picked":"Defragment","floor":7},{"not_picked":["Steam+1","Go for the Eyes"],"picked":"Redo+1","floor":8},{"not_picked":["Cold Snap","Blizzard"],"picked":"Conserve Battery+1","floor":10},{"not_picked":["Scrape","Streamline"],"picked":"Cold Snap","floor":14},{"not_picked":["Machine Learning","Hyperbeam"],"picked":"Multi-Cast+1","floor":16},{"not_picked":["Double Energy+1","Stack+1"],"picked":"Loop","floor":18},{"not_picked":["Barrage","Rebound"],"picked":"Capacitor","floor":22},{"not_picked":["Aggregate+1","Genetic Algorithm+1"],"picked":"Rebound+1","floor":24},{"not_picked":["Gash","Reboot+1"],"picked":"Rainbow+1","floor":25}],"player_experience":1525821,"relics_obtained":[{"floor":5,"key":"Toxic Egg 2"},{"floor":7,"key":"Happy Flower"},{"floor":9,"key":"Pear"},{"floor":19,"key":"Necronomicon"},{"floor":25,"key":"Cables"},{"floor":26,"key":"Pantograph"}],"event_choices":[{"damage_healed":0,"gold_gain":0,"player_choice":"Lose Max HP","damage_taken":0,"relics_obtained":["Golden Idol"],"max_hp_gain":0,"max_hp_loss":7,"event_name":"Golden Idol","floor":3,"gold_loss":0},{"damage_healed":0,"gold_gain":0,"player_choice":"Success","damage_taken":5,"relics_obtained":["Symbiotic Virus"],"max_hp_gain":0,"max_hp_loss":0,"event_name":"Scrap Ooze","floor":4,"gold_loss":0},{"damage_healed":0,"gold_gain":0,"player_choice":"Donut","damage_taken":0,"max_hp_gain":5,"max_hp_loss":0,"event_name":"Big Fish","floor":13,"gold_loss":0},{"damage_healed":0,"gold_gain":0,"player_choice":"Obtained Book","damage_taken":21,"max_hp_gain":0,"max_hp_loss":0,"event_name":"Cursed Tome","floor":19,"gold_loss":0},{"damage_healed":0,"gold_gain":0,"player_choice":"Opened","damage_taken":0,"relics_obtained":["Gremlin Horn"],"max_hp_gain":0,"max_hp_loss":0,"event_name":"The Mausoleum","floor":20,"gold_loss":0,"cards_obtained":["Writhe"]},{"damage_healed":0,"gold_gain":0,"player_choice":"Traded Relic","damage_taken":0,"relics_obtained":["Nloth\u0027s Gift"],"max_hp_gain":0,"max_hp_loss":0,"event_name":"N\u0027loth","floor":21,"relics_lost":["Golden Idol"],"gold_loss":0}],"is_beta":false,"boss_relics":[{"not_picked":["Eternal Feather","Snecko Eye"],"picked":"Sozu"}],"items_purged_floors":[],"is_endless":false,"potions_floor_spawned":[1,14,16,18,25],"killed_by":"Shelled Parasite and Fungi","ascension_level":20}