{"gold_per_floor":[113,38,38,38,52,84,101,101,101,14,28,28,55,65,65,65],"floor_reached":16,"playtime":647,"items_purged":[],"score":270,"play_id":"80bad6fe-e7ea-479f-8ba4-506d250a6e4b","local_time":"20190413004449","is_ascension_mode":true,"campfire_choices":[{"data":"Neutralize","floor":8,"key":"SMITH"},{"data":"Dash","floor":15,"key":"SMITH"}],"neow_cost":"NONE","seed_source_timestamp":109000894265046,"circlet_count":0,"master_deck":["AscendersBane","Defend_G","Defend_G","Defend_G","Defend_G","Defend_G","Strike_G","Strike_G","Survivor","Neutralize+1","Blur","Dash+1","Backflip","Backstab","Caltrops","Crippling Poison","PiercingWail","Cloak And Dagger"],"relics":["Ring of the Snake","NeowsBlessing","Blue Candle","Matryoshka","Juzu Bracelet"],"potions_floor_usage":[16],"damage_taken":[{"damage":0,"enemies":"Small Slimes","floor":1,"turns":1},{"damage":0,"enemies":"Cultist","floor":5,"turns":1},{"damage":0,"enemies":"Lagavulin","floor":6,"turns":1},{"damage":0,"enemies":"2 Louse","floor":7,"turns":4},{"damage":0,"enemies":"Gremlin Gang","floor":11,"turns":5},{"damage":19,"enemies":"3 Sentries","floor":13,"turns":16},{"damage":10,"enemies":"Large Slime","floor":14,"turns":11},{"damage":16,"enemies":"Slime Boss","floor":16,"turns":10}],"seed_played":"8660326796764899607","potions_obtained":[{"floor":5,"key":"Ancient Potion"},{"floor":6,"key":"GhostInAJar"}],"is_trial":false,"path_per_floor":["M","?","$","?","M","E","M","R","T","$","M","?","E","M","R","B"],"character_chosen":"THE_SILENT","items_purchased":["Caltrops"],"campfire_rested":0,"item_purchase_floors":[10],"current_hp_per_floor":[59,59,59,59,59,59,59,59,59,59,59,59,40,30,30,14],"gold":65,"neow_bonus":"THREE_ENEMY_KILL","is_prod":false,"is_daily":false,"chose_seed":false,"campfire_upgraded":2,"win_rate":0,"timestamp":1555130689,"path_taken":["M","?","$","?","?","E","?","R","T","$","M","?","E","M","R","BOSS"],"build_version":"2019-01-23","purchased_purges":0,"victory":false,"max_hp_per_floor":[66,66,66,66,66,66,66,66,66,66,66,66,66,66,66,66],"card_choices":[{"not_picked":["Quick Slash","Slice"],"picked":"Blur","floor":1},{"not_picked":["Acrobatics","Dodge and Roll"],"picked":"Dash","floor":5},{"not_picked":["Grand Finale","Poisoned Stab"],"picked":"Backflip","floor":6},{"not_picked":["Dagger Spray","Concentrate"],"picked":"Backstab","floor":7},{"not_picked":["Cloak And Dagger","Finisher"],"picked":"Crippling Poison","floor":11},{"not_picked":["Distraction","Setup"],"picked":"PiercingWail","floor":13},{"not_picked":["Quick Slash","All Out Attack"],"picked":"Cloak And Dagger","floor":14}],"player_experience":1835404,"relics_obtained":[{"floor":6,"key":"Blue Candle"},{"floor":9,"key":"Matryoshka"},{"floor":13,"key":"Juzu Bracelet"}],"event_choices":[{"cards_removed":["Strike_G"],"damage_healed":0,"gold_gain":0,"player_choice":"Card Removal","damage_taken":0,"max_hp_gain":0,"max_hp_loss":0,"event_name":"The Cleric","floor":2,"gold_loss":75},{"cards_removed":["Strike_G"],"damage_healed":0,"gold_gain":0,"player_choice":"Offered Basic","damage_taken":0,"max_hp_gain":0,"max_hp_loss":0,"event_name":"Bonfire Elementals","floor":4,"gold_loss":0},{"cards_removed":["Strike_G"],"damage_healed":0,"gold_gain":0,"player_choice":"Purged","damage_taken":0,"max_hp_gain":0,"max_hp_loss":0,"event_name":"Purifier","floor":12,"gold_loss":0}],"is_beta":false,"boss_relics":[],"items_purged_floors":[],"is_endless":false,"potions_floor_spawned":[5,6],"killed_by":"Slime Boss","ascension_level":20}