{"path_per_floor":["M","M","?","$","?","R","M","R","T","M","?","M","R","M","R","B",null,"M","?","$","?","M","R","E","M","T","R","M","M","?","?","R","B",null,"M","$","M","$","?","R","E","?","T","?","R","E","?","$","R"],"character_chosen":"IRONCLAD","items_purchased":["Fire Potion","Explosive Potion","Oddly Smooth Stone","Frozen Egg 2","Inflame","Strength Potion"],"gold_per_floor":[118,138,213,42,42,42,61,61,61,71,71,84,84,96,96,200,200,220,220,66,66,79,79,113,130,177,177,192,203,203,203,203,307,337,354,354,364,26,26,26,60,60,84,0,0,29,29,29,29],"floor_reached":50,"campfire_rested":5,"playtime":1783,"current_hp_per_floor":[72,72,61,61,46,69,67,67,67,66,66,63,63,56,56,29,65,50,50,50,50,44,44,22,16,16,54,32,3,3,3,41,15,67,66,66,51,51,51,51,41,41,41,41,80,50,40,40,79],"items_purged":["Parasite"],"gold":29,"score":759,"play_id":"d2d74020-2163-4823-a4a4-877dfebb8f3f","local_time":"20180315194039","is_prod":false,"is_daily":false,"is_ascension_mode":true,"campfire_upgraded":5,"timestamp":1521157239,"path_taken":["M","M","?","$","?","R","M","R","T","?","?","?","R","M","R","BOSS","M","?","$","?","M","R","E","M","T","R","M","M","?","?","R","BOSS","M","?","M","$","?","R","E","?","T","?","R","E","?","$","R","BOSS"],"build_version":"2018-03-09","purchased_purges":2,"victory":false,"master_deck":["Strike_R+1","Defend_R","Defend_R+1","Defend_R","Bash+1","Body Slam+1","Clash+1","Infernal Blade+1","Cleave+1","Infernal Blade+1","Thunderclap+1","Demon Form+1","Shockwave+1","Seeing Red","Dark Embrace+1","Cleave+1","Metallicize+1","Clash+1","Offering","Blood for Blood","Sword Boomerang+1","Inflame+1","Clothesline+1","Bludgeon+1","Madness","Madness","Clash+1"],"max_hp_per_floor":[80,80,80,77,77,77,77,77,77,77,77,77,77,77,77,77,77,77,77,77,77,77,77,77,77,77,77,77,77,77,77,77,77,82,82,82,82,82,82,82,82,82,82,82,82,82,82,82,82],"relics":["Astrolabe","Dream Catcher","Lizard Tail","Oddly Smooth Stone","Regal Pillow","Juzu Bracelet","Tiny House","Frozen Egg 2","Omamori","Art of War","Red Mask","Molten Egg 2"],"card_choices":[{"not_picked":["Armaments","Spot Weakness"],"picked":"Cleave"},{"not_picked":["Wild Strike","Perfected Strike"],"picked":"Infernal Blade"},{"not_picked":["Heavy Blade","Combust"],"picked":"Thunderclap"},{"not_picked":["Limit Break","Feed"],"picked":"Demon Form"},{"not_picked":["Thunderclap","Wild Strike"],"picked":"Headbutt"},{"not_picked":["Uppercut","Armaments"],"picked":"Seeing Red"},{"not_picked":["Iron Wave","Body Slam"],"picked":"Dark Embrace"},{"not_picked":["Flex","Rupture"],"picked":"Cleave"},{"not_picked":["Infernal Blade","Havoc"],"picked":"Metallicize"},{"not_picked":["Battle Trance","Power Through"],"picked":"Clash"},{"not_picked":["Demon Form","Brutality"],"picked":"Offering"},{"not_picked":["Wild Strike","Havoc"],"picked":"Blood for Blood"},{"not_picked":["True Grit","Pommel Strike"],"picked":"Sword Boomerang"},{"not_picked":["Sentinel","Bloodletting"],"picked":"Clothesline"},{"not_picked":["Combust","Ghostly Armor"],"picked":"Bludgeon"},{"not_picked":["Seeing Red","Pommel Strike"],"picked":"Clash"}],"player_experience":518197,"potions_floor_usage":[10,16,16,24,24,28,33,33,33,37,50,50],"damage_taken":[{"damage":0,"enemies":"2 Louse","floor":1,"turns":1},{"damage":0,"enemies":"Cultist","floor":2,"turns":2},{"damage":2,"enemies":"Small Slimes","floor":7,"turns":2},{"damage":1,"enemies":"3 Louse","floor":10,"turns":2},{"damage":3,"enemies":"Exordium Thugs","floor":12,"turns":2},{"damage":7,"enemies":"Large Slime","floor":14,"turns":2},{"damage":42,"enemies":"The Guardian","floor":16,"turns":7},{"damage":15,"enemies":"Chosen","floor":18,"turns":3},{"damage":6,"enemies":"Shell Parasite","floor":22,"turns":2},{"damage":22,"enemies":"Slavers","floor":24,"turns":3},{"damage":6,"enemies":"Snecko","floor":25,"turns":3},{"damage":31,"enemies":"Snake Plant","floor":28,"turns":4},{"damage":29,"enemies":"Centurion and Healer","floor":29,"turns":5},{"damage":26,"enemies":"Automaton","floor":33,"turns":6},{"damage":16,"enemies":"3 Darklings","floor":35,"turns":3},{"damage":15,"enemies":"Orb Walker","floor":37,"turns":3},{"damage":52,"enemies":"Nemesis","floor":41,"turns":5},{"damage":30,"enemies":"Giant Head","floor":46,"turns":6},{"damage":87,"enemies":"Donu and Deca","floor":50,"turns":4}],"event_choices":[{"event_name":"World of Goop","player_choice":"Gather Gold","floor":3,"damage_taken":0},{"event_name":"Shining Light","player_choice":"Entered Light","floor":5,"damage_taken":0},{"event_name":"Bonfire Elementals","player_choice":"BASIC","floor":11,"damage_taken":0},{"event_name":"Transmorgrifier","player_choice":"Transform","floor":19,"damage_taken":0},{"event_name":"Accursed Blacksmith","player_choice":"Forge","floor":21,"damage_taken":0},{"event_name":"Cursed Tome","player_choice":"Ignored","floor":30,"damage_taken":0},{"event_name":"The Lab","player_choice":"Got Potions","floor":31,"damage_taken":0},{"event_name":"Mysterious Sphere","player_choice":"Ignore","floor":39,"damage_taken":0},{"event_name":"Tomb of Lord Red Mask","player_choice":"Paid","floor":44,"damage_taken":0},{"event_name":"Winding Halls","player_choice":"Embrace Madness","floor":47,"damage_taken":0}],"boss_relics":[{"not_picked":["Cursed Key","Mark of Pain"],"picked":"Lizard Tail"},{"not_picked":["Black Star","Snecko Eye"],"picked":"Tiny House"}],"potions_floor_spawned":[7,12,18,25,41],"seed_played":"-1611486107975621976","killed_by":"Donu and Deca","ascension_level":10,"is_trial":false}