{"gold_per_floor":[368,518,538,538,551,551,578,89,168,186,186,186,186,197,197,271,271,285,285,200,200,214,214,246,256,256,256,274,274,274,274],"floor_reached":31,"playtime":1087,"items_purged":["Doubt"],"score":506,"play_id":"1704273e-faeb-4a05-a986-62a9563a2280","local_time":"20190401131715","is_ascension_mode":true,"campfire_choices":[{"data":"Zap","floor":6,"key":"SMITH"},{"floor":11,"key":"REST"},{"data":"Doom and Gloom","floor":13,"key":"SMITH"},{"data":"White Noise","floor":15,"key":"SMITH"},{"data":"Ghostly","floor":23,"key":"SMITH"},{"data":"Thunder Strike","floor":30,"key":"SMITH"}],"neow_cost":"PERCENT_DAMAGE","seed_source_timestamp":10421834037636,"circlet_count":0,"master_deck":["AscendersBane","Zap+1","Dualcast","Leap","Streamline+1","White Noise+1","Doom and Gloom+1","Self Repair+1","Cold Snap","Static Discharge+1","Static Discharge+1","Biased Cognition+1","White Noise","Reinforced Body","BootSequence","Undo","Creative AI+1","Double Energy","Ball Lightning","Ghostly+1","Ghostly","Ghostly","Static Discharge+1","Thunder Strike+1","Machine Learning+1"],"relics":["Cracked Core","Lantern","Frozen Egg 2","Sundial","Pandora\u0027s Box","Potion Belt","The Courier","Gremlin Horn"],"potions_floor_usage":[7,16,16,24,25,31],"damage_taken":[{"damage":0,"enemies":"2 Louse","floor":1,"turns":1},{"damage":0,"enemies":"Jaw Worm","floor":3,"turns":5},{"damage":6,"enemies":"Cultist","floor":5,"turns":4},{"damage":36,"enemies":"Gremlin Nob","floor":7,"turns":4},{"damage":3,"enemies":"3 Louse","floor":10,"turns":3},{"damage":4,"enemies":"Looter","floor":14,"turns":2},{"damage":7,"enemies":"Hexaghost","floor":16,"turns":6},{"damage":28,"enemies":"Shell Parasite","floor":18,"turns":4},{"damage":3,"enemies":"Spheric Guardian","floor":22,"turns":4},{"damage":22,"enemies":"Gremlin Leader","floor":24,"turns":5},{"damage":5,"enemies":"Snake Plant","floor":25,"turns":4},{"damage":21,"enemies":"Shelled Parasite and Fungi","floor":28,"turns":3},{"damage":29,"enemies":"Book of Stabbing","floor":31,"turns":3}],"seed_played":"-2044517690740722142","potions_obtained":[{"floor":3,"key":"Ancient Potion"},{"floor":7,"key":"Swift Potion"},{"floor":18,"key":"Block Potion"},{"floor":22,"key":"Dexterity Potion"},{"floor":24,"key":"LiquidBronze"}],"is_trial":false,"path_per_floor":["M","?","M","?","M","R","E","$","T","M","R","?","R","M","R","B",null,"M","?","?","?","M","R","E","M","T","?","M","?","R","E"],"character_chosen":"DEFECT","items_purchased":["Frozen Egg 2","Self Repair+1","Block Potion","Cold Snap"],"campfire_rested":1,"item_purchase_floors":[8,8,8,8],"current_hp_per_floor":[46,46,46,46,40,40,4,4,4,11,32,21,21,17,17,20,58,40,35,35,30,35,35,33,35,35,35,24,24,24,0],"gold":274,"neow_bonus":"TWO_FIFTY_GOLD","is_prod":false,"is_daily":false,"chose_seed":false,"campfire_upgraded":5,"win_rate":0,"timestamp":1554139035,"path_taken":["M","?","M","?","M","R","E","$","T","?","R","?","R","M","R","BOSS","M","?","?","?","?","R","E","M","T","?","M","?","R","E"],"build_version":"2019-01-23","purchased_purges":1,"victory":false,"max_hp_per_floor":[71,71,71,71,71,71,71,71,71,71,71,71,71,71,71,71,71,71,35,35,35,35,35,35,35,35,35,35,35,35,35],"card_choices":[{"not_picked":["Rebound","Stack"],"picked":"Leap","floor":1},{"not_picked":["Self Repair","Redo"],"picked":"Streamline","floor":3},{"not_picked":["Compile Driver","Barrage"],"picked":"White Noise","floor":5},{"not_picked":["Rebound","Aggregate"],"picked":"Doom and Gloom","floor":7},{"not_picked":["Sweeping Beam","Melter"],"picked":"Static Discharge+1","floor":10},{"not_picked":["Rip and Tear","Hologram"],"picked":"Static Discharge+1","floor":14},{"not_picked":["Amplify","Hyperbeam"],"picked":"Biased Cognition+1","floor":16},{"not_picked":["Redo","Cold Snap"],"picked":"Ball Lightning","floor":18},{"not_picked":["Beam Cell","Rebound","Cold Snap"],"picked":"SKIP","floor":22},{"not_picked":["Recycle","Doom and Gloom","Compile Driver"],"picked":"SKIP","floor":24},{"not_picked":["Genetic Algorithm","Streamline","Steam"],"picked":"SKIP","floor":25},{"not_picked":["Chaos","Scrape","FTL"],"picked":"SKIP","floor":28}],"player_experience":1524289,"relics_obtained":[{"floor":7,"key":"Lantern"},{"floor":24,"key":"The Courier"},{"floor":26,"key":"Gremlin Horn"}],"event_choices":[{"damage_healed":0,"gold_gain":150,"player_choice":"AGREE","damage_taken":0,"max_hp_gain":0,"max_hp_loss":0,"event_name":"Liars Game","floor":2,"gold_loss":0,"cards_obtained":["Doubt"]},{"damage_healed":0,"gold_gain":0,"player_choice":"Upgraded","damage_taken":0,"max_hp_gain":0,"max_hp_loss":0,"event_name":"Upgrade Shrine","floor":4,"gold_loss":0,"cards_upgraded":["Streamline"]},{"damage_healed":0,"gold_gain":0,"player_choice":"Success","damage_taken":11,"relics_obtained":["Sundial"],"max_hp_gain":0,"max_hp_loss":0,"event_name":"Scrap Ooze","floor":12,"gold_loss":0},{"damage_healed":0,"gold_gain":0,"player_choice":"Became a Ghost","damage_taken":0,"max_hp_gain":0,"max_hp_loss":36,"event_name":"Ghosts","floor":19,"gold_loss":0,"cards_obtained":["Ghostly","Ghostly","Ghostly"]},{"damage_healed":0,"gold_gain":0,"player_choice":"Obtained Relic","damage_taken":0,"relics_obtained":["Potion Belt"],"max_hp_gain":0,"max_hp_loss":0,"event_name":"Addict","floor":20,"gold_loss":85},{"damage_healed":0,"gold_gain":0,"player_choice":"Damaged","damage_taken":5,"max_hp_gain":0,"max_hp_loss":0,"event_name":"Wheel of Change","floor":21,"gold_loss":0},{"damage_healed":0,"gold_gain":0,"cards_transformed":["Rip and Tear","Aggregate"],"player_choice":"Became Test Subject","damage_taken":0,"max_hp_gain":0,"max_hp_loss":0,"event_name":"Drug Dealer","floor":27,"gold_loss":0,"cards_obtained":["Static Discharge","Thunder Strike"]},{"damage_healed":0,"gold_gain":0,"player_choice":"Read","damage_taken":0,"max_hp_gain":0,"max_hp_loss":0,"event_name":"The Library","floor":29,"gold_loss":0,"cards_obtained":["Machine Learning"]}],"is_beta":false,"boss_relics":[{"not_picked":["Velvet Choker","Nuclear Battery"],"picked":"Pandora\u0027s Box"}],"items_purged_floors":[8],"is_endless":false,"potions_floor_spawned":[3,7,14,18,22,24],"killed_by":"Book of Stabbing","ascension_level":20}