{"gold_per_floor":[112,112,112,122,122,122,143,143,167,167,46,58,78,89,89,89],"floor_reached":16,"playtime":465,"items_purged":["Strike_G"],"score":171,"play_id":"1f344b6b-0b4d-4477-91c1-41af9de457b4","local_time":"20180816174748","is_ascension_mode":true,"campfire_choices":[{"data":"Neutralize","floor":6,"key":"SMITH"},{"data":"Cloak And Dagger","floor":8,"key":"SMITH"},{"data":"Defend_G","floor":10,"key":"SMITH"},{"floor":15,"key":"REST"}],"neow_cost":"NONE","seed_source_timestamp":115199711158088,"circlet_count":0,"master_deck":["Defend_G","Defend_G","Defend_G","Defend_G+1","Defend_G+1","Strike_G","Strike_G","Strike_G","Survivor","Neutralize+1","AscendersBane","Cloak And Dagger+1","Dodge and Roll+1","Leg Sweep","Noxious Fumes"],"relics":["Ring of the Snake","Vajra","Odd Mushroom","War Paint"],"potions_floor_usage":[16,16],"damage_taken":[{"damage":1,"enemies":"Small Slimes","floor":1,"turns":3},{"damage":3,"enemies":"Jaw Worm","floor":4,"turns":6},{"damage":20,"floor":7,"turns":7},{"damage":0,"enemies":"Cultist","floor":12,"turns":5},{"damage":0,"enemies":"Looter","floor":13,"turns":4},{"damage":8,"enemies":"Large Slime","floor":14,"turns":9},{"damage":55,"enemies":"Slime Boss","floor":16,"turns":14}],"seed_played":"3919530962466305041","potions_obtained":[{"floor":1,"key":"AttackPotion"},{"floor":12,"key":"Block Potion"}],"is_trial":false,"path_per_floor":["M","?","?","M","?","R","?","R","T","R","$","M","M","M","R"],"character_chosen":"THE_SILENT","items_purchased":["Leg Sweep"],"campfire_rested":1,"item_purchase_floors":[11],"current_hp_per_floor":[58,58,58,55,55,55,35,35,35,35,35,35,35,27,46,0],"gold":89,"neow_bonus":"RANDOM_COMMON_RELIC","is_prod":false,"is_daily":false,"chose_seed":false,"campfire_upgraded":3,"win_rate":0,"timestamp":1534466868,"path_taken":["M","?","?","M","?","R","?","R","T","R","$","?","M","M","R","BOSS"],"build_version":"2018-08-16","purchased_purges":1,"victory":false,"max_hp_per_floor":[66,66,66,66,66,66,66,66,66,66,66,66,66,66,66,66],"card_choices":[{"not_picked":["Heel Hook","Underhanded Strike"],"picked":"Cloak And Dagger","floor":1},{"not_picked":["Reflex","Calculated Gamble","Slice"],"picked":"SKIP","floor":4},{"not_picked":["Reflex","Setup"],"picked":"Dodge and Roll","floor":7},{"not_picked":["Flechettes","Setup","Bane"],"picked":"SKIP","floor":12},{"not_picked":["PiercingWail","Choke"],"picked":"Noxious Fumes","floor":13},{"not_picked":["Deflect","Tactician","Prepared"],"picked":"SKIP","floor":14}],"player_experience":887537,"relics_obtained":[{"floor":7,"key":"Odd Mushroom"},{"floor":9,"key":"War Paint"}],"event_choices":[{"event_name":"Liars Game","player_choice":"disagreed","floor":2,"damage_taken":0},{"event_name":"Purifier","player_choice":"One Purge","floor":3,"damage_taken":0},{"event_name":"Shining Light","player_choice":"Ignored","floor":5,"damage_taken":0},{"event_name":"Mushrooms","player_choice":"Fought Mushrooms","floor":7,"damage_taken":0}],"is_beta":true,"boss_relics":[],"items_purged_floors":[11],"is_endless":false,"potions_floor_spawned":[1,12],"killed_by":"Slime Boss","ascension_level":18}