{"gold_per_floor":[111,36,52,71,71,71,103,117,140,140,168,168,194,194,194,269,269,280,280,106,106,126,126,158,158,183,195,205,238,163,181,181,255,255,274,22,40,40,60,60,94,94,120,120,120,136,147,197,197,197,197,197,47,81,81],"floor_reached":56,"playtime":10407,"items_purged":["Strike_R","Strike_R","Anger","Strike_R"],"score":1970,"play_id":"02685e88-dd27-4797-9abf-143a9e2078de","local_time":"20190502235958","is_ascension_mode":true,"campfire_choices":[{"data":"Bash","floor":6.0,"key":"SMITH"},{"data":"Immolate","floor":10.0,"key":"SMITH"},{"data":"True Grit","floor":12.0,"key":"SMITH"},{"data":"Flame Barrier","floor":15.0,"key":"SMITH"},{"data":"Inflame","floor":23.0,"key":"SMITH"},{"data":"Evolve","floor":25.0,"key":"SMITH"},{"data":"Double Tap","floor":32.0,"key":"SMITH"},{"floor":40.0,"key":"RECALL"},{"data":"Disarm","floor":42.0,"key":"SMITH"},{"data":"Feel No Pain","floor":45.0,"key":"SMITH"},{"data":"Disarm","floor":49,"key":"SMITH"},{"data":"Power Through","floor":52,"key":"SMITH"}],"neow_cost":"PERCENT_DAMAGE","seed_source_timestamp":0,"circlet_count":0,"master_deck":["AscendersBane","Defend_R+1","Defend_R+1","Defend_R","Defend_R","Bash+1","Immolate+1","Pommel Strike","Flame Barrier+1","True Grit+1","Reaper","Headbutt+1","Thunderclap+1","Impervious","Evolve+1","Clothesline+1","Inflame+1","Shrug It Off","Feel No Pain+1","Double Tap+1","Disarm+1","Demon Form+1","Disarm+1","Corruption","Shrug It Off","Sword Boomerang+1","Power Through+1","Uppercut+1","Shockwave"],"special_seed":0,"relics":["Burning Blood","Sundial","Juzu Bracelet","Anchor","Molten Egg 2","Boot","Snecko Eye","War Paint","Vajra","Ornamental Fan","Coffee Dripper","Bottled Lightning","Centennial Puzzle"],"potions_floor_usage":[55,55],"damage_taken":[{"damage":1.0,"enemies":"Cultist","floor":1.0,"turns":3.0},{"damage":0.0,"enemies":"2 Louse","floor":3.0,"turns":3.0},{"damage":7.0,"enemies":"Jaw Worm","floor":4.0,"turns":4.0},{"damage":15.0,"enemies":"3 Sentries","floor":7.0,"turns":3.0},{"damage":0.0,"enemies":"Lots of Slimes","floor":8.0,"turns":2.0},{"damage":27.0,"enemies":"Gremlin Nob","floor":11.0,"turns":4.0},{"damage":21.0,"enemies":"3 Sentries","floor":13.0,"turns":4.0},{"damage":0.0,"enemies":"Slime Boss","floor":16.0,"turns":4.0},{"damage":15.0,"enemies":"3 Byrds","floor":18.0,"turns":4.0},{"damage":11.0,"enemies":"2 Thieves","floor":22.0,"turns":3.0},{"damage":0.0,"enemies":"Slavers","floor":24.0,"turns":1.0},{"damage":6.0,"enemies":"Cultist and Chosen","floor":27.0,"turns":5.0},{"damage":0.0,"enemies":"Shelled Parasite and Fungi","floor":28.0,"turns":3.0},{"damage":27.0,"enemies":"Book of Stabbing","floor":29.0,"turns":5.0},{"damage":0.0,"enemies":"Centurion and Healer","floor":31.0,"turns":4.0},{"damage":63.0,"enemies":"Collector","floor":33.0,"turns":9.0},{"damage":8.0,"enemies":"Orb Walker","floor":35.0,"turns":4.0},{"damage":6.0,"enemies":"3 Darklings","floor":37.0,"turns":4.0},{"damage":0.0,"enemies":"Writhing Mass","floor":39.0,"turns":5.0},{"damage":14.0,"enemies":"Reptomancer","floor":41.0,"turns":6.0},{"damage":0.0,"enemies":"Sphere and 2 Shapes","floor":46.0,"turns":1.0},{"damage":4,"enemies":"4 Shapes","floor":47,"turns":4},{"damage":33,"enemies":"Awakened One","floor":50,"turns":9},{"damage":33,"enemies":"Shield and Spear","floor":54,"turns":7},{"damage":49,"enemies":"The Heart","floor":55,"turns":8}],"seed_played":"-6113831457859447807","potions_obtained":[{"floor":3.0,"key":"SteroidPotion"},{"floor":4.0,"key":"Explosive Potion"},{"floor":8.0,"key":"Ancient Potion"},{"floor":16.0,"key":"SkillPotion"},{"floor":18.0,"key":"SteroidPotion"},{"floor":29.0,"key":"Weak Potion"},{"floor":31.0,"key":"Block Potion"},{"floor":33.0,"key":"SkillPotion"},{"floor":46.0,"key":"Regen Potion"}],"is_trial":false,"path_per_floor":["M","$","M","M","T","R","E","M","T","R","E","R","E","?","R","B",null,"M","?","$","?","M","R","E","R","T","M","M","E","?","M","R","B",null,"M","$","M","?","M","R","E","R","T","?","R","M","M","?","R","B",null,"R","$","E","B",null],"character_chosen":"IRONCLAD","items_purchased":["Evolve","Corruption","Shrug It Off"],"campfire_rested":0,"item_purchase_floors":[20,36,36],"current_hp_per_floor":[55,55,61,60,60,60,51,57,57,57,40,40,37,30,30,36,65,66,66,66,66,70,70,75,75,75,75,75,66,66,75,75,24,62,68,68,75,75,75,75,75,75,75,75,75,75,75,75,75,48,68,68,68,57,54],"gold":81,"neow_bonus":"THREE_RARE_CARDS","is_prod":false,"is_daily":false,"chose_seed":false,"campfire_upgraded":11,"win_rate":0,"timestamp":1556855998,"path_taken":["M","$","M","?","?","R","E","M","T","R","E","R","E","?","R","BOSS","M","?","$","?","M","R","E","R","T","M","M","E","?","M","R","BOSS","M","$","M","?","M","R","E","R","T","?","R","M","M","?","R","BOSS","R","$","E","BOSS"],"build_version":"2019-04-23","purchased_purges":4,"victory":true,"max_hp_per_floor":[75,75,75,75,75,75,75,75,75,75,75,75,75,75,75,75,75,75,75,75,75,75,75,75,75,75,75,75,75,75,75,75,75,75,75,75,75,75,75,75,75,75,75,75,75,75,75,75,75,75,75,75,75,75,75],"card_choices":[{"not_picked":["Double Tap","Brutality"],"picked":"Immolate","floor":0.0},{"not_picked":["Perfected Strike","Flex"],"picked":"Pommel Strike","floor":1.0},{"not_picked":["Seeing Red","Dual Wield"],"picked":"Flame Barrier","floor":3.0},{"not_picked":["Twin Strike","Heavy Blade"],"picked":"Anger","floor":4.0},{"not_picked":["Wild Strike","Hemokinesis","True Grit"],"picked":"SKIP","floor":7.0},{"not_picked":["Wild Strike","Hemokinesis"],"picked":"True Grit","floor":7.0},{"not_picked":["True Grit","Flex"],"picked":"Reaper","floor":8.0},{"not_picked":["Heavy Blade","Shrug It Off"],"picked":"Headbutt","floor":11.0},{"not_picked":["Sever Soul+1","Intimidate"],"picked":"Thunderclap+1","floor":13.0},{"not_picked":["Berserk","Demon Form"],"picked":"Impervious","floor":16.0},{"not_picked":["Thunderclap+1","Infernal Blade","Iron Wave+1"],"picked":"SKIP","floor":18.0},{"not_picked":["Seeing Red","Body Slam+1"],"picked":"Inflame","floor":22.0},{"not_picked":["Flex","Evolve","Rupture"],"picked":"SKIP","floor":24.0},{"not_picked":["Twin Strike+1","Clash+1"],"picked":"Shrug It Off","floor":27.0},{"not_picked":["Twin Strike+1","Havoc"],"picked":"Feel No Pain","floor":28.0},{"not_picked":["Iron Wave+1","Cleave+1"],"picked":"Double Tap","floor":29.0},{"not_picked":["Perfected Strike+1","Heavy Blade+1"],"picked":"Disarm","floor":31.0},{"not_picked":["Impervious","Bludgeon+1"],"picked":"Demon Form","floor":33.0},{"not_picked":["Rupture+1","Pommel Strike+1"],"picked":"Disarm","floor":35.0},{"not_picked":["Cleave+1","Body Slam+1"],"picked":"Sword Boomerang+1","floor":37.0},{"not_picked":["Thunderclap+1","Body Slam+1","Battle Trance"],"picked":"SKIP","floor":39.0},{"not_picked":["Spot Weakness+1","Rampage+1"],"picked":"Uppercut+1","floor":41.0},{"not_picked":["Iron Wave+1","Anger+1","Whirlwind+1"],"picked":"SKIP","floor":46.0},{"not_picked":["Inflame","Intimidate","Thunderclap+1"],"picked":"SKIP","floor":47},{"not_picked":["Pommel Strike+1","Burning Pact"],"picked":"Shockwave","floor":54}],"player_experience":2484175,"relics_obtained":[{"floor":5.0,"key":"Sundial"},{"floor":7.0,"key":"Juzu Bracelet"},{"floor":9.0,"key":"Anchor"},{"floor":11.0,"key":"Molten Egg 2"},{"floor":13.0,"key":"Boot"},{"floor":24.0,"key":"War Paint"},{"floor":26.0,"key":"Vajra"},{"floor":29.0,"key":"Ornamental Fan"},{"floor":41.0,"key":"Bottled Lightning"},{"floor":54,"key":"Centennial Puzzle"}],"event_choices":[{"cards_removed":["Strike_R"],"damage_healed":0.0,"max_hp_gain":0.0,"max_hp_loss":0.0,"gold_gain":0.0,"event_name":"Golden Wing","player_choice":"Card Removal","floor":14.0,"gold_loss":0.0,"damage_taken":7.0},{"damage_healed":0.0,"max_hp_gain":0.0,"max_hp_loss":0.0,"gold_gain":0.0,"event_name":"Lab","player_choice":"Got Potions","floor":19.0,"gold_loss":0.0,"damage_taken":0.0},{"damage_healed":0.0,"max_hp_gain":0.0,"max_hp_loss":0.0,"gold_gain":0.0,"event_name":"The Library","player_choice":"Read","floor":21.0,"gold_loss":0.0,"damage_taken":0.0,"cards_obtained":["Clothesline"]},{"cards_removed":["Strike_R"],"damage_healed":0.0,"max_hp_gain":0.0,"max_hp_loss":0.0,"gold_gain":0.0,"event_name":"Beggar","player_choice":"Gave Gold","floor":30.0,"gold_loss":75.0,"damage_taken":0.0},{"damage_healed":0.0,"max_hp_gain":0.0,"max_hp_loss":0.0,"gold_gain":0.0,"event_name":"Match and Keep!","player_choice":"1 cards matched","floor":38.0,"gold_loss":0.0,"damage_taken":0.0,"cards_obtained":["Power Through"]},{"damage_healed":0.0,"max_hp_gain":0.0,"max_hp_loss":0.0,"gold_gain":0.0,"event_name":"Upgrade Shrine","player_choice":"Upgraded","floor":44.0,"gold_loss":0.0,"damage_taken":0.0,"cards_upgraded":["Demon Form"]},{"damage_healed":0,"gold_gain":50,"player_choice":"Pray","damage_taken":0,"max_hp_gain":0,"max_hp_loss":0,"event_name":"Golden Shrine","floor":48,"gold_loss":0}],"is_beta":true,"boss_relics":[{"not_picked":["Orrery","Runic Pyramid"],"picked":"Snecko Eye"},{"not_picked":["Astrolabe","Runic Cube"],"picked":"Coffee Dripper"}],"items_purged_floors":[2,20,36,53],"is_endless":false,"potions_floor_spawned":[3,4,7,8,16,18,24,29,31,33,41,46,54],"ascension_level":15}