{"gold_per_floor":[109,127,127,143,154,154,214,37,37,37,37,37,66,128,140,224,236,268,280,342,354,376,388,413,425,507,519,330,347,347],"floor_reached":30,"playtime":1800,"items_purged":["Strike_G"],"score":472,"play_id":"8d0b8435-25e4-42af-80ca-8e2d80a165f8","local_time":"20181030162241","is_ascension_mode":true,"campfire_choices":[{"data":"Neutralize","floor":6.0,"key":"SMITH"},{"data":"Tools of the Trade","floor":10.0,"key":"SMITH"},{"data":"Dagger Spray","floor":12.0,"key":"SMITH"},{"data":"Cloak And Dagger","floor":15.0,"key":"SMITH"},{"data":"Adrenaline","floor":23.0,"key":"SMITH"},{"data":"Leg Sweep","floor":25.0,"key":"SMITH"},{"floor":27.0,"key":"REST"}],"neow_cost":"NONE","seed_source_timestamp":0,"circlet_count":0,"master_deck":["Defend_G","Defend_G","Defend_G","Defend_G","Defend_G","Strike_G","Strike_G","Strike_G","Survivor","Neutralize+1","AscendersBane","Dagger Spray+1","Poisoned Stab","Dagger Throw","Tools of the Trade+1","Cloak And Dagger+1","Adrenaline+1","Sucker Punch","Dodge and Roll+1","Leg Sweep+1","Noxious Fumes","Cloak And Dagger","A Thousand Cuts"],"special_seed":0,"relics":["Ring of the Serpent","Tiny Chest","Oddly Smooth Stone","Pantograph","MawBank","Ninja Scroll","Torii","Pear"],"potions_floor_usage":[30],"damage_taken":[{"damage":2.0,"enemies":"Small Slimes","floor":1.0,"turns":4.0},{"damage":1.0,"enemies":"2 Louse","floor":2.0,"turns":3.0},{"damage":3.0,"enemies":"Cultist","floor":4.0,"turns":4.0},{"damage":3.0,"enemies":"2 Fungi Beasts","floor":5.0,"turns":4.0},{"damage":18.0,"enemies":"3 Sentries","floor":7.0,"turns":8.0},{"damage":18.0,"enemies":"Gremlin Nob","floor":13.0,"turns":4.0},{"damage":31.0,"enemies":"The Guardian","floor":16.0,"turns":17.0},{"damage":21.0,"enemies":"Chosen","floor":18.0,"turns":6.0},{"damage":3.0,"enemies":"Shell Parasite","floor":22.0,"turns":12.0},{"damage":0.0,"enemies":"Centurion and Healer","floor":24.0,"turns":7.0},{"damage":13.0,"enemies":"3 Cultists","floor":29.0,"turns":6.0},{"damage":47,"enemies":"Gremlin Leader","floor":30,"turns":6}],"seed_played":"7672588154809404682","potions_obtained":[{"floor":2.0,"key":"PowerPotion"},{"floor":4.0,"key":"AttackPotion"},{"floor":13.0,"key":"Strength Potion"},{"floor":16.0,"key":"AttackPotion"},{"floor":18.0,"key":"FearPotion"},{"floor":24.0,"key":"Poison Potion"}],"is_trial":false,"path_per_floor":["M","M","?","M","M","R","E","$","T","R","?","R","E","?","R","B",null,"M","T","?","T","M","R","M","R","T","R","$","M"],"character_chosen":"THE_SILENT","items_purchased":["Tools of the Trade","Noxious Fumes","Cloak And Dagger"],"campfire_rested":1,"item_purchase_floors":[8,28,28],"current_hp_per_floor":[57,56,56,53,50,50,32,32,32,32,32,32,14,14,14,8,52,31,31,31,31,28,28,28,28,38,60,60,47,0],"gold":347,"neow_bonus":"THREE_CARDS","is_prod":false,"is_daily":false,"chose_seed":false,"campfire_upgraded":6,"win_rate":0,"timestamp":1540941761,"path_taken":["M","M","?","M","M","R","E","?","T","R","?","R","E","?","R","BOSS","M","?","?","?","?","R","M","R","T","R","$","?","E"],"build_version":"2018-10-29v2","purchased_purges":1,"victory":false,"max_hp_per_floor":[66,66,66,66,66,66,66,66,66,66,66,66,66,66,66,66,66,66,66,66,66,66,66,66,66,76,76,76,76,76],"card_choices":[{"not_picked":["Blade Dance","Slice"],"picked":"Dagger Spray","floor":0.0},{"not_picked":["Slice","Underhanded Strike","Expertise"],"picked":"SKIP","floor":1.0},{"not_picked":["Blade Dance","Tactician"],"picked":"Poisoned Stab","floor":2.0},{"not_picked":["Deadly Poison","Prepared"],"picked":"Dagger Throw","floor":4.0},{"not_picked":["Choke","Deflect","Reflex"],"picked":"SKIP","floor":5.0},{"not_picked":["Dagger Throw","Catalyst","Heel Hook"],"picked":"SKIP","floor":7.0},{"not_picked":["Underhanded Strike","Prepared"],"picked":"Cloak And Dagger","floor":13.0},{"not_picked":["Storm of Steel","Wraith Form v2"],"picked":"Adrenaline","floor":16.0},{"not_picked":["PiercingWail","Outmaneuver"],"picked":"Sucker Punch","floor":18.0},{"not_picked":["Riddle With Holes","Finisher"],"picked":"Dodge and Roll+1","floor":22.0},{"not_picked":["Quick Slash","Bane"],"picked":"Leg Sweep","floor":24.0},{"not_picked":["Dodge and Roll","Sucker Punch"],"picked":"A Thousand Cuts","floor":29.0}],"player_experience":944663,"relics_obtained":[{"floor":7.0,"key":"Tiny Chest"},{"floor":9.0,"key":"Oddly Smooth Stone"},{"floor":13.0,"key":"MawBank"},{"floor":19.0,"key":"Ninja Scroll"},{"floor":21.0,"key":"Torii"},{"floor":26.0,"key":"Pear"}],"event_choices":[{"cards_removed":["Strike_G"],"damage_healed":0.0,"max_hp_gain":0.0,"max_hp_loss":0.0,"gold_gain":0.0,"event_name":"Living Wall","player_choice":"Forget","floor":3.0,"gold_loss":0.0,"damage_taken":0.0},{"damage_healed":0.0,"max_hp_gain":0.0,"max_hp_loss":0.0,"gold_gain":0.0,"event_name":"Dead Adventurer","player_choice":"Searched \u00271\u0027 times","floor":11.0,"gold_loss":0.0,"damage_taken":0.0,"relics_obtained":["Pantograph"]},{"damage_healed":0.0,"max_hp_gain":0.0,"max_hp_loss":0.0,"gold_gain":100.0,"event_name":"Golden Shrine","player_choice":"Pray","floor":14.0,"gold_loss":0.0,"damage_taken":0.0},{"damage_healed":0.0,"max_hp_gain":0.0,"max_hp_loss":0.0,"gold_gain":50.0,"event_name":"Nest","player_choice":"Stole From Cult","floor":20.0,"gold_loss":0.0,"damage_taken":0.0}],"is_beta":true,"boss_relics":[{"not_picked":["Lizard Tail","White Beast Statue"],"picked":"Ring of the Serpent"}],"items_purged_floors":[28],"is_endless":false,"potions_floor_spawned":[2,4,5,13,16,18,24,29],"killed_by":"Gremlin Leader","ascension_level":20}