{"path_per_floor":["M","?","M","M","?","R","?","R","T","E","R","?","M","?","R","B",null,"M","$","M","?","?","R","M","M","T"],"character_chosen":"IRONCLAD","items_purchased":["Evolve","Pantograph","Shrug It Off"],"gold_per_floor":[110,110,126,138,138,138,138,138,165,195,195,260,279,279,279,356,356,367,20,30,30,30,30,43,53,53,53],"floor_reached":27,"campfire_rested":1,"playtime":987,"current_hp_per_floor":[70,70,60,62,62,62,62,62,62,52,52,41,45,70,70,34,65,62,62,58,37,16,40,16,8,8,0],"items_purged":[],"gold":53,"score":369,"play_id":"2f859cd5-8a6b-4383-9a48-baaa94a3826c","local_time":"20180416211615","is_prod":false,"is_daily":false,"chose_seed":false,"is_ascension_mode":true,"campfire_upgraded":4,"timestamp":1523938575,"path_taken":["M","?","M","?","?","R","?","R","T","E","R","?","M","?","R","BOSS","M","$","M","?","?","R","M","?","T","M"],"build_version":"2018-04-12","seed_source_timestamp":432091906087324,"purchased_purges":0,"victory":false,"master_deck":["Strike_R","Strike_R","Strike_R","Defend_R","Defend_R","Defend_R","Defend_R","Bash+1","AscendersBane","Offering","Reckless Charge","Havoc+1","Headbutt+1","Rampage+1","Feel No Pain+1","Flex","Exhume","Pommel Strike","Body Slam","Metallicize","Warcry","Intimidate","Evolve","Shrug It Off","Necronomicurse","Metallicize","Flame Barrier"],"max_hp_per_floor":[75,75,75,75,75,75,75,75,75,75,75,75,75,75,75,75,75,75,75,75,75,80,80,80,80,80,80],"relics":["Burning Blood","Oddly Smooth Stone","Blood Vial","Mercury Hourglass","Orrery","Pantograph","Necronomicon","Shuriken"],"card_choices":[{"not_picked":["Sentinel","Evolve"],"picked":"Reckless Charge","floor":1},{"not_picked":["Heavy Blade","Second Wind"],"picked":"Havoc","floor":3},{"not_picked":["Havoc","Uppercut"],"picked":"Headbutt","floor":4},{"not_picked":["Twin Strike","Clothesline"],"picked":"Rampage","floor":10},{"not_picked":["True Grit","Dark Embrace"],"picked":"Feel No Pain","floor":12},{"not_picked":["Fire Breathing","Havoc"],"picked":"Flex","floor":13},{"not_picked":["Impervious","Bludgeon"],"picked":"Exhume","floor":16},{"not_picked":["Searing Blow","Anger"],"picked":"Pommel Strike","floor":17},{"not_picked":["Second Wind","Havoc"],"picked":"Body Slam","floor":17},{"not_picked":["Sever Soul","Clothesline"],"picked":"Metallicize","floor":17},{"not_picked":["Clash","Shockwave"],"picked":"Warcry","floor":17},{"not_picked":["Pommel Strike","Heavy Blade"],"picked":"Intimidate","floor":18},{"not_picked":["Sword Boomerang","Hemokinesis"],"picked":"Metallicize","floor":24},{"not_picked":["Flex","Spot Weakness"],"picked":"Flame Barrier","floor":25}],"player_experience":491200,"potions_floor_usage":[12,18,24,25,27],"damage_taken":[{"damage":4,"enemies":"Small Slimes","floor":1,"turns":3},{"damage":16,"enemies":"Jaw Worm","floor":3,"turns":5},{"damage":4,"enemies":"2 Louse","floor":4,"turns":2},{"damage":16,"enemies":"3 Sentries","floor":10,"turns":9},{"damage":19,"enemies":"Lagavulin Event","floor":12,"turns":3},{"damage":4,"enemies":"Gremlin Gang","floor":13,"turns":4},{"damage":44,"enemies":"The Guardian","floor":16,"turns":9},{"damage":11,"enemies":"Chosen","floor":18,"turns":4},{"damage":12,"enemies":"2 Thieves","floor":20,"turns":4},{"damage":44,"enemies":"Sentry and Sphere","floor":24,"turns":6},{"damage":16,"enemies":"3 Cultists","floor":25,"turns":6},{"damage":14,"enemies":"Snake Plant","floor":27,"turns":2}],"event_choices":[{"event_name":"Shining Light","player_choice":"Ignored","floor":2,"damage_taken":0},{"event_name":"Living Wall","player_choice":"Grow","floor":5,"damage_taken":0},{"event_name":"Bonfire Elementals","player_choice":"BASIC","floor":7,"damage_taken":0},{"event_name":"Dead Adventurer","player_choice":"Searched \u00272\u0027 times","floor":12,"damage_taken":0},{"event_name":"Big Fish","player_choice":"Banana","floor":14,"damage_taken":0},{"event_name":"Cursed Tome","player_choice":"Obtained Book","floor":21,"damage_taken":0},{"event_name":"Forgotten Altar","player_choice":"Shed Blood","floor":22,"damage_taken":0}],"boss_relics":[{"not_picked":["Pandora\u0027s Box","Mark of Pain"],"picked":"Orrery"}],"potions_floor_spawned":[1,10,16,18,20],"seed_played":"-3231043587452118673","killed_by":"Snake Plant","ascension_level":15,"is_trial":false}