{"gold_per_floor":[19,31,44,58,23,23,54,54,78,106,123,134,134,173,173,267,267,286,311,361,375,398,398,431,451,451,451,476,499,499,512,512,512],"floor_reached":33,"playtime":2105,"items_purged":[],"score":636,"play_id":"7087eecb-4670-4cab-a1f1-8826b94ba790","local_time":"20190507160532","is_ascension_mode":true,"campfire_choices":[{"data":"Hyperbeam","floor":6,"key":"SMITH"},{"data":"Sweeping Beam","floor":8,"key":"SMITH"},{"data":"Beam Cell","floor":15,"key":"SMITH"},{"floor":23,"key":"REST"},{"floor":27,"key":"REST"},{"floor":30,"key":"REST"},{"data":"Fission","floor":32,"key":"SMITH"}],"neow_cost":"NO_GOLD","seed_source_timestamp":18849597571231,"circlet_count":0,"master_deck":["AscendersBane","Strike_B","Strike_B","Strike_B","Strike_B","Defend_B","Defend_B","Defend_B","Defend_B","Zap","Dualcast","Hyperbeam+1","BootSequence","Sweeping Beam+1","Ball Lightning","Ball Lightning","Defragment","Beam Cell+1","Steam","Hologram","Fission+1","Cold Snap","Coolheaded","Leap","Chill+1","Stack"],"relics":["Cracked Core","Happy Flower","Pen Nib","Regal Pillow","Golden Idol","Centennial Puzzle","Nuclear Battery","WingedGreaves","Emotion Chip"],"potions_floor_usage":[7,16,24,24,31,33],"damage_taken":[{"damage":0,"enemies":"Small Slimes","floor":1,"turns":2},{"damage":0,"enemies":"2 Louse","floor":2,"turns":1},{"damage":0,"enemies":"Cultist","floor":3,"turns":3},{"damage":0,"enemies":"Blue Slaver","floor":4,"turns":2},{"damage":8,"enemies":"Gremlin Nob","floor":7,"turns":3},{"damage":15,"enemies":"Lagavulin","floor":10,"turns":6},{"damage":0,"enemies":"Exordium Wildlife","floor":11,"turns":2},{"damage":0,"enemies":"Exordium Thugs","floor":12,"turns":2},{"damage":8,"enemies":"Gremlin Nob","floor":14,"turns":3},{"damage":9,"enemies":"Hexaghost","floor":16,"turns":9},{"damage":0,"enemies":"Spheric Guardian","floor":18,"turns":3},{"damage":10,"enemies":"3 Byrds","floor":19,"turns":3},{"damage":21,"enemies":"Snake Plant","floor":21,"turns":3},{"damage":0,"enemies":"Centurion and Healer","floor":22,"turns":3},{"damage":20,"enemies":"Gremlin Leader","floor":24,"turns":4},{"damage":19,"enemies":"3 Cultists","floor":25,"turns":4},{"damage":22,"enemies":"Sentry and Sphere","floor":28,"turns":4},{"damage":30,"enemies":"Snecko","floor":29,"turns":7},{"damage":20,"enemies":"Shelled Parasite and Fungi","floor":31,"turns":4},{"damage":35,"enemies":"Champ","floor":33,"turns":11}],"seed_played":"3070446603935330099","potions_obtained":[{"floor":1,"key":"Fire Potion"},{"floor":3,"key":"Explosive Potion"},{"floor":11,"key":"Block Potion"},{"floor":14,"key":"Ancient Potion"},{"floor":18,"key":"Swift Potion"},{"floor":24,"key":"Regen Potion"},{"floor":31,"key":"SkillPotion"}],"is_trial":false,"path_per_floor":["M","M","M","M","?","R","E","R","T","E","M","M","?","E","R","B",null,"M","M","?","M","M","R","E","M","T","R","M","M","R","M","R","B"],"character_chosen":"DEFECT","items_purchased":[],"campfire_rested":3,"item_purchase_floors":[],"current_hp_per_floor":[64,64,64,64,71,71,63,63,63,48,48,48,24,16,16,7,55,55,45,45,24,24,60,40,21,21,57,35,5,41,33,33,0],"gold":512,"neow_bonus":"THREE_RARE_CARDS","is_prod":false,"is_daily":false,"chose_seed":false,"campfire_upgraded":4,"win_rate":0,"timestamp":1557237932,"path_taken":["M","M","M","M","?","R","E","R","T","E","M","M","?","E","R","BOSS","M","M","?","M","M","R","E","M","T","R","M","M","R","?","R","BOSS"],"build_version":"2019-01-23","purchased_purges":0,"victory":false,"max_hp_per_floor":[71,71,71,71,71,71,71,71,71,71,71,71,71,71,71,71,71,71,71,71,71,71,71,71,71,71,71,71,71,71,71,71,71],"card_choices":[{"not_picked":["Multi-Cast","Meteor Strike"],"picked":"Hyperbeam","floor":0},{"not_picked":["Double Energy","Gash"],"picked":"BootSequence","floor":1},{"not_picked":["Streamline","Melter","Reprogram"],"picked":"SKIP","floor":2},{"not_picked":["Steam","Melter"],"picked":"Sweeping Beam","floor":3},{"not_picked":["Go for the Eyes","Blizzard"],"picked":"Ball Lightning","floor":4},{"not_picked":["Turbo","Sunder"],"picked":"Ball Lightning","floor":7},{"not_picked":["Rip and Tear","Sweeping Beam"],"picked":"Defragment","floor":10},{"not_picked":["Double Energy","Gash"],"picked":"Beam Cell","floor":11},{"not_picked":["Barrage","Ball Lightning"],"picked":"Steam","floor":12},{"not_picked":["Defragment","Blizzard"],"picked":"Hologram","floor":14},{"not_picked":["Reboot","Amplify"],"picked":"Fission","floor":16},{"not_picked":["Reprogram","Steam"],"picked":"Cold Snap","floor":18},{"not_picked":["Redo","Streamline"],"picked":"Coolheaded","floor":19},{"not_picked":["Steam","Sunder"],"picked":"Leap","floor":21},{"not_picked":["Turbo","Blizzard","Ball Lightning"],"picked":"SKIP","floor":22},{"not_picked":["Doom and Gloom","Scrape","Streamline"],"picked":"SKIP","floor":24},{"not_picked":["Storm","Compile Driver","Turbo"],"picked":"SKIP","floor":25},{"not_picked":["Sweeping Beam+1","Beam Cell"],"picked":"Chill+1","floor":28},{"not_picked":["Cold Snap","Genetic Algorithm","All For One"],"picked":"SKIP","floor":29},{"not_picked":["Gash","Undo"],"picked":"Stack","floor":31}],"player_experience":329646,"relics_obtained":[{"floor":7,"key":"Happy Flower"},{"floor":9,"key":"Pen Nib"},{"floor":10,"key":"Regal Pillow"},{"floor":14,"key":"Centennial Puzzle"},{"floor":24,"key":"WingedGreaves"},{"floor":26,"key":"Emotion Chip"}],"event_choices":[{"damage_healed":17,"gold_gain":0,"player_choice":"Healed","damage_taken":0,"max_hp_gain":0,"max_hp_loss":0,"event_name":"The Cleric","floor":5,"gold_loss":35},{"damage_healed":0,"gold_gain":0,"player_choice":"Take Damage","damage_taken":24,"relics_obtained":["Golden Idol"],"max_hp_gain":0,"max_hp_loss":0,"event_name":"Golden Idol","floor":13,"gold_loss":0},{"damage_healed":0,"gold_gain":50,"player_choice":"Pray","damage_taken":0,"max_hp_gain":0,"max_hp_loss":0,"event_name":"Golden Shrine","floor":20,"gold_loss":0}],"is_beta":false,"boss_relics":[{"not_picked":["FrozenCore","Coffee Dripper"],"picked":"Nuclear Battery"}],"items_purged_floors":[],"is_endless":false,"potions_floor_spawned":[1,3,11,14,18,21,24,31],"killed_by":"Champ","ascension_level":20}