{"gold_per_floor":[117,130,148,148,168,168,182,213,290,290,315,329,329,340,340,435,435,447,36,51,51,66,66,80,80,80,45,45,64,81,81,81,81],"floor_reached":33,"playtime":3134,"items_purged":["Heatsinks"],"score":430,"play_id":"ad150841-8208-4970-988d-fa5fe98a9ac5","local_time":"20180920220355","is_ascension_mode":true,"campfire_choices":[{"data":"Sweeping Beam","floor":6,"key":"SMITH"},{"floor":10,"key":"REST"},{"data":"Darkness","floor":13,"key":"SMITH"},{"data":"Sweeping Beam","floor":15,"key":"SMITH"},{"floor":23,"key":"REST"},{"floor":25,"key":"REST"},{"floor":28,"key":"REST"},{"floor":32,"key":"REST"}],"neow_cost":"TEN_PERCENT_HP_LOSS","seed_source_timestamp":1217326538795296,"circlet_count":0,"master_deck":["Zap","Dualcast","AscendersBane","Double Energy","Steam Power","Steam","Sweeping Beam+1","Sweeping Beam+1","Go for the Eyes","Reboot","Darkness+1","White Noise","Auto Shields","Steam","Seek","Defragment","Turbo","Skim","Barrage","Steam","Leap","Ball Lightning","Cold Snap","Consume","Melter","Coolheaded"],"relics":["Cracked Core","Pantograph","Darkstone Periapt","Mango","Pandora\u0027s Box","Shuriken","Strawberry","Matryoshka"],"potions_floor_usage":[8,16,18,33,33],"damage_taken":[{"damage":15,"enemies":"Small Slimes","floor":1,"turns":3},{"damage":2,"enemies":"Jaw Worm","floor":2,"turns":3},{"damage":1,"enemies":"Cultist","floor":3,"turns":3},{"damage":3,"enemies":"Blue Slaver","floor":5,"turns":3},{"damage":1,"enemies":"3 Louse","floor":7,"turns":3},{"damage":19,"enemies":"Lagavulin","floor":8,"turns":7},{"damage":23,"enemies":"Gremlin Nob","floor":11,"turns":4},{"damage":0,"enemies":"Gremlin Gang","floor":12,"turns":1},{"damage":2,"enemies":"Large Slime","floor":14,"turns":4},{"damage":11,"enemies":"Hexaghost","floor":16,"turns":8},{"damage":18,"enemies":"Shell Parasite","floor":18,"turns":4},{"damage":15,"enemies":"Spheric Guardian","floor":20,"turns":4},{"damage":38,"enemies":"Shelled Parasite and Fungi","floor":22,"turns":10},{"damage":41,"enemies":"Snecko","floor":24,"turns":6},{"damage":27,"enemies":"Centurion and Healer","floor":29,"turns":4},{"damage":18,"enemies":"3 Cultists","floor":30,"turns":4},{"damage":77,"enemies":"Collector","floor":33,"turns":8}],"seed_played":"5670682757729356253","potions_obtained":[{"floor":1,"key":"FearPotion"},{"floor":8,"key":"Strength Potion"},{"floor":11,"key":"Weak Potion"},{"floor":18,"key":"Fruit Juice"}],"is_trial":false,"path_per_floor":["M","M","M","?","M","R","M","E","T","R","E","M","R","M","R","B",null,"M","$","M","?","M","R","M","R","T","$","R","M","M","?","R"],"character_chosen":"DEFECT","items_purchased":["Shuriken","FocusPotion","Consume"],"campfire_rested":5,"item_purchase_floors":[19,19,27],"current_hp_per_floor":[53,51,50,50,47,47,46,27,27,47,38,38,38,36,36,50,74,61,61,46,53,15,43,2,30,30,30,58,31,13,13,41,0],"gold":81,"neow_bonus":"TRANSFORM_TWO_CARDS","is_prod":false,"is_daily":false,"chose_seed":false,"campfire_upgraded":3,"win_rate":0,"timestamp":1537495435,"path_taken":["M","M","M","?","M","R","M","E","T","R","E","M","R","?","R","BOSS","M","$","M","?","M","R","M","R","T","$","R","M","M","?","R","BOSS"],"build_version":"2018-09-20","purchased_purges":1,"victory":false,"max_hp_per_floor":[68,68,68,68,68,68,68,68,68,68,82,82,82,82,82,82,82,87,87,87,94,94,94,94,94,94,94,94,94,94,94,94,94],"card_choices":[{"not_picked":["Sunder","Leap"],"picked":"Steam","floor":1},{"not_picked":["Blizzard","Turbo"],"picked":"Sweeping Beam","floor":2},{"not_picked":["Hologram","Reprogram"],"picked":"Sweeping Beam","floor":3},{"not_picked":["Fusion","Lockon"],"picked":"Go for the Eyes","floor":5},{"not_picked":["Compile Driver","Fusion"],"picked":"Reboot","floor":7},{"not_picked":["Turbo","Stack"],"picked":"Darkness","floor":8},{"not_picked":["Stack","Tempest"],"picked":"White Noise","floor":11},{"not_picked":["Leap","Steam"],"picked":"Auto Shields","floor":12},{"not_picked":["Turbo","Loop"],"picked":"Steam","floor":14},{"not_picked":["Reboot","Meteor Strike"],"picked":"Seek","floor":16},{"not_picked":["Compile Driver","Storm+1"],"picked":"Steam","floor":18},{"not_picked":["Auto Shields","Aggregate"],"picked":"Leap","floor":20},{"not_picked":["Hello World+1","Redo"],"picked":"Ball Lightning","floor":22},{"not_picked":["Reboot","Rebound"],"picked":"Cold Snap","floor":24},{"not_picked":["Rebound","Reprogram"],"picked":"Melter","floor":29},{"not_picked":["Rebound","Steam","Static Discharge"],"picked":"SKIP","floor":30}],"player_experience":465058,"relics_obtained":[{"floor":8,"key":"Pantograph"},{"floor":9,"key":"Darkstone Periapt"},{"floor":11,"key":"Mango"},{"floor":26,"key":"Matryoshka"}],"event_choices":[{"event_name":"Liars Game","player_choice":"disagreed","floor":4,"damage_taken":0},{"event_name":"The Mausoleum","player_choice":"Yes","floor":21,"damage_taken":0},{"event_name":"Transmorgrifier","player_choice":"Transform","floor":31,"damage_taken":0}],"is_beta":false,"boss_relics":[{"not_picked":["Orrery","Runic Dome"],"picked":"Pandora\u0027s Box"}],"items_purged_floors":[19],"is_endless":false,"potions_floor_spawned":[1,8,11,18,22,29],"killed_by":"Collector","ascension_level":11}