{"gold_per_floor":[112,130,130,141,156,184,184,218,218,253,253,273,308,308,308,382,382,399,399,399,153,153,188,103,128,213,213,231,231,242,242,242,317,317,333,350,350,95,109,138,193,208,255,285,295,311,311,326,326,326,326,326,91,116,116],"floor_reached":56,"playtime":2397,"items_purged":["Bite","Defend_R","Twin Strike"],"score":2219,"play_id":"015e742d-db50-4491-ac1b-0e2058c71dfb","local_time":"20190315131424","is_ascension_mode":true,"campfire_choices":[{"data":"Bash","floor":7,"key":"SMITH"},{"data":"Armaments","floor":11,"key":"SMITH"},{"data":"Feed","floor":15,"key":"SMITH"},{"data":"Disarm","floor":27,"key":"SMITH"},{"data":"True Grit","floor":32,"key":"SMITH"},{"floor":47,"key":"RECALL"},{"data":"Shockwave","floor":49,"key":"SMITH"},{"data":"Demon Form","floor":52,"key":"SMITH"}],"neow_cost":"NONE","seed_source_timestamp":178363218490750,"circlet_count":0,"master_deck":["AscendersBane","Defend_R","Defend_R","Defend_R","Bash+1","Armaments+1","Pommel Strike","Flame Barrier","Battle Trance","Disarm+1","Feed+1","Immolate","Spot Weakness+1","Necronomicurse","Bite","Bite","Bite","Bite","Headbutt","Impervious","Uppercut","True Grit+1","Barricade","Dark Embrace","Shrug It Off","Demon Form+1","Shockwave+1","Flame Barrier","Heavy Blade"],"relics":["Burning Blood","Boot","Matryoshka","Centennial Puzzle","Gremlin Horn","Self Forming Clay","Juzu Bracelet","Bottled Lightning","Sozu","Necronomicon","Membership Card","MutagenicStrength","Kunai","Dream Catcher","Blood Vial","Tiny Chest","Smiling Mask","Mercury Hourglass","Snecko Eye","Pear","Pen Nib","Lantern","Bird Faced Urn","Bronze Scales","Mummified Hand","Turnip"],"potions_floor_usage":[6,8,10,13,55],"damage_taken":[{"damage":11,"enemies":"Cultist","floor":1,"turns":4},{"damage":7,"enemies":"Small Slimes","floor":2,"turns":3},{"damage":0,"enemies":"2 Louse","floor":4,"turns":3},{"damage":13,"enemies":"Large Slime","floor":5,"turns":6},{"damage":8,"enemies":"3 Sentries","floor":6,"turns":8},{"damage":24,"enemies":"Gremlin Nob","floor":8,"turns":5},{"damage":2,"enemies":"Lagavulin","floor":10,"turns":8},{"damage":1,"enemies":"2 Fungi Beasts","floor":12,"turns":3},{"damage":0,"enemies":"Gremlin Nob","floor":13,"turns":2},{"damage":47,"enemies":"Hexaghost","floor":16,"turns":14},{"damage":13,"enemies":"Shell Parasite","floor":18,"turns":5},{"damage":0,"enemies":"Gremlin Leader","floor":23,"turns":5},{"damage":33,"enemies":"Book of Stabbing","floor":25,"turns":4},{"damage":14,"enemies":"2 Thieves","floor":28,"turns":3},{"damage":0,"enemies":"Snake Plant","floor":30,"turns":4},{"damage":38,"enemies":"Champ","floor":33,"turns":10},{"damage":0,"enemies":"Orb Walker","floor":35,"turns":2},{"damage":3,"enemies":"3 Shapes","floor":36,"turns":4},{"damage":16,"enemies":"Maw","floor":39,"turns":6},{"damage":20,"enemies":"Nemesis","floor":40,"turns":7},{"damage":18,"enemies":"2 Orb Walkers","floor":41,"turns":4},{"damage":26,"enemies":"Sphere and 2 Shapes","floor":42,"turns":6},{"damage":6,"enemies":"Giant Head","floor":44,"turns":8},{"damage":8,"enemies":"Spire Growth","floor":45,"turns":7},{"damage":5,"enemies":"Writhing Mass","floor":46,"turns":7},{"damage":2,"enemies":"Sphere and 2 Shapes","floor":48,"turns":11},{"damage":29,"enemies":"Awakened One","floor":50,"turns":9},{"damage":10,"enemies":"Shield and Spear","floor":54,"turns":4},{"damage":26,"enemies":"The Heart","floor":55,"turns":8}],"seed_played":"8449497040410655643","potions_obtained":[{"floor":2,"key":"PowerPotion"},{"floor":6,"key":"EssenceOfSteel"},{"floor":8,"key":"Strength Potion"},{"floor":10,"key":"AttackPotion"},{"floor":12,"key":"EntropicBrew"},{"floor":14,"key":"Ancient Potion"}],"is_trial":false,"path_per_floor":["M","M","?","M","M","E","R","E","T","E","R","M","E","?","R","B",null,"M","?","?","$","?","E","?","E","T","R","M","?","M","?","R","B",null,"M","M","?","$","M","E","?","M","T","E","M","M","R","M","R","B",null,"R","$","E","B",null],"character_chosen":"IRONCLAD","items_purchased":["Membership Card","Headbutt","Pear","Pen Nib","Mummified Hand","Flame Barrier","Heavy Blade"],"campfire_rested":0,"item_purchase_floors":[21,21,38,38,53,53,53],"current_hp_per_floor":[63,62,55,61,54,52,52,34,34,38,38,43,49,49,49,8,58,55,34,34,34,34,49,49,33,33,33,30,30,48,48,48,38,60,71,75,75,85,85,77,69,69,69,93,97,101,101,105,105,109,109,109,109,111,100],"gold":116,"neow_bonus":"RANDOM_COMMON_RELIC","is_prod":false,"is_daily":false,"chose_seed":false,"campfire_upgraded":7,"win_rate":0,"timestamp":1552670064,"path_taken":["M","M","?","M","M","E","R","E","T","E","R","M","E","?","R","BOSS","M","?","?","$","?","E","?","E","T","R","M","?","M","?","R","BOSS","M","M","?","$","M","E","?","M","T","E","M","M","R","M","R","BOSS","R","$","E","BOSS"],"build_version":"2019-02-06","purchased_purges":3,"victory":true,"max_hp_per_floor":[75,75,75,75,75,75,75,75,75,75,75,75,75,75,75,75,75,79,79,55,55,55,55,55,59,59,59,59,59,63,63,63,67,67,71,75,75,85,89,89,89,93,93,93,97,101,101,105,105,109,109,109,109,113,117],"card_choices":[{"not_picked":["Ghostly Armor","Flex"],"picked":"Twin Strike","floor":1},{"not_picked":["Pommel Strike","Clothesline"],"picked":"Armaments","floor":2},{"not_picked":["Pummel","Corruption"],"picked":"Pommel Strike","floor":4},{"not_picked":["Infernal Blade","Headbutt"],"picked":"Flame Barrier","floor":5},{"not_picked":["Shockwave","Metallicize"],"picked":"Battle Trance","floor":6},{"not_picked":["Headbutt","Cleave"],"picked":"Disarm","floor":8},{"not_picked":["Anger","Pommel Strike","Twin Strike"],"picked":"SKIP","floor":10},{"not_picked":["Sword Boomerang","Sentinel","Clash"],"picked":"SKIP","floor":12},{"not_picked":["Rupture","Bloodletting"],"picked":"Feed","floor":13},{"not_picked":["Dark Embrace","Offering"],"picked":"Immolate","floor":16},{"not_picked":["Ghostly Armor","Anger"],"picked":"Spot Weakness+1","floor":18},{"not_picked":["Iron Wave","Cleave","Twin Strike"],"picked":"SKIP","floor":23},{"not_picked":["Armaments","Body Slam+1","Clash"],"picked":"SKIP","floor":25},{"not_picked":["Heavy Blade","Bloodletting"],"picked":"Impervious","floor":28},{"not_picked":["Havoc","Sever Soul+1"],"picked":"True Grit","floor":30},{"not_picked":["Feed","Juggernaut"],"picked":"Barricade","floor":33},{"not_picked":["Dropkick","Flex","Bloodletting"],"picked":"SKIP","floor":35},{"not_picked":["Rampage+1","Thunderclap","Perfected Strike"],"picked":"SKIP","floor":36},{"not_picked":["Clash+1","Body Slam","Heavy Blade+1"],"picked":"SKIP","floor":39},{"not_picked":["Warcry","Havoc+1"],"picked":"Dark Embrace","floor":40},{"not_picked":["Havoc","Flex"],"picked":"Shrug It Off","floor":41},{"not_picked":["Pommel Strike","Fire Breathing+1","Hemokinesis"],"picked":"SKIP","floor":42},{"not_picked":["Thunderclap","Immolate"],"picked":"Demon Form","floor":44},{"not_picked":["Thunderclap","Perfected Strike","Searing Blow+1"],"picked":"SKIP","floor":45},{"not_picked":["Rampage","Havoc","Sever Soul"],"picked":"SKIP","floor":46},{"not_picked":["Blood for Blood","Anger"],"picked":"Shockwave","floor":48},{"not_picked":["Rage","Body Slam","Dropkick+1"],"picked":"SKIP","floor":54}],"player_experience":2187374,"relics_obtained":[{"floor":6,"key":"Matryoshka"},{"floor":8,"key":"Centennial Puzzle"},{"floor":9,"key":"Gremlin Horn"},{"floor":9,"key":"Self Forming Clay"},{"floor":10,"key":"Juzu Bracelet"},{"floor":13,"key":"Bottled Lightning"},{"floor":19,"key":"Necronomicon"},{"floor":23,"key":"Kunai"},{"floor":25,"key":"Blood Vial"},{"floor":26,"key":"Tiny Chest"},{"floor":26,"key":"Smiling Mask"},{"floor":31,"key":"Mercury Hourglass"},{"floor":40,"key":"Lantern"},{"floor":41,"key":"Bird Faced Urn"},{"floor":44,"key":"Bronze Scales"},{"floor":54,"key":"Turnip"}],"event_choices":[{"cards_removed":["Strike_R"],"damage_healed":0,"gold_gain":0,"player_choice":"Card Removal","damage_taken":7,"max_hp_gain":0,"max_hp_loss":0,"event_name":"Golden Wing","floor":3,"gold_loss":0},{"damage_healed":0,"gold_gain":0,"player_choice":"Got Potions","damage_taken":0,"max_hp_gain":0,"max_hp_loss":0,"event_name":"Lab","floor":14,"gold_loss":0},{"damage_healed":0,"gold_gain":0,"player_choice":"Obtained Book","damage_taken":21,"max_hp_gain":0,"max_hp_loss":0,"event_name":"Cursed Tome","floor":19,"gold_loss":0},{"damage_healed":0,"gold_gain":0,"player_choice":"Became a vampire","damage_taken":0,"max_hp_gain":0,"max_hp_loss":24,"event_name":"Vampires","floor":20,"gold_loss":0,"cards_obtained":["Bite","Bite","Bite","Bite","Bite"]},{"damage_healed":0,"gold_gain":0,"player_choice":"Inject Mutagens","damage_taken":0,"relics_obtained":["MutagenicStrength"],"max_hp_gain":0,"max_hp_loss":0,"event_name":"Drug Dealer","floor":22,"gold_loss":0},{"damage_healed":0,"gold_gain":0,"player_choice":"Obtained Relic","damage_taken":0,"relics_obtained":["Dream Catcher"],"max_hp_gain":0,"max_hp_loss":0,"event_name":"Addict","floor":24,"gold_loss":85},{"damage_healed":0,"gold_gain":0,"player_choice":"Read","damage_taken":0,"max_hp_gain":0,"max_hp_loss":0,"event_name":"The Library","floor":29,"gold_loss":0,"cards_obtained":["Uppercut"]},{"damage_healed":0,"gold_gain":0,"player_choice":"Relic","damage_taken":0,"max_hp_gain":0,"max_hp_loss":0,"event_name":"Wheel of Change","floor":31,"gold_loss":0},{"damage_healed":0,"gold_gain":0,"player_choice":"Ignored","damage_taken":0,"max_hp_gain":0,"max_hp_loss":0,"event_name":"Tomb of Lord Red Mask","floor":37,"gold_loss":0},{"damage_healed":0,"gold_gain":0,"player_choice":"Fight","damage_taken":0,"max_hp_gain":0,"max_hp_loss":0,"event_name":"Mysterious Sphere","floor":41,"gold_loss":0}],"is_beta":true,"boss_relics":[{"not_picked":["Runic Cube","Tiny House"],"picked":"Sozu"},{"not_picked":["Velvet Choker","Orrery"],"picked":"Snecko Eye"}],"items_purged_floors":[21,38,53],"is_endless":false,"potions_floor_spawned":[2,6,8,10,12,16,18,23,25,30,33,39,40,41,42,46,54],"ascension_level":15}