{"gold_per_floor":[12,30,30,30,30,30,57,57,82,26,61,61,136,149,149,220,220,237,31,31,31,46,46,62,62,62,62,81,81,3,3,3,3],"floor_reached":33,"playtime":1491,"items_purged":["Strike_B"],"score":498,"play_id":"58d92121-c238-4ed4-b599-b83a08daea59","local_time":"20190403224120","is_ascension_mode":true,"campfire_choices":[{"data":"Loop","floor":6,"key":"SMITH"},{"floor":8,"key":"REST"},{"data":"Dualcast","floor":12,"key":"SMITH"},{"floor":15,"key":"REST"},{"data":"Sunder","floor":23,"key":"SMITH"},{"data":"Doom and Gloom","floor":25,"key":"SMITH"},{"floor":29,"key":"REST"},{"data":"Static Discharge","floor":32,"key":"SMITH"}],"neow_cost":"NO_GOLD","seed_source_timestamp":216670226128758,"circlet_count":0,"master_deck":["AscendersBane","Strike_B","Strike_B","Defend_B","Defend_B","Defend_B+1","Defend_B","Zap+1","Dualcast+1","Compile Driver","Loop+1","Cold Snap+1","Conserve Battery","Amplify+1","Sunder+1","Doom and Gloom+1","Writhe","Chill","Ball Lightning+1","Heatsinks","Static Discharge+1"],"relics":["Cracked Core","Turnip","Bag of Preparation","Bronze Scales","Happy Flower","Black Star","War Paint","Letter Opener"],"potions_floor_usage":[14,16,16,22,24],"damage_taken":[{"damage":0,"enemies":"Small Slimes","floor":1,"turns":3},{"damage":5,"enemies":"2 Louse","floor":2,"turns":3},{"damage":36,"enemies":"Gremlin Nob","floor":7,"turns":4},{"damage":19,"enemies":"3 Sentries","floor":11,"turns":6},{"damage":0,"enemies":"Jaw Worm","floor":14,"turns":1},{"damage":7,"enemies":"The Guardian","floor":16,"turns":8},{"damage":2,"enemies":"Spheric Guardian","floor":18,"turns":4},{"damage":21,"enemies":"Chosen","floor":22,"turns":4},{"damage":7,"enemies":"Snake Plant","floor":24,"turns":4},{"damage":28,"enemies":"Centurion and Healer","floor":28,"turns":7},{"damage":47,"enemies":"Collector","floor":33,"turns":5}],"seed_played":"-7372636139163770194","potions_obtained":[{"floor":11,"key":"FocusPotion"},{"floor":14,"key":"FocusPotion"},{"floor":18,"key":"Poison Potion"},{"floor":28,"key":"FocusPotion"}],"is_trial":false,"path_per_floor":["M","M","?","?","?","R","E","R","T","$","E","R","?","M","R","B",null,"M","$","?","?","M","R","M","R","T","?","M","R","$","?","R","B"],"character_chosen":"DEFECT","items_purchased":["Poison Potion","Doom and Gloom","Block Potion","Static Discharge"],"campfire_rested":3,"item_purchase_floors":[10,19,19,30],"current_hp_per_floor":[64,59,59,59,52,52,16,37,37,37,18,18,7,7,28,21,59,57,57,57,57,36,36,29,29,29,29,1,22,22,22,22,0],"gold":3,"neow_bonus":"ONE_RARE_RELIC","is_prod":false,"is_daily":false,"chose_seed":false,"campfire_upgraded":5,"win_rate":0,"timestamp":1554345680,"path_taken":["M","M","?","?","?","R","E","R","T","?","E","R","?","M","R","BOSS","M","$","?","?","M","R","?","R","T","?","M","R","?","?","R","BOSS"],"build_version":"2019-01-23","purchased_purges":1,"victory":false,"max_hp_per_floor":[71,71,71,71,71,71,71,71,71,71,71,71,71,71,71,71,71,71,71,71,71,71,71,71,71,71,71,71,71,71,71,71,71],"card_choices":[{"not_picked":["Rebound","Fusion"],"picked":"Compile Driver","floor":1},{"not_picked":["Streamline","Static Discharge"],"picked":"Loop","floor":2},{"not_picked":["Go for the Eyes","Beam Cell"],"picked":"Cold Snap","floor":7},{"not_picked":["Beam Cell","Tempest","Streamline"],"picked":"SKIP","floor":11},{"not_picked":["Sunder","Steam"],"picked":"Conserve Battery","floor":14},{"not_picked":["All For One","Core Surge"],"picked":"Amplify","floor":16},{"not_picked":["Lockon","Streamline"],"picked":"Sunder","floor":18},{"not_picked":["Double Energy","Redo"],"picked":"Chill","floor":22},{"not_picked":["Conserve Battery","Streamline"],"picked":"Ball Lightning+1","floor":24},{"not_picked":["Streamline","Scrape"],"picked":"Heatsinks","floor":28}],"player_experience":1580070,"relics_obtained":[{"floor":7,"key":"Bag of Preparation"},{"floor":9,"key":"Bronze Scales"},{"floor":11,"key":"Happy Flower"},{"floor":26,"key":"Letter Opener"}],"event_choices":[{"damage_healed":0,"gold_gain":0,"player_choice":"Leave","damage_taken":0,"max_hp_gain":0,"max_hp_loss":0,"event_name":"The Cleric","floor":3,"gold_loss":0},{"damage_healed":0,"gold_gain":0,"player_choice":"Grow","damage_taken":0,"max_hp_gain":0,"max_hp_loss":0,"event_name":"Living Wall","floor":4,"gold_loss":0,"cards_upgraded":["Zap"]},{"cards_removed":["Strike_B"],"damage_healed":0,"gold_gain":0,"player_choice":"Card Removal","damage_taken":7,"max_hp_gain":0,"max_hp_loss":0,"event_name":"Golden Wing","floor":5,"gold_loss":0},{"damage_healed":0,"gold_gain":75,"player_choice":"Gather Gold","damage_taken":11,"max_hp_gain":0,"max_hp_loss":0,"event_name":"World of Goop","floor":13,"gold_loss":0},{"damage_healed":0,"gold_gain":0,"player_choice":"Opened","damage_taken":0,"relics_obtained":["War Paint"],"max_hp_gain":0,"max_hp_loss":0,"event_name":"The Mausoleum","floor":20,"gold_loss":0,"cards_obtained":["Writhe"]},{"damage_healed":0,"gold_gain":0,"player_choice":"0 cards matched","damage_taken":0,"max_hp_gain":0,"max_hp_loss":0,"event_name":"Match and Keep!","floor":21,"gold_loss":0,"cards_obtained":[]},{"damage_healed":0,"gold_gain":0,"player_choice":"Upgraded","damage_taken":0,"max_hp_gain":0,"max_hp_loss":0,"event_name":"Upgrade Shrine","floor":27,"gold_loss":0,"cards_upgraded":["Cold Snap"]},{"damage_healed":0,"gold_gain":0,"player_choice":"Ignored","damage_taken":0,"max_hp_gain":0,"max_hp_loss":0,"event_name":"Beggar","floor":31,"gold_loss":0}],"is_beta":false,"boss_relics":[{"not_picked":["Calling Bell","Snecko Eye"],"picked":"Black Star"}],"items_purged_floors":[19],"is_endless":false,"potions_floor_spawned":[11,14,18,28],"killed_by":"Collector","ascension_level":20}