{"gold_per_floor":[114,189,201,201,87,122,122,153,176,192,203,168,168,186,186,260,260,160,160,160,160,160,160,50,50,50,50,11,11,11,11,11,11,11,11,11,11,11,11,11,11,11,11,11,11,11,11,11,11,11,11,11,11,11,11,11],"floor_reached":56,"playtime":20269,"items_purged":["Doubt"],"score":1883,"play_id":"ec7692b6-f824-4fe1-bb0e-bcfe47432c36","local_time":"20190406014057","is_ascension_mode":true,"campfire_choices":[{"floor":7,"key":"REST"},{"data":"Consume","floor":15,"key":"SMITH"},{"data":"Buffer","floor":23,"key":"SMITH"},{"data":"Defragment","floor":25,"key":"SMITH"},{"floor":27,"key":"REST"},{"data":"Capacitor","floor":32,"key":"SMITH"},{"floor":40,"key":"REST"},{"data":"Loop","floor":45,"key":"SMITH"},{"floor":49,"key":"RECALL"},{"data":"Chill","floor":53,"key":"SMITH"}],"neow_cost":"CURSE","seed_source_timestamp":381389755837982,"circlet_count":0,"master_deck":["AscendersBane","Strike_B","Strike_B","Strike_B+1","Strike_B","Defend_B+1","Defend_B","Defend_B+1","Defend_B","Zap+1","Dualcast","Compile Driver+1","Ball Lightning","Defragment+1","Consume+1","White Noise","Glacier","Defragment","Buffer+1","Loop+1","RitualDagger","Capacitor+1","Hologram","Core Surge","Blizzard+1","Biased Cognition","Chill+1","Biased Cognition","Dark Shackles","Doom and Gloom+1"],"relics":["Cracked Core","Dead Branch","War Paint","Potion Belt","Bag of Preparation","Whetstone","Meat on the Bone","Ectoplasm","Vajra","Enchiridion","Happy Flower","Ornamental Fan","Inserter","Mummified Hand","Centennial Puzzle","Pen Nib","Bag of Marbles"],"potions_floor_usage":[6,8,11,31,38,44,44,46,50],"damage_taken":[{"damage":7,"enemies":"Jaw Worm","floor":1,"turns":2},{"damage":1,"enemies":"Cultist","floor":3,"turns":3},{"damage":22,"enemies":"3 Sentries","floor":6,"turns":5},{"damage":24,"enemies":"Lagavulin","floor":8,"turns":5},{"damage":6,"enemies":"2 Louse","floor":10,"turns":2},{"damage":6,"enemies":"Exordium Thugs","floor":11,"turns":3},{"damage":15,"enemies":"Gremlin Gang","floor":14,"turns":7},{"damage":1,"enemies":"Slime Boss","floor":16,"turns":10},{"damage":5,"enemies":"2 Thieves","floor":18,"turns":5},{"damage":0,"enemies":"Shell Parasite","floor":29,"turns":5},{"damage":0,"enemies":"Snecko","floor":30,"turns":3},{"damage":0,"enemies":"Book of Stabbing","floor":31,"turns":5},{"damage":28,"enemies":"Automaton","floor":33,"turns":6},{"damage":3,"enemies":"3 Shapes","floor":35,"turns":5},{"damage":27,"enemies":"3 Darklings","floor":37,"turns":6},{"damage":0,"enemies":"4 Shapes","floor":38,"turns":5},{"damage":10,"enemies":"Giant Head","floor":41,"turns":10},{"damage":15,"enemies":"Maw","floor":42,"turns":7},{"damage":13,"enemies":"Nemesis","floor":44,"turns":6},{"damage":0,"enemies":"Jaw Worm Horde","floor":46,"turns":3},{"damage":30,"enemies":"Donu and Deca","floor":50,"turns":6},{"damage":5,"enemies":"Awakened One","floor":51,"turns":16},{"damage":28,"enemies":"Shield and Spear","floor":55,"turns":9},{"damage":45,"enemies":"The Heart","floor":56,"turns":5}],"seed_played":"8523958285934969043","potions_obtained":[{"floor":1,"key":"Energy Potion"},{"floor":3,"key":"FearPotion"},{"floor":8,"key":"AttackPotion"},{"floor":10,"key":"SpeedPotion"},{"floor":29,"key":"Energy Potion"},{"floor":31,"key":"Fire Potion"},{"floor":33,"key":"Strength Potion"},{"floor":37,"key":"LiquidBronze"},{"floor":44,"key":"Explosive Potion"}],"is_trial":false,"path_per_floor":["M","?","M","?","$","E","R","E","T","M","M","?","T","M","R","B",null,"M","?","?","?","?","R","?","R","T","R","$","M","M","E","R","B",null,"M","?","M","M","?","R","E","M","T","E","R","M","?","T","R","B","B",null,"R","$","E","B"],"character_chosen":"DEFECT","items_purchased":["Defragment","Capacitor"],"campfire_rested":3,"item_purchase_floors":[5,28],"current_hp_per_floor":[57,46,45,40,40,18,39,15,15,9,3,20,20,17,17,28,60,55,55,55,49,28,28,28,28,28,49,49,49,49,49,49,33,62,59,49,34,46,46,67,57,42,42,41,41,41,41,41,41,23,30,61,61,61,45,0],"gold":11,"neow_bonus":"ONE_RARE_RELIC","is_prod":false,"is_daily":false,"chose_seed":false,"campfire_upgraded":6,"win_rate":0,"timestamp":1554529257,"path_taken":["M","?","M","?","?","E","R","E","T","?","M","?","?","?","R","BOSS","M","?","?","?","?","R","?","R","T","R","$","?","?","E","R","BOSS","M","?","?","M","?","R","E","M","T","E","R","?","?","?","R","BOSS","BOSS","R","$","E","BOSS"],"build_version":"2019-01-23","purchased_purges":1,"victory":false,"max_hp_per_floor":[71,71,71,71,71,71,71,71,71,71,71,71,71,71,71,71,71,71,71,71,71,71,71,71,71,71,71,71,71,71,71,71,71,71,71,71,71,71,71,71,71,71,71,71,71,71,71,71,71,71,71,71,71,71,71,71],"card_choices":[{"not_picked":["Redo","Lockon"],"picked":"Compile Driver","floor":1},{"not_picked":["Chaos","Barrage"],"picked":"Ball Lightning","floor":3},{"not_picked":["Steam","Force Field"],"picked":"Consume","floor":6},{"not_picked":["FTL","Storm"],"picked":"White Noise","floor":8},{"not_picked":["Steam","Go for the Eyes","Meteor Strike"],"picked":"SKIP","floor":10},{"not_picked":["Steam Power","Turbo"],"picked":"Glacier","floor":11},{"not_picked":["Hello World","Barrage"],"picked":"Defragment","floor":14},{"not_picked":["Multi-Cast","Reboot"],"picked":"Buffer","floor":16},{"not_picked":["Lockon","Sweeping Beam","Stack"],"picked":"SKIP","floor":18},{"not_picked":["Rip and Tear+1","Gash","Go for the Eyes"],"picked":"SKIP","floor":29},{"not_picked":["Turbo","Ball Lightning","Stack"],"picked":"SKIP","floor":30},{"not_picked":["Go for the Eyes","Gash"],"picked":"Hologram","floor":31},{"not_picked":["Creative AI","All For One"],"picked":"Core Surge","floor":33},{"not_picked":["Rebound","Force Field","Chaos"],"picked":"SKIP","floor":35},{"not_picked":["Hologram","Genetic Algorithm","Compile Driver"],"picked":"SKIP","floor":37},{"not_picked":["Consume","Sweeping Beam+1"],"picked":"Blizzard+1","floor":38},{"not_picked":["Rebound","Turbo"],"picked":"Biased Cognition","floor":41},{"not_picked":["Chill","Streamline","Steam"],"picked":"SKIP","floor":42},{"not_picked":["Streamline","Steam"],"picked":"Chill","floor":42},{"not_picked":["Turbo","Rebound","Consume"],"picked":"SKIP","floor":44},{"not_picked":["Beam Cell","Sunder"],"picked":"Biased Cognition","floor":46},{"not_picked":["Purity","Mind Blast"],"picked":"Dark Shackles","floor":47},{"not_picked":["Fission","Rebound"],"picked":"Doom and Gloom+1","floor":55}],"player_experience":1632719,"relics_obtained":[{"floor":6,"key":"Potion Belt"},{"floor":8,"key":"Bag of Preparation"},{"floor":9,"key":"Whetstone"},{"floor":13,"key":"Meat on the Bone"},{"floor":22,"key":"Enchiridion"},{"floor":26,"key":"Happy Flower"},{"floor":31,"key":"Ornamental Fan"},{"floor":41,"key":"Mummified Hand"},{"floor":44,"key":"Centennial Puzzle"},{"floor":48,"key":"Pen Nib"},{"floor":55,"key":"Bag of Marbles"}],"event_choices":[{"damage_healed":0,"gold_gain":75,"player_choice":"Gather Gold","damage_taken":11,"max_hp_gain":0,"max_hp_loss":0,"event_name":"World of Goop","floor":2,"gold_loss":0},{"damage_healed":0,"gold_gain":0,"player_choice":"Success","damage_taken":5,"relics_obtained":["War Paint"],"max_hp_gain":0,"max_hp_loss":0,"event_name":"Scrap Ooze","floor":4,"gold_loss":0},{"damage_healed":17,"gold_gain":0,"player_choice":"Healed","damage_taken":0,"max_hp_gain":0,"max_hp_loss":0,"event_name":"The Cleric","floor":12,"gold_loss":35},{"damage_healed":0,"gold_gain":0,"player_choice":"Read","damage_taken":0,"max_hp_gain":0,"max_hp_loss":0,"event_name":"The Library","floor":19,"gold_loss":0,"cards_obtained":["Loop"]},{"damage_healed":0,"gold_gain":0,"player_choice":"Stole Relic","damage_taken":0,"relics_obtained":["Vajra"],"max_hp_gain":0,"max_hp_loss":0,"event_name":"Addict","floor":20,"gold_loss":0,"cards_obtained":["Shame"]},{"damage_healed":0,"gold_gain":0,"player_choice":"Joined the Cult","damage_taken":6,"max_hp_gain":0,"max_hp_loss":0,"event_name":"Nest","floor":21,"gold_loss":0,"cards_obtained":["RitualDagger"]},{"damage_healed":0,"gold_gain":0,"player_choice":"Obtained Book","damage_taken":21,"max_hp_gain":0,"max_hp_loss":0,"event_name":"Cursed Tome","floor":22,"gold_loss":0},{"cards_removed":["Shame"],"damage_healed":0,"gold_gain":0,"player_choice":"Upgrade and Remove","damage_taken":0,"max_hp_gain":0,"max_hp_loss":0,"event_name":"Designer","floor":24,"gold_loss":110,"cards_upgraded":["Zap"]},{"damage_healed":0,"gold_gain":0,"player_choice":"Damaged","damage_taken":10,"max_hp_gain":0,"max_hp_loss":0,"event_name":"Wheel of Change","floor":36,"gold_loss":0},{"damage_healed":0,"gold_gain":0,"player_choice":"0 cards matched","damage_taken":0,"max_hp_gain":0,"max_hp_loss":0,"event_name":"Match and Keep!","floor":39,"gold_loss":0,"cards_obtained":[]},{"damage_healed":0,"gold_gain":0,"player_choice":"Memory 1","damage_taken":0,"max_hp_gain":0,"max_hp_loss":0,"event_name":"SensoryStone","floor":47,"gold_loss":0}],"is_beta":false,"boss_relics":[{"not_picked":["FrozenCore","Black Star"],"picked":"Ectoplasm"},{"not_picked":["Snecko Eye","Calling Bell"],"picked":"Inserter"}],"items_purged_floors":[5],"is_endless":false,"potions_floor_spawned":[1,3,8,10,29,31,33,37,44],"killed_by":"The Heart","ascension_level":20}