{"gold_per_floor":[109,119,139,139,19,19,39,39,39,39,66,66,89,102,102,223,223,248,262,287,305,324,359,152,152,227,227,251,275,275,291,291,421,421,444,467,483,98,98,98],"floor_reached":40,"playtime":5603,"items_purged":["Clumsy"],"score":539,"play_id":"1a108313-aeae-443c-babf-55589ac648f9","local_time":"20190321155003","is_ascension_mode":false,"campfire_choices":[{"data":"Zap","floor":6,"key":"SMITH"},{"data":"Coolheaded","floor":8,"key":"SMITH"},{"data":"Auto Shields","floor":10,"key":"SMITH"},{"data":"Defragment","floor":15,"key":"SMITH"},{"floor":25,"key":"REST"},{"floor":32,"key":"REST"}],"neow_cost":"CURSE","seed_source_timestamp":391279678740636,"circlet_count":0,"master_deck":["Strike_B","Strike_B","Strike_B","Strike_B","Defend_B","Defend_B","Defend_B+1","Defend_B","Zap+1","Dualcast","Defragment+1","Conserve Battery","Auto Shields+1","Coolheaded+1","Reinforced Body+1","Hologram","Defragment+1","Rainbow","Core Surge","Ball Lightning","Static Discharge","Heatsinks","Leap","Core Surge","Ball Lightning+1","Leap","Leap+1","Loop+1","Undo","Consume","Cold Snap+1","Defragment+1","Steam+1","Echo Form","FTL+1","Skim+1","Storm"],"relics":["Cracked Core","Bottled Lightning","War Paint","Golden Idol","Orrery","Ornamental Fan","Pear","Sozu","DataDisk","MealTicket"],"potions_floor_usage":[11,21,23,23,28,31,33,37],"damage_taken":[{"damage":0,"enemies":"2 Louse","floor":1,"turns":3},{"damage":3,"enemies":"Jaw Worm","floor":2,"turns":4},{"damage":1,"enemies":"Cultist","floor":3,"turns":4},{"damage":4,"enemies":"3 Louse","floor":7,"turns":5},{"damage":34,"enemies":"Gremlin Nob","floor":11,"turns":6},{"damage":0,"enemies":"Red Slaver","floor":13,"turns":4},{"damage":0,"enemies":"Looter","floor":14,"turns":3},{"damage":0,"enemies":"The Guardian","floor":16,"turns":11},{"damage":0,"enemies":"Spheric Guardian","floor":18,"turns":7},{"damage":20,"enemies":"2 Thieves","floor":19,"turns":4},{"damage":12,"enemies":"Shelled Parasite and Fungi","floor":20,"turns":9},{"damage":21,"enemies":"Centurion and Healer","floor":21,"turns":8},{"damage":3,"enemies":"Snake Plant","floor":22,"turns":6},{"damage":32,"enemies":"Slavers","floor":23,"turns":7},{"damage":3,"enemies":"Chosen and Byrds","floor":28,"turns":5},{"damage":27,"enemies":"Cultist and Chosen","floor":29,"turns":5},{"damage":3,"enemies":"Shelled Parasite and Fungi","floor":31,"turns":7},{"damage":22,"enemies":"Champ","floor":33,"turns":15},{"damage":32,"enemies":"3 Darklings","floor":35,"turns":5},{"damage":4,"enemies":"3 Shapes","floor":36,"turns":3},{"damage":14,"enemies":"Transient","floor":37,"turns":5},{"damage":63,"enemies":"Reptomancer","floor":40,"turns":2}],"seed_played":"3436020742960285739","potions_obtained":[{"floor":2,"key":"FearPotion"},{"floor":3,"key":"FearPotion"},{"floor":13,"key":"LiquidBronze"},{"floor":16,"key":"Fire Potion"},{"floor":22,"key":"GamblersBrew"},{"floor":31,"key":"Poison Potion"},{"floor":33,"key":"Fire Potion"}],"is_trial":false,"path_per_floor":["M","M","M","?","$","R","M","R","T","R","E","?","M","M","R","B",null,"M","M","M","M","M","E","$","R","T","?","M","M","?","M","R","B",null,"M","M","M","$","?","E"],"character_chosen":"DEFECT","items_purchased":["Coolheaded","Loop","Swift Potion","Undo","DataDisk","MealTicket","Storm"],"campfire_rested":2,"item_purchase_floors":[5,24,24,24,38,38,38],"current_hp_per_floor":[89,86,85,85,85,85,81,81,81,81,47,25,25,25,25,25,89,89,69,57,36,33,1,1,27,37,37,34,7,7,4,33,11,99,67,63,49,49,49,0],"gold":98,"neow_bonus":"TWENTY_PERCENT_HP_BONUS","is_prod":false,"is_daily":false,"chose_seed":false,"campfire_upgraded":4,"win_rate":0,"timestamp":1553197803,"path_taken":["M","M","M","?","$","R","M","R","T","R","E","?","M","M","R","BOSS","M","M","M","M","M","E","$","R","T","?","M","?","?","?","R","BOSS","M","M","M","$","?","E"],"build_version":"2019-01-23","purchased_purges":1,"victory":false,"max_hp_per_floor":[89,89,89,89,89,89,89,89,89,89,89,89,89,89,89,89,89,89,89,89,89,89,89,89,89,99,99,99,99,99,99,99,99,99,99,99,99,99,99,99],"card_choices":[{"not_picked":["Consume","Cold Snap"],"picked":"Defragment","floor":1},{"not_picked":["Beam Cell","Chaos"],"picked":"Conserve Battery","floor":2},{"not_picked":["Storm","Leap"],"picked":"Auto Shields","floor":3},{"not_picked":["Stack","Turbo"],"picked":"Reinforced Body","floor":7},{"not_picked":["Steam","Ball Lightning"],"picked":"Hologram","floor":11},{"not_picked":["Force Field","Barrage"],"picked":"Defragment","floor":13},{"not_picked":["Redo","Stack"],"picked":"Rainbow","floor":14},{"not_picked":["Creative AI","Amplify"],"picked":"Core Surge","floor":16},{"not_picked":["Compile Driver","Blizzard"],"picked":"Hologram","floor":17},{"not_picked":["Conserve Battery","Rip and Tear"],"picked":"Ball Lightning","floor":17},{"not_picked":["Turbo","Beam Cell"],"picked":"Static Discharge","floor":17},{"not_picked":["White Noise","Redo"],"picked":"Heatsinks","floor":17},{"not_picked":["Genetic Algorithm","Scrape"],"picked":"Leap","floor":18},{"not_picked":["Redo","Sweeping Beam+1"],"picked":"Core Surge","floor":19},{"not_picked":["Cold Snap","Coolheaded"],"picked":"Ball Lightning+1","floor":20},{"not_picked":["Double Energy","Melter"],"picked":"Leap","floor":21},{"not_picked":["FTL","Double Energy","Redo"],"picked":"SKIP","floor":22},{"not_picked":["Hello World+1","Chaos"],"picked":"Leap+1","floor":23},{"not_picked":["Redo","Recycle"],"picked":"Consume","floor":28},{"not_picked":["Loop","FTL"],"picked":"Cold Snap+1","floor":29},{"not_picked":["Sweeping Beam","Coolheaded"],"picked":"Steam+1","floor":31},{"not_picked":["Creative AI","Multi-Cast"],"picked":"Echo Form","floor":33},{"not_picked":["Skim","Conserve Battery"],"picked":"FTL+1","floor":35},{"not_picked":["Hologram+1","Compile Driver"],"picked":"Skim+1","floor":36},{"not_picked":["Auto Shields+1","Redo","Barrage+1"],"picked":"SKIP","floor":37}],"player_experience":1307943,"relics_obtained":[{"floor":9,"key":"Bottled Lightning"},{"floor":11,"key":"War Paint"},{"floor":23,"key":"Ornamental Fan"},{"floor":26,"key":"Pear"}],"event_choices":[{"damage_healed":0,"gold_gain":0,"player_choice":"Grow","damage_taken":0,"max_hp_gain":0,"max_hp_loss":0,"event_name":"Living Wall","floor":4,"gold_loss":0,"cards_upgraded":["Defragment"]},{"damage_healed":0,"gold_gain":0,"player_choice":"Take Damage","damage_taken":22,"relics_obtained":["Golden Idol"],"max_hp_gain":0,"max_hp_loss":0,"event_name":"Golden Idol","floor":12,"gold_loss":0},{"damage_healed":0,"gold_gain":0,"player_choice":"Upgraded","damage_taken":0,"max_hp_gain":0,"max_hp_loss":0,"event_name":"Upgrade Shrine","floor":27,"gold_loss":0,"cards_upgraded":["Loop"]},{"damage_healed":0,"gold_gain":0,"player_choice":"Copied","damage_taken":0,"max_hp_gain":0,"max_hp_loss":0,"event_name":"Duplicator","floor":30,"gold_loss":0,"cards_obtained":["Defragment"]},{"cards_removed":["Hologram"],"damage_healed":0,"gold_gain":0,"player_choice":"Removed Skill","damage_taken":0,"max_hp_gain":0,"max_hp_loss":0,"event_name":"Falling","floor":39,"gold_loss":0}],"is_beta":false,"boss_relics":[{"not_picked":["Snecko Eye","White Beast Statue"],"picked":"Orrery"},{"not_picked":["FrozenCore","Calling Bell"],"picked":"Sozu"}],"items_purged_floors":[5],"is_endless":false,"potions_floor_spawned":[2,3,13,16,19,22,31,33,35,37],"killed_by":"Reptomancer","ascension_level":0}