{"path_per_floor":["M","M","?","M","?","E","?","E","T","R","?","E","R","T","R","B",null,"M","?","M","?","?","E","$","E","T","?","M","R","M","M","R","B",null,"M","M","?","$","?","E","R","M","T","R","M","M","?","M","R"],"character_chosen":"THE_SILENT","items_purchased":["Letter Opener","Footwork","Gremlin Horn"],"gold_per_floor":[109,127,127,141,141,175,175,204,204,204,234,259,259,259,259,358,358,378,348,358,358,358,389,62,88,118,118,130,130,146,165,165,265,265,280,292,292,43,43,75,75,95,119,119,135,151,0,18,18],"floor_reached":50,"campfire_rested":3,"playtime":4840,"current_hp_per_floor":[70,70,70,70,70,62,46,43,43,43,43,49,73,73,73,55,74,74,74,62,46,46,48,48,42,42,27,24,49,49,49,49,33,72,65,48,48,48,69,52,52,47,47,47,29,50,50,43,68],"items_purged":[],"gold":18,"score":648,"play_id":"3d3a92ad-561b-441d-a4fe-96a896fd4e98","is_prod":false,"is_daily":false,"is_ascension_mode":true,"campfire_upgraded":5,"path_taken":["M","M","?","M","?","E","?","E","T","R","?","E","R","?","R","BOSS","M","?","M","?","?","E","$","E","T","?","M","R","M","M","R","BOSS","M","M","?","?","?","E","R","?","T","R","?","M","?","M","R","BOSS"],"build_version":"2018-02-15-PROD1","purchased_purges":3,"victory":false,"master_deck":["Defend_G","Defend_G","Defend_G","Defend_G+1","Strike_G+1","Strike_G+1","Survivor+1","Neutralize+1","Heel Hook+1","Predator+1","Dagger Spray+1","Malaise+1","Grand Finale","Blur+1","Storm of Steel","Blur","Bouncing Flask+1","Footwork+1","Blade Dance+1","Adrenaline","Outmaneuver+1","Envenom+1","Blur+1","Backstab+1","Writhe","Distraction+1","Backflip+1","Malaise+1","Cloak And Dagger+1"],"max_hp_per_floor":[70,70,70,70,70,80,80,80,80,80,80,80,80,80,80,80,80,80,80,80,80,80,80,80,80,80,85,85,85,85,85,85,85,85,85,85,85,85,85,85,85,85,85,85,85,85,85,85,85],"relics":["Astrolabe","Pear","Snake Skull","Meat on the Bone","Vajra","Frozen Eye","White Beast Statue","Nilry\u0027s Codex","Tough Bandages","Letter Opener","Centennial Puzzle","Tiny Chest","The Specimen","Gremlin Horn","Whetstone","Orichalcum","Red Mask"],"card_choices":[{"not_picked":["Cloak And Dagger","Underhanded Strike"],"picked":"Malaise"},{"not_picked":["Malaise","Flying Knee"],"picked":"Blur"},{"not_picked":["Tactician","Wraith Form"],"picked":"Storm of Steel"},{"not_picked":["Underhanded Strike","Deflect"],"picked":"Blur"},{"not_picked":["Dodge and Roll","Dagger Throw"],"picked":"Bouncing Flask"},{"not_picked":["Flying Knee","PiercingWail"],"picked":"Blade Dance"},{"not_picked":["Flying Knee","Backflip"],"picked":"Adrenaline"},{"not_picked":["Dash","Acrobatics"],"picked":"Outmaneuver"},{"not_picked":["Wraith Form","Night Terror"],"picked":"Envenom"},{"not_picked":["Endless Agony","Outmaneuver"],"picked":"Blur"},{"not_picked":["Leg Sweep","Dodge and Roll"],"picked":"Backstab"},{"not_picked":["Slice","Deadly Poison"],"picked":"Distraction"},{"not_picked":["Deadly Poison","Dagger Throw"],"picked":"Backflip"},{"not_picked":["Quick Slash","Calculated Gamble"],"picked":"Malaise"},{"not_picked":["Prepared","Deflect"],"picked":"Cloak And Dagger"}],"player_experience":293279,"potions_floor_usage":[12,16,20,23,23,23,28,28,30,33,33,33,35,40,40,42,46,46,50],"damage_taken":[{"damage":0,"enemies":"2 Louse","floor":1,"turns":2},{"damage":0,"enemies":"Small Slimes","floor":2,"turns":1},{"damage":0,"enemies":"Cultist","floor":4,"turns":3},{"damage":18,"enemies":"3 Sentries","floor":6,"turns":3},{"damage":3,"enemies":"Lagavulin","floor":8,"turns":6},{"damage":6,"enemies":"Gremlin Nob","floor":12,"turns":4},{"damage":18,"enemies":"Slime Boss","floor":16,"turns":11},{"damage":0,"enemies":"3 Byrds","floor":18,"turns":3},{"damage":12,"enemies":"Chosen","floor":20,"turns":6},{"damage":10,"enemies":"Slavers","floor":23,"turns":6},{"damage":18,"enemies":"Book of Stabbing","floor":25,"turns":6},{"damage":15,"enemies":"Snecko","floor":28,"turns":4},{"damage":12,"enemies":"Chosen and Byrds","floor":30,"turns":7},{"damage":0,"enemies":"Snake Plant","floor":31,"turns":6},{"damage":28,"enemies":"Automaton","floor":33,"turns":8},{"damage":7,"enemies":"Orb Walker","floor":35,"turns":4},{"damage":29,"enemies":"3 Darklings","floor":36,"turns":6},{"damage":17,"enemies":"Giant Head","floor":40,"turns":8},{"damage":17,"enemies":"Sphere and 2 Shapes","floor":42,"turns":5},{"damage":30,"enemies":"Maw","floor":45,"turns":7},{"damage":0,"enemies":"4 Shapes","floor":46,"turns":3},{"damage":7,"enemies":"3 Darklings","floor":48,"turns":5},{"damage":89,"enemies":"Time Eater","floor":50,"turns":13}],"event_choices":[{"event_name":"Living Wall","player_choice":"Grow","floor":3,"damage_taken":0},{"event_name":"Transmorgrifier","player_choice":"Transform","floor":5,"damage_taken":0},{"event_name":"Shining Light","player_choice":"Entered Light","floor":7,"damage_taken":0},{"event_name":"Dead Adventurer","player_choice":"Searched \u00272\u0027 times","floor":11,"damage_taken":0},{"event_name":"The Woman in Blue","player_choice":"Bought 2 Potions","floor":19,"damage_taken":0},{"event_name":"Cursed Tome","player_choice":"Obtained Book","floor":21,"damage_taken":0},{"event_name":"The Lab","player_choice":"Got Potions","floor":22,"damage_taken":0},{"event_name":"Forgotten Altar","player_choice":"Shed Blood","floor":27,"damage_taken":0},{"event_name":"Mysterious Sphere","player_choice":"Ignore","floor":37,"damage_taken":0},{"event_name":"Winding Halls","player_choice":"Writhe","floor":39,"damage_taken":0},{"event_name":"Tomb of Lord Red Mask","player_choice":"Paid","floor":47,"damage_taken":0}],"boss_relics":[{"not_picked":["Calling Bell","Tiny House"],"picked":"White Beast Statue"},{"not_picked":["Snecko Eye","Cursed Key"],"picked":"The Specimen"}],"potions_floor_spawned":[8,12,18,20,23,25,28,30,31,33,35,36,40,42,45,46,48],"seed_played":"3312238481678728379","killed_by":"Time Eater","ascension_level":5,"is_trial":false}