{"path_per_floor":["M","?","M","T","M","R","E","R","T","M","M","M","R","M","R","B",null,"M","$","?","?","?","R","M","M","T","M","R","E","R","M","R","B",null,"M","$","M","?","$","R","M","R","T","M","?","E","R","M","R","B"],"character_chosen":"DEFECT","items_purchased":["Bag of Preparation","Stack","Finesse","Gash","Redo"],"gold_per_floor":[20,20,40,63,80,80,108,108,108,123,143,162,162,182,182,284,284,303,6,6,6,0,0,17,34,105,121,121,150,150,169,169,274,274,293,171,188,188,35,35,46,46,46,65,65,93,93,108,108,108],"floor_reached":51,"campfire_rested":3,"playtime":1707,"item_purchase_floors":[19,19,19,36,39],"current_hp_per_floor":[68,56,50,50,50,50,22,22,22,22,22,20,20,15,15,13,60,39,39,39,39,39,39,38,48,48,36,36,28,28,23,38,52,52,44,44,36,36,36,36,42,42,42,36,26,17,32,29,44,37],"items_purged":["Bite","Bite"],"gold":108,"score":1081,"play_id":"41afb372-bf61-445f-9a38-fb39d438772b","local_time":"20180612105553","is_prod":false,"is_daily":false,"chose_seed":false,"is_ascension_mode":true,"campfire_upgraded":9,"win_rate":0,"timestamp":1528826153,"campfire_choices":[{"data":"Zap","floor":6,"key":"SMITH"},{"data":"Defragment","floor":8,"key":"SMITH"},{"data":"Dualcast","floor":13,"key":"SMITH"},{"data":"Conserve Battery","floor":15,"key":"SMITH"},{"data":"Creative AI","floor":23,"key":"SMITH"},{"data":"Stack","floor":28,"key":"SMITH"},{"data":"Echo Form","floor":30,"key":"SMITH"},{"floor":32,"key":"REST"},{"data":"Redo","floor":40,"key":"SMITH"},{"data":"Go for the Eyes","floor":42,"key":"SMITH"},{"floor":47,"key":"REST"},{"floor":49,"key":"REST"}],"path_taken":["M","?","?","?","M","R","E","R","T","M","M","M","R","M","R","BOSS","M","$","?","?","?","R","M","M","T","?","R","E","R","M","R","BOSS","M","$","M","?","?","R","M","R","T","M","?","E","R","M","R","BOSS"],"build_version":"2018-06-11","seed_source_timestamp":176067557549554,"purchased_purges":2,"victory":true,"master_deck":["Defend_B","Defend_B","Defend_B","Defend_B","Zap+1","Dualcast+1","AscendersBane","All For One","Gash","Ball Lightning","Defragment+1","Conserve Battery+1","Creative AI+1","Gash","Stack+1","Finesse","Bite","Bite","Bite","Steam","Echo Form+1","Glacier+1","Steam","Go for the Eyes+1","Reboot","Gash","Conserve Battery+1","All For One","Redo+1","Go for the Eyes+1","Stack","Thinking Ahead","Apotheosis","Panache","Leap+1","Leap"],"max_hp_per_floor":[75,75,75,75,75,75,75,75,75,75,75,75,75,75,75,75,75,75,75,75,52,52,52,52,52,52,52,52,52,52,52,52,52,52,52,52,52,52,52,52,52,52,52,52,52,52,52,52,52,52],"special_seed":0,"relics":["Cracked Core","Oddly Smooth Stone","Bronze Scales","Bag of Marbles","Bottled Tornado","Sozu","Bag of Preparation","Cables","Ornamental Fan","Inserter","Meat on the Bone","Molten Egg 2"],"card_choices":[{"not_picked":["Core Surge","Biased Cognition"],"picked":"All For One","floor":0.0},{"not_picked":["Barrage","Steam"],"picked":"Gash","floor":1},{"not_picked":["Sweeping Beam","Cold Snap"],"picked":"Ball Lightning","floor":3},{"not_picked":["Cold Snap","Hello World"],"picked":"Defragment","floor":5},{"not_picked":["Compile Driver","Hologram"],"picked":"Conserve Battery","floor":7},{"not_picked":["Sweeping Beam","Storm","Doom and Gloom"],"picked":"SKIP","floor":10},{"not_picked":["Undo","Auto Shields","Lockon"],"picked":"SKIP","floor":11},{"not_picked":["Heatsinks","Melter","Sweeping Beam"],"picked":"SKIP","floor":12},{"not_picked":["Skim","Scrape","Streamline"],"picked":"SKIP","floor":14},{"not_picked":["Hyperbeam","Machine Learning"],"picked":"Creative AI","floor":16},{"not_picked":["Recycle","Fusion"],"picked":"Gash","floor":18},{"not_picked":["Hologram+1","Rebound"],"picked":"Steam","floor":24},{"not_picked":["Cold Snap","Compile Driver"],"picked":"Echo Form","floor":25},{"not_picked":["Streamline","Reinforced Body"],"picked":"Glacier+1","floor":27},{"not_picked":["Compile Driver","Machine Learning"],"picked":"Steam","floor":29},{"not_picked":["Double Energy+1","Reprogram+1"],"picked":"Go for the Eyes","floor":31},{"not_picked":["Electrodynamics","Buffer"],"picked":"Reboot","floor":33},{"not_picked":["Sweeping Beam","Hologram+1","Skim+1"],"picked":"SKIP","floor":35},{"not_picked":["Turbo","Cold Snap+1"],"picked":"Conserve Battery+1","floor":37},{"not_picked":["Hyperbeam","Sweeping Beam"],"picked":"Go for the Eyes+1","floor":41},{"not_picked":["Loop","Turbo+1"],"picked":"Stack","floor":44},{"not_picked":["Sadistic Nature","Madness"],"picked":"Thinking Ahead","floor":45},{"not_picked":["Blind","Enlightenment"],"picked":"Apotheosis","floor":45},{"not_picked":["Finesse","Jack Of All Trades"],"picked":"Panache","floor":45},{"not_picked":["Gash+1","Steam Power"],"picked":"Leap+1","floor":46},{"not_picked":["Hologram+1","Fusion+1"],"picked":"Leap","floor":48}],"player_experience":639680,"potions_floor_usage":[37],"damage_taken":[{"damage":0,"enemies":"2 Louse","floor":1,"turns":2},{"damage":6,"enemies":"Jaw Worm","floor":3,"turns":3},{"damage":0,"enemies":"Cultist","floor":5,"turns":3},{"damage":28,"enemies":"Lagavulin","floor":7,"turns":4},{"damage":0,"enemies":"Exordium Thugs","floor":10,"turns":4},{"damage":0,"enemies":"Looter","floor":11,"turns":2},{"damage":2,"enemies":"Red Slaver","floor":12,"turns":3},{"damage":5,"enemies":"Blue Slaver","floor":14,"turns":2},{"damage":2,"enemies":"Hexaghost","floor":16,"turns":8},{"damage":21,"enemies":"2 Thieves","floor":18,"turns":3},{"damage":9,"enemies":"Chosen","floor":24,"turns":4},{"damage":0,"enemies":"Snecko","floor":25,"turns":3},{"damage":18,"enemies":"Snake Plant","floor":27,"turns":2},{"damage":16,"enemies":"Book of Stabbing","floor":29,"turns":5},{"damage":15,"enemies":"Cultist and Chosen","floor":31,"turns":5},{"damage":3,"enemies":"Collector","floor":33,"turns":13},{"damage":10,"enemies":"Orb Walker","floor":35,"turns":4},{"damage":18,"enemies":"Flame Bruiser 1 Orb","floor":37,"turns":7},{"damage":0,"enemies":"Maw","floor":41,"turns":6},{"damage":14,"enemies":"4 Shapes","floor":44,"turns":7},{"damage":51,"enemies":"2 Orb Walkers","floor":46,"turns":7},{"damage":5,"enemies":"Spire Growth","floor":48,"turns":3},{"damage":35,"enemies":"Awakened One","floor":50,"turns":16}],"relics_obtained":[{"floor":4,"key":"Bronze Scales"},{"floor":7,"key":"Bag of Marbles"},{"floor":9,"key":"Bottled Tornado"},{"floor":26,"key":"Cables"},{"floor":29,"key":"Ornamental Fan"},{"floor":43,"key":"Meat on the Bone"},{"floor":46,"key":"Molten Egg 2"}],"event_choices":[{"event_name":"Scrap Ooze","player_choice":"success","floor":2,"damage_taken":12},{"event_name":"Beggar","player_choice":"Ignored","floor":20,"damage_taken":0},{"event_name":"Vampires","player_choice":"Became a vampire","floor":21,"damage_taken":0},{"event_name":"Masked Bandits","player_choice":"Paid Bandits 6 gold","floor":22,"damage_taken":0},{"event_name":"Duplicator","player_choice":"One dupe","floor":38,"damage_taken":0},{"event_name":"SensoryStone","player_choice":"Memory 3","floor":45,"damage_taken":0}],"boss_relics":[{"not_picked":["Nuclear Battery","Snecko Eye"],"picked":"Sozu"},{"not_picked":["White Beast Statue","Pandora\u0027s Box"],"picked":"Inserter"}],"items_purged_floors":[36,39],"potions_floor_spawned":[3,7,11,12,24,25,31,33,35,37],"seed_played":"2088962199740600767","ascension_level":11,"potions_obtained":[{"floor":3,"key":"Fire Potion"},{"floor":7,"key":"Fire Potion"},{"floor":11,"key":"FairyPotion"}],"is_trial":false}