{"gold_per_floor":[367,106,106,106,127,163,163,176,176,176,176,190,224,249,249,340,340,364,364,389,389,413,413,413],"floor_reached":24,"playtime":1005,"items_purged":["Decay"],"score":402,"play_id":"53b86521-c2ff-4b14-880f-044c5099f4b5","local_time":"20190328002325","is_ascension_mode":true,"campfire_choices":[{"floor":7,"key":"REST"},{"data":"Go for the Eyes","floor":10,"key":"SMITH"},{"data":"Hyperbeam","floor":15,"key":"SMITH"},{"data":"Blizzard","floor":23,"key":"SMITH"}],"neow_cost":"CURSE","seed_source_timestamp":945783690808905,"circlet_count":0,"master_deck":["AscendersBane","Strike_B","Strike_B","Strike_B","Defend_B","Defend_B","Defend_B","Defend_B","Zap","Dualcast","Sweeping Beam","Cold Snap","Injury","Go for the Eyes+1","Coolheaded","Cold Snap","Hyperbeam+1","Go for the Eyes","White Noise","Biased Cognition","Self Repair","Heatsinks","Glacier","Blizzard+1"],"relics":["Cracked Core","DataDisk","Golden Idol","Omamori","Darkstone Periapt","Shuriken","Sozu","Smiling Mask"],"potions_floor_usage":[6,6,6,6,16,16],"damage_taken":[{"damage":9,"enemies":"Jaw Worm","floor":1,"turns":2},{"damage":14,"enemies":"Small Slimes","floor":5,"turns":2},{"damage":18,"enemies":"Gremlin Nob","floor":6,"turns":4},{"damage":0,"enemies":"Cultist","floor":8,"turns":4},{"damage":0,"enemies":"Looter","floor":12,"turns":3},{"damage":15,"enemies":"Lagavulin","floor":13,"turns":8},{"damage":0,"enemies":"Blue Slaver","floor":14,"turns":2},{"damage":22,"enemies":"Slime Boss","floor":16,"turns":8},{"damage":12,"enemies":"Chosen","floor":18,"turns":6},{"damage":22,"enemies":"2 Thieves","floor":20,"turns":3},{"damage":0,"enemies":"Sentry and Sphere","floor":22,"turns":5},{"damage":49,"enemies":"Slavers","floor":24,"turns":4}],"seed_played":"-8219333990543955064","potions_obtained":[{"floor":1,"key":"Dexterity Potion"},{"floor":4,"key":"EntropicBrew"},{"floor":6,"key":"Strength Potion"},{"floor":14,"key":"Explosive Potion"}],"is_trial":false,"path_per_floor":["M","$","?","?","M","E","R","M","T","R","?","M","E","M","R","B",null,"M","?","M","?","M","R","E"],"character_chosen":"DEFECT","items_purchased":["DataDisk","Cold Snap"],"campfire_rested":1,"item_purchase_floors":[2,2],"current_hp_per_floor":[55,55,55,55,41,23,44,44,44,44,44,44,29,29,29,7,55,43,43,28,28,42,42,0],"gold":413,"neow_bonus":"TWO_FIFTY_GOLD","is_prod":false,"is_daily":false,"chose_seed":false,"campfire_upgraded":3,"win_rate":0,"timestamp":1553747005,"path_taken":["M","$","?","?","M","E","R","?","T","R","?","M","E","M","R","BOSS","M","?","?","?","M","R","E"],"build_version":"2019-01-23","purchased_purges":1,"victory":false,"max_hp_per_floor":[71,71,71,71,71,71,71,71,71,71,71,71,71,71,71,71,71,71,71,71,71,71,71,71],"card_choices":[{"not_picked":["Streamline","Heatsinks"],"picked":"Sweeping Beam","floor":1},{"not_picked":["Scrape","Stack"],"picked":"Go for the Eyes","floor":5},{"not_picked":["Gash","Recycle"],"picked":"Coolheaded","floor":6},{"not_picked":["Go for the Eyes","Rebound"],"picked":"Cold Snap","floor":8},{"not_picked":["Conserve Battery","Hologram"],"picked":"Hyperbeam","floor":12},{"not_picked":["Recycle","Compile Driver"],"picked":"Go for the Eyes","floor":13},{"not_picked":["Stack","Redo"],"picked":"White Noise","floor":14},{"not_picked":["Rainbow","Amplify"],"picked":"Biased Cognition","floor":16},{"not_picked":["Stack","Turbo"],"picked":"Self Repair","floor":18},{"not_picked":["Leap","Ball Lightning"],"picked":"Glacier","floor":20},{"not_picked":["Rebound","Fusion"],"picked":"Blizzard","floor":22}],"player_experience":1448878,"relics_obtained":[{"floor":6,"key":"Omamori"},{"floor":9,"key":"Darkstone Periapt"},{"floor":13,"key":"Shuriken"}],"event_choices":[{"damage_healed":0,"gold_gain":0,"player_choice":"Take Wound","damage_taken":0,"relics_obtained":["Golden Idol"],"max_hp_gain":0,"max_hp_loss":0,"event_name":"Golden Idol","floor":3,"gold_loss":0,"cards_obtained":["Injury"]},{"damage_healed":0,"gold_gain":0,"player_choice":"Got Potions","damage_taken":0,"max_hp_gain":0,"max_hp_loss":0,"event_name":"Lab","floor":4,"gold_loss":0},{"damage_healed":0,"gold_gain":0,"player_choice":"Ignored","damage_taken":0,"max_hp_gain":0,"max_hp_loss":0,"event_name":"Liars Game","floor":11,"gold_loss":0},{"damage_healed":0,"gold_gain":0,"cards_transformed":["Strike_B"],"player_choice":"Transformed","damage_taken":0,"max_hp_gain":0,"max_hp_loss":0,"event_name":"Transmorgrifier","floor":19,"gold_loss":0,"cards_obtained":["Heatsinks"]},{"damage_healed":0,"gold_gain":0,"player_choice":"Opened","damage_taken":0,"relics_obtained":["Smiling Mask"],"max_hp_gain":0,"max_hp_loss":0,"event_name":"The Mausoleum","floor":21,"gold_loss":0,"cards_obtained":["Writhe"]}],"is_beta":false,"boss_relics":[{"not_picked":["Tiny House","Runic Pyramid"],"picked":"Sozu"}],"items_purged_floors":[2],"is_endless":false,"potions_floor_spawned":[1,6,14,18,20,22],"killed_by":"Slavers","ascension_level":19}