{"gold_per_floor":[361,177,188,188,188,188,205,205,205,205,205,224,238,266,266,266],"floor_reached":16,"playtime":566,"items_purged":["Regret"],"score":200,"play_id":"c0a854cf-586b-4582-9b7b-2636e03e9540","local_time":"20190428052955","is_ascension_mode":true,"campfire_choices":[{"data":"Armaments","floor":6,"key":"SMITH"},{"data":"Bash","floor":8,"key":"SMITH"},{"data":"True Grit","floor":11,"key":"SMITH"},{"data":"Clothesline","floor":15,"key":"SMITH"}],"neow_cost":"CURSE","seed_source_timestamp":473406650521071,"circlet_count":0,"master_deck":["AscendersBane","Strike_R","Strike_R","Strike_R","Strike_R","Strike_R","Defend_R","Defend_R","Defend_R","Defend_R","Bash+1","True Grit+1","True Grit+1","Armaments+1","Flame Barrier","Clothesline+1"],"relics":["Burning Blood","Red Skull","Anchor","Ancient Tea Set"],"potions_floor_usage":[3,13,13],"damage_taken":[{"damage":18,"enemies":"Cultist","floor":1,"turns":5},{"damage":12,"enemies":"Jaw Worm","floor":3,"turns":5},{"damage":9,"enemies":"2 Louse","floor":7,"turns":2},{"damage":6,"enemies":"Looter","floor":12,"turns":4},{"damage":27,"enemies":"Gremlin Gang","floor":13,"turns":6},{"damage":30,"enemies":"3 Sentries","floor":14,"turns":11},{"damage":23,"enemies":"Slime Boss","floor":16,"turns":5}],"seed_played":"-4613928923663219660","potions_obtained":[{"floor":3,"key":"Regen Potion"},{"floor":12,"key":"Swift Potion"}],"is_trial":false,"path_per_floor":["M","$","M","?","T","R","M","R","T","?","R","M","M","E","R","B"],"character_chosen":"IRONCLAD","items_purchased":["True Grit","Energy Potion"],"campfire_rested":0,"item_purchase_floors":[2,2],"current_hp_per_floor":[56,56,50,55,55,55,52,52,52,52,52,52,46,22,22,0],"gold":266,"neow_bonus":"TWO_FIFTY_GOLD","is_prod":false,"is_daily":false,"chose_seed":false,"campfire_upgraded":4,"win_rate":0,"timestamp":1556443795,"path_taken":["M","?","M","?","?","R","?","R","T","?","R","M","M","E","R","BOSS"],"build_version":"2019-01-23","purchased_purges":1,"victory":false,"max_hp_per_floor":[75,75,75,80,80,80,80,80,80,80,80,80,80,80,80,80],"card_choices":[{"not_picked":["Havoc","Power Through"],"picked":"True Grit","floor":1},{"not_picked":["Iron Wave","Wild Strike"],"picked":"Armaments","floor":3},{"not_picked":["Anger","Armaments"],"picked":"Flame Barrier","floor":7},{"not_picked":["Shockwave","Seeing Red"],"picked":"Clothesline","floor":12},{"not_picked":["Clothesline","Thunderclap","Rupture"],"picked":"SKIP","floor":13},{"not_picked":["Headbutt","Infernal Blade","Body Slam"],"picked":"SKIP","floor":14}],"player_experience":2033672,"relics_obtained":[{"floor":5,"key":"Red Skull"},{"floor":9,"key":"Anchor"},{"floor":14,"key":"Ancient Tea Set"}],"event_choices":[{"damage_healed":0,"gold_gain":0,"player_choice":"Donut","damage_taken":0,"max_hp_gain":5,"max_hp_loss":0,"event_name":"Big Fish","floor":4,"gold_loss":0},{"damage_healed":0,"gold_gain":0,"player_choice":"Grow","damage_taken":0,"max_hp_gain":0,"max_hp_loss":0,"event_name":"Living Wall","floor":10,"gold_loss":0,"cards_upgraded":["True Grit"]}],"is_beta":false,"boss_relics":[],"items_purged_floors":[2],"is_endless":false,"potions_floor_spawned":[3,12],"killed_by":"Slime Boss","ascension_level":20}