{"gold_per_floor":[116,116,185,45,55,105,121,121,172,222],"floor_reached":10,"playtime":461,"items_purged":[],"score":116,"play_id":"71abec39-03f8-43e5-b7fe-abeb4b4fb529","local_time":"20190408021337","is_ascension_mode":true,"campfire_choices":[{"data":"Neutralize","floor":8,"key":"SMITH"}],"neow_cost":"NONE","seed_source_timestamp":576107279190401,"circlet_count":0,"master_deck":["AscendersBane","Defend_G","Defend_G","Defend_G","Defend_G","Defend_G","Strike_G","Strike_G","Strike_G","Strike_G","Strike_G","Survivor","Neutralize+1","Deflect","PiercingWail","Blur","Dash","Riddle With Holes"],"relics":["Ring of the Snake","SsserpentHead","Strawberry","Bag of Preparation"],"potions_floor_usage":[7,10],"damage_taken":[{"damage":5,"enemies":"Small Slimes","floor":1,"turns":5},{"damage":4,"enemies":"Cultist","floor":3,"turns":6},{"damage":4,"enemies":"Jaw Worm","floor":5,"turns":7},{"damage":0,"enemies":"Looter","floor":7,"turns":5},{"damage":44,"enemies":"Lagavulin Event","floor":10,"turns":7}],"seed_played":"7704831228406224505","potions_obtained":[{"floor":1,"key":"FearPotion"},{"floor":7,"key":"SteroidPotion"}],"is_trial":false,"path_per_floor":["M","?","M","$","M","?","M","R","T","?"],"character_chosen":"THE_SILENT","items_purchased":["PiercingWail","Blur","Dash"],"campfire_rested":0,"item_purchase_floors":[4,4,4],"current_hp_per_floor":[60,60,56,56,52,48,48,48,48,4],"gold":222,"neow_bonus":"TEN_PERCENT_HP_BONUS","is_prod":false,"is_daily":false,"chose_seed":false,"campfire_upgraded":1,"win_rate":0,"timestamp":1554704017,"path_taken":["M","?","?","?","M","?","M","R","T","?"],"build_version":"2019-01-23","purchased_purges":0,"victory":false,"max_hp_per_floor":[72,72,72,72,72,79,79,79,79,79],"card_choices":[{"not_picked":["Reflex","Prepared","Outmaneuver"],"picked":"SKIP","floor":1},{"not_picked":["Riddle With Holes","Eviscerate"],"picked":"Deflect","floor":3},{"not_picked":["Poisoned Stab","Acrobatics"],"picked":"Riddle With Holes","floor":5},{"not_picked":["Bane","Slice","Flying Knee"],"picked":"SKIP","floor":7}],"player_experience":1720561,"relics_obtained":[{"floor":9,"key":"Bag of Preparation"}],"event_choices":[{"damage_healed":0,"gold_gain":0,"player_choice":"Trade","damage_taken":0,"relics_obtained":["SsserpentHead"],"max_hp_gain":0,"max_hp_loss":0,"event_name":"FaceTrader","floor":2,"gold_loss":0},{"damage_healed":0,"gold_gain":0,"player_choice":"Success","damage_taken":11,"relics_obtained":["Strawberry"],"max_hp_gain":0,"max_hp_loss":0,"event_name":"Scrap Ooze","floor":6,"gold_loss":0},{"damage_healed":0,"gold_gain":0,"player_choice":"Searched \u00271\u0027 times","damage_taken":0,"max_hp_gain":0,"max_hp_loss":0,"event_name":"Dead Adventurer","floor":10,"gold_loss":0}],"is_beta":false,"boss_relics":[],"items_purged_floors":[],"is_endless":false,"potions_floor_spawned":[1,7],"killed_by":"Lagavulin Event","ascension_level":20}