{"gold_per_floor":[112,28,28,28,45,45,45,45,45,45,65,78,78,109,109,109],"floor_reached":16,"playtime":307,"items_purged":[],"score":196,"play_id":"4377854c-fc7c-4a54-b8e9-3aa15404bb2f","local_time":"20190313181828","is_ascension_mode":true,"campfire_choices":[{"data":"Neutralize","floor":6,"key":"SMITH"},{"data":"Noxious Fumes","floor":8,"key":"SMITH"},{"data":"Dagger Spray","floor":10,"key":"SMITH"},{"data":"Malaise","floor":13,"key":"SMITH"},{"floor":15,"key":"REST"}],"neow_cost":"NONE","seed_source_timestamp":2557893061282,"circlet_count":0,"master_deck":["AscendersBane","Defend_G","Defend_G","Defend_G","Defend_G","Defend_G","Strike_G","Strike_G","Strike_G","Strike_G","Strike_G","Survivor","Neutralize+1","Shame","Parasite","Quick Slash","Noxious Fumes+1","Dagger Spray+1","Escape Plan","Malaise+1"],"relics":["Calling Bell","Pen Nib","Letter Opener","Turnip","Golden Idol","Art of War"],"potions_floor_usage":[],"damage_taken":[{"damage":7,"enemies":"Jaw Worm","floor":1,"turns":6},{"damage":12,"enemies":"Small Slimes","floor":5,"turns":4},{"damage":0,"enemies":"2 Louse","floor":11,"turns":2},{"damage":3,"enemies":"Looter","floor":12,"turns":3},{"damage":25,"enemies":"3 Sentries","floor":14,"turns":6},{"damage":46,"enemies":"Slime Boss","floor":16,"turns":8}],"seed_played":"3671179882535608898","potions_obtained":[],"is_trial":false,"path_per_floor":["M","$","?","?","M","R","?","R","T","R","M","M","R","E","R","B"],"character_chosen":"THE_SILENT","items_purchased":["Noxious Fumes"],"campfire_rested":1,"item_purchase_floors":[2],"current_hp_per_floor":[52,52,57,57,45,45,45,45,45,45,45,42,42,17,36,0],"gold":109,"neow_bonus":"BOSS_RELIC","is_prod":false,"is_daily":false,"chose_seed":false,"campfire_upgraded":4,"win_rate":0,"timestamp":1552526308,"path_taken":["M","$","?","?","M","R","?","R","T","R","?","M","R","E","R","BOSS"],"build_version":"2019-02-06","purchased_purges":0,"victory":false,"max_hp_per_floor":[66,66,71,71,71,71,64,64,64,64,64,64,64,64,64,64],"card_choices":[{"not_picked":["Backflip","Heel Hook"],"picked":"Quick Slash","floor":1},{"not_picked":["Outmaneuver","Quick Slash"],"picked":"Dagger Spray","floor":5},{"not_picked":["Dagger Spray","Catalyst"],"picked":"Escape Plan","floor":11},{"not_picked":["Deadly Poison","Slice"],"picked":"Malaise","floor":12},{"not_picked":["Sucker Punch","Dagger Spray","Choke"],"picked":"SKIP","floor":14}],"player_experience":1167821,"relics_obtained":[{"floor":0,"key":"Pen Nib"},{"floor":0,"key":"Letter Opener"},{"floor":0,"key":"Turnip"},{"floor":14,"key":"Art of War"}],"event_choices":[{"damage_healed":0,"gold_gain":0,"player_choice":"Donut","damage_taken":0,"max_hp_gain":5,"max_hp_loss":0,"event_name":"Big Fish","floor":3,"gold_loss":0},{"cards_removed":["Normality"],"damage_healed":0,"gold_gain":0,"player_choice":"Forget","damage_taken":0,"max_hp_gain":0,"max_hp_loss":0,"event_name":"Living Wall","floor":4,"gold_loss":0},{"damage_healed":0,"gold_gain":0,"player_choice":"Lose Max HP","damage_taken":0,"relics_obtained":["Golden Idol"],"max_hp_gain":0,"max_hp_loss":7,"event_name":"Golden Idol","floor":7,"gold_loss":0}],"is_beta":true,"boss_relics":[],"items_purged_floors":[],"is_endless":false,"potions_floor_spawned":[],"killed_by":"Slime Boss","ascension_level":20}