{"gold_per_floor":[218,2,2,2,21,21,35,35,60,88,138,138,163,173,173,173],"floor_reached":16,"playtime":511,"items_purged":[],"score":220,"play_id":"fd9805b9-9c60-4f1c-a78d-2199d6c0716b","local_time":"20190510121151","is_ascension_mode":true,"campfire_choices":[{"data":"Coolheaded","floor":6.0,"key":"SMITH"},{"data":"Static Discharge","floor":8.0,"key":"SMITH"},{"floor":15,"key":"REST"}],"neow_cost":"NONE","seed_source_timestamp":1534471610229142,"circlet_count":0,"master_deck":["AscendersBane","Strike_B","Strike_B+1","Strike_B+1","Strike_B","Defend_B","Defend_B","Defend_B","Defend_B","Zap+1","Dualcast","Coolheaded+1","Static Discharge+1","Self Repair","Sunder","Heatsinks","Compile Driver","Rip and Tear"],"special_seed":0,"relics":["Cracked Core","Membership Card","Whetstone","Ancient Tea Set","Prayer Wheel"],"potions_floor_usage":[16],"damage_taken":[{"damage":15.0,"enemies":"2 Louse","floor":1.0,"turns":2.0},{"damage":1.0,"enemies":"Cultist","floor":5.0,"turns":3.0},{"damage":7.0,"enemies":"Jaw Worm","floor":7.0,"turns":3.0},{"damage":23.0,"enemies":"3 Sentries","floor":10.0,"turns":6.0},{"damage":0.0,"enemies":"Gremlin Gang","floor":12.0,"turns":1.0},{"damage":21.0,"enemies":"Lagavulin","floor":13.0,"turns":5.0},{"damage":6,"enemies":"Looter","floor":14,"turns":2},{"damage":26,"enemies":"Slime Boss","floor":16,"turns":6}],"seed_played":"3503059619122128681","potions_obtained":[{"floor":7.0,"key":"SmokeBomb"},{"floor":10.0,"key":"PowerPotion"},{"floor":14,"key":"FocusPotion"}],"is_trial":false,"path_per_floor":["M","$","?","$","M","R","M","R","T","E","?","M","E","M","R","B"],"character_chosen":"DEFECT","items_purchased":["Membership Card"],"campfire_rested":1,"item_purchase_floors":[2],"current_hp_per_floor":[49,49,49,49,48,48,41,41,41,25,25,25,11,5,26,0],"gold":173,"neow_bonus":"HUNDRED_GOLD","is_prod":false,"is_daily":false,"chose_seed":false,"campfire_upgraded":2,"win_rate":0,"timestamp":1557504711,"path_taken":["M","$","?","?","?","R","M","R","T","E","?","M","E","?","R","BOSS"],"build_version":"2019-01-23","purchased_purges":0,"victory":false,"max_hp_per_floor":[71,71,71,71,71,71,71,71,71,71,71,71,71,71,71,71],"card_choices":[{"not_picked":["Stack","Hello World"],"picked":"Coolheaded","floor":1.0},{"not_picked":["Coolheaded","Steam"],"picked":"Static Discharge","floor":5.0},{"not_picked":["Rebound","Redo"],"picked":"Self Repair","floor":7.0},{"not_picked":["Redo","Aggregate"],"picked":"Sunder","floor":10.0},{"not_picked":["Meteor Strike","Lockon"],"picked":"Heatsinks","floor":13.0},{"not_picked":["Redo","Rebound"],"picked":"Compile Driver","floor":14},{"not_picked":["Barrage","Leap"],"picked":"Rip and Tear","floor":14}],"player_experience":2553014,"relics_obtained":[{"floor":9.0,"key":"Whetstone"},{"floor":10.0,"key":"Ancient Tea Set"},{"floor":13.0,"key":"Prayer Wheel"}],"event_choices":[{"damage_healed":0.0,"max_hp_gain":0.0,"max_hp_loss":0.0,"gold_gain":0.0,"event_name":"Upgrade Shrine","player_choice":"Upgraded","floor":3.0,"gold_loss":0.0,"damage_taken":0.0,"cards_upgraded":["Zap"]},{"damage_healed":0.0,"max_hp_gain":0.0,"max_hp_loss":0.0,"gold_gain":50.0,"event_name":"Golden Shrine","player_choice":"Pray","floor":11.0,"gold_loss":0.0,"damage_taken":0.0}],"is_beta":false,"boss_relics":[],"items_purged_floors":[],"is_endless":false,"potions_floor_spawned":[7,10,12,14],"killed_by":"Slime Boss","ascension_level":20}