{"gold_per_floor":[362,362,379,393,68,68,88,106,106,106,106,12,75,75,75,173,173,188,287,287,37,50,50,50,50,73,103,119,146,146,178,178,278,278,293,293,393,403,28,53,66,79,103,133,133,147,172,186,186,186,186,186,38,70,70],"floor_reached":55,"playtime":4808,"items_purged":["Strike_R","Strike_R","Strike_R"],"score":1270,"play_id":"229b06dd-f95c-40f4-83b9-d9366130da15","local_time":"20190503154909","is_ascension_mode":true,"campfire_choices":[{"data":"Heavy Blade","floor":6,"key":"SMITH"},{"data":"Pommel Strike","floor":11,"key":"SMITH"},{"floor":15,"key":"REST"},{"data":"Clothesline","floor":25,"key":"SMITH"},{"floor":32,"key":"REST"},{"data":"Heavy Blade","floor":45,"key":"SMITH"},{"floor":49,"key":"RECALL"},{"data":"Defend_R","floor":52,"key":"SMITH"}],"neow_cost":"PERCENT_DAMAGE","seed_source_timestamp":1889805546700193,"circlet_count":0,"master_deck":["Strike_R+1","Strike_R+1","Defend_R+1","Defend_R+1","Defend_R+1","Defend_R+1","Bash","Heavy Blade+1","Spot Weakness+1","Heavy Blade+1","Limit Break+1","Pommel Strike+1","Iron Wave","Finesse+1","Clothesline+1","Offering+1","Bloodletting+1","J.A.X.+1","Apotheosis+1","Ghostly Armor+1","Flex+1","True Grit+1","Reaper","Disarm+1","Madness+1","Madness+1","Body Slam+1","Flex+1","Flame Barrier+1","True Grit+1","Blood for Blood+1","Intimidate+1","Anger+1","Warcry+1","Inflame+1"],"relics":["Burning Blood","Toxic Egg 2","Odd Mushroom","Whetstone","Ornamental Fan","Tiny Chest","Blood Vial","Runic Pyramid","Bronze Scales","War Paint","Regal Pillow","Pear","Meat on the Bone","Busted Crown","Thread and Needle","Pen Nib","Frozen Egg 2","Happy Flower","Shuriken","Orichalcum"],"potions_floor_usage":[16,16,22,22,29,33,50,55],"damage_taken":[{"damage":8,"enemies":"Jaw Worm","floor":1,"turns":5},{"damage":6,"enemies":"Small Slimes","floor":3,"turns":3},{"damage":8,"enemies":"2 Louse","floor":4,"turns":3},{"damage":17,"enemies":"The Mushroom Lair","floor":7,"turns":5},{"damage":0,"enemies":"Large Slime","floor":8,"turns":4},{"damage":15,"enemies":"3 Sentries","floor":13,"turns":5},{"damage":8,"enemies":"Hexaghost","floor":16,"turns":9},{"damage":6,"enemies":"Spheric Guardian","floor":18,"turns":3},{"damage":15,"enemies":"2 Thieves","floor":22,"turns":2},{"damage":12,"enemies":"Gremlin Leader","floor":27,"turns":4},{"damage":8,"enemies":"Snecko","floor":28,"turns":4},{"damage":24,"enemies":"Book of Stabbing","floor":29,"turns":2},{"damage":12,"enemies":"Gremlin Leader","floor":31,"turns":3},{"damage":32,"enemies":"Collector","floor":33,"turns":6},{"damage":38,"enemies":"3 Darklings","floor":35,"turns":4},{"damage":9,"enemies":"Mind Bloom Boss Battle","floor":37,"turns":3},{"damage":0,"enemies":"Orb Walker","floor":38,"turns":3},{"damage":29,"enemies":"Reptomancer","floor":40,"turns":5},{"damage":12,"enemies":"Maw","floor":41,"turns":5},{"damage":13,"enemies":"Writhing Mass","floor":42,"turns":4},{"damage":15,"enemies":"Giant Head","floor":44,"turns":5},{"damage":9,"enemies":"Sphere and 2 Shapes","floor":46,"turns":4},{"damage":11,"enemies":"Nemesis","floor":47,"turns":5},{"damage":12,"enemies":"3 Darklings","floor":48,"turns":5},{"damage":61,"enemies":"Awakened One","floor":50,"turns":9},{"damage":70,"enemies":"Shield and Spear","floor":54,"turns":4},{"damage":82,"enemies":"The Heart","floor":55,"turns":5}],"seed_played":"7112060425189334719","potions_obtained":[{"floor":4,"key":"Explosive Potion"},{"floor":7,"key":"LiquidBronze"},{"floor":13,"key":"Block Potion"},{"floor":16,"key":"SkillPotion"},{"floor":22,"key":"Swift Potion"},{"floor":27,"key":"Energy Potion"},{"floor":38,"key":"FearPotion"},{"floor":40,"key":"LiquidBronze"},{"floor":41,"key":"PowerPotion"}],"is_trial":false,"path_per_floor":["M","?","M","M","$","R","?","M","T","?","R","$","E","T","R","B",null,"M","?","?","$","M","?","T","R","T","E","M","E","?","E","R","B",null,"M","?","?","M","$","E","M","M","T","E","R","M","E","M","R","B",null,"R","$","E","B"],"character_chosen":"IRONCLAD","items_purchased":["Toxic Egg 2","Limit Break+1","Finesse+1","Apotheosis+1","Flex+1","Flame Barrier+1","Pen Nib","Warcry+1"],"campfire_rested":2,"item_purchase_floors":[5,5,12,21,39,39,39,53],"current_hp_per_floor":[49,33,33,31,31,31,20,26,26,26,26,26,17,17,41,41,70,72,72,72,72,65,50,50,50,50,46,46,40,40,36,79,55,85,81,69,80,88,88,78,93,93,93,95,95,92,95,95,95,75,90,90,90,54,0],"gold":70,"neow_bonus":"TWO_FIFTY_GOLD","is_prod":false,"is_daily":false,"chose_seed":false,"campfire_upgraded":5,"win_rate":0,"timestamp":1556894949,"path_taken":["M","?","M","M","$","R","?","M","T","?","R","?","E","?","R","BOSS","M","?","?","$","M","?","?","R","T","E","?","E","?","E","R","BOSS","M","?","?","M","$","E","?","M","T","E","R","?","E","M","R","BOSS","R","$","E","BOSS"],"build_version":"2019-01-23","purchased_purges":3,"victory":false,"max_hp_per_floor":[80,80,80,80,80,80,80,80,80,80,80,80,80,80,80,80,80,80,80,80,80,80,85,85,85,85,85,85,95,95,95,95,95,95,95,95,95,95,95,95,95,95,95,95,95,95,95,95,95,95,95,95,95,95,95],"card_choices":[{"not_picked":["Power Through","Pummel"],"picked":"Heavy Blade","floor":1},{"not_picked":["Warcry","Headbutt"],"picked":"Spot Weakness","floor":3},{"not_picked":["Perfected Strike","Dual Wield"],"picked":"Heavy Blade","floor":4},{"not_picked":["Exhume+1","Thunderclap"],"picked":"Pommel Strike","floor":7},{"not_picked":["Clothesline","Pommel Strike"],"picked":"Iron Wave","floor":8},{"not_picked":["Flex+1","Body Slam"],"picked":"Clothesline","floor":13},{"not_picked":["Bludgeon","Fiend Fire"],"picked":"Offering+1","floor":16},{"not_picked":["Pommel Strike","Anger"],"picked":"Bloodletting+1","floor":18},{"not_picked":["Havoc+1","Carnage"],"picked":"Ghostly Armor+1","floor":22},{"not_picked":["Cleave","Carnage+1","Wild Strike"],"picked":"SKIP","floor":27},{"not_picked":["Offering+1","Feel No Pain+1"],"picked":"Flex+1","floor":28},{"not_picked":["Bloodletting+1","Heavy Blade"],"picked":"True Grit+1","floor":29},{"not_picked":["Cleave+1","Reckless Charge","Sever Soul+1"],"picked":"SKIP","floor":31},{"not_picked":["Dark Embrace","Impervious+1"],"picked":"Reaper","floor":33},{"not_picked":[],"picked":"Disarm+1","floor":35},{"not_picked":["Body Slam+1"],"picked":"SKIP","floor":38},{"not_picked":[],"picked":"Body Slam+1","floor":38},{"not_picked":[],"picked":"True Grit+1","floor":40},{"not_picked":[],"picked":"Blood for Blood+1","floor":41},{"not_picked":[],"picked":"Intimidate+1","floor":42},{"not_picked":["Corruption+1"],"picked":"SKIP","floor":44},{"not_picked":[],"picked":"Anger+1","floor":46},{"not_picked":["Fire Breathing+1"],"picked":"SKIP","floor":47},{"not_picked":["Iron Wave"],"picked":"SKIP","floor":48},{"not_picked":[],"picked":"Inflame+1","floor":54}],"player_experience":284884,"relics_obtained":[{"floor":7,"key":"Odd Mushroom"},{"floor":9,"key":"Whetstone"},{"floor":13,"key":"Tiny Chest"},{"floor":14,"key":"Blood Vial"},{"floor":24,"key":"Bronze Scales"},{"floor":26,"key":"War Paint"},{"floor":27,"key":"Regal Pillow"},{"floor":29,"key":"Pear"},{"floor":31,"key":"Meat on the Bone"},{"floor":37,"key":"Thread and Needle"},{"floor":40,"key":"Frozen Egg 2"},{"floor":44,"key":"Happy Flower"},{"floor":47,"key":"Shuriken"},{"floor":54,"key":"Orichalcum"}],"event_choices":[{"damage_healed":0,"gold_gain":0,"player_choice":"Entered Light","damage_taken":16,"max_hp_gain":0,"max_hp_loss":0,"event_name":"Shining Light","floor":2,"gold_loss":0,"cards_upgraded":["Defend_R","Defend_R"]},{"damage_healed":0,"gold_gain":0,"player_choice":"Fought Mushrooms","damage_taken":0,"max_hp_gain":0,"max_hp_loss":0,"event_name":"Mushrooms","floor":7,"gold_loss":0},{"damage_healed":0,"gold_gain":0,"player_choice":"Searched \u00271\u0027 times","damage_taken":0,"relics_obtained":["Ornamental Fan"],"max_hp_gain":0,"max_hp_loss":0,"event_name":"Dead Adventurer","floor":10,"gold_loss":0},{"damage_healed":0,"gold_gain":99,"player_choice":"Stole From Cult","damage_taken":0,"max_hp_gain":0,"max_hp_loss":0,"event_name":"Nest","floor":19,"gold_loss":0},{"damage_healed":0,"gold_gain":0,"player_choice":"Obtain J.A.X.","damage_taken":0,"max_hp_gain":0,"max_hp_loss":0,"event_name":"Drug Dealer","floor":20,"gold_loss":0,"cards_obtained":["J.A.X."]},{"damage_healed":0,"gold_gain":0,"player_choice":"Shed Blood","damage_taken":20,"max_hp_gain":5,"max_hp_loss":0,"event_name":"Forgotten Altar","floor":23,"gold_loss":0},{"damage_healed":0,"gold_gain":0,"player_choice":"Ignored","damage_taken":0,"max_hp_gain":0,"max_hp_loss":0,"event_name":"Ghosts","floor":30,"gold_loss":0},{"damage_healed":0,"gold_gain":0,"player_choice":"Embrace Madness","damage_taken":12,"max_hp_gain":0,"max_hp_loss":0,"event_name":"Winding Halls","floor":36,"gold_loss":0,"cards_obtained":["Madness","Madness"]},{"damage_healed":0,"gold_gain":0,"player_choice":"Fight","damage_taken":0,"max_hp_gain":0,"max_hp_loss":0,"event_name":"MindBloom","floor":37,"gold_loss":0}],"is_beta":false,"boss_relics":[{"not_picked":["Pandora\u0027s Box","Runic Cube"],"picked":"Runic Pyramid"},{"not_picked":["Lizard Tail","Philosopher\u0027s Stone"],"picked":"Busted Crown"}],"items_purged_floors":[21,39,53],"is_endless":false,"potions_floor_spawned":[4,7,13,16,22,27,38,40,41,46,47],"killed_by":"The Heart","ascension_level":8}