{"path_per_floor":["M","?","M","?","?","R","E","$","T","M","M","R","M","E","R","B",null,"M","?","M","M","?","R","E","R","T","M","E","$","E","$","R","B",null,"M","M","M","M","M","R","E","M","T","R","M","M","?","$","R","B"],"character_chosen":"IRONCLAD","items_purchased":["Ancient Tea Set","Bandage Up","Bottled Lightning","Dropkick","Iron Wave","Dead Branch"],"gold_per_floor":[119,119,129,129,129,129,162,12,12,26,46,46,61,99,99,229,229,247,247,272,291,291,291,322,322,373,383,409,73,106,24,24,120,120,138,149,160,175,189,189,224,244,298,298,314,324,324,24,24,24],"floor_reached":51,"campfire_rested":0,"playtime":3948,"current_hp_per_floor":[80,80,80,60,44,44,29,29,29,28,34,34,38,30,30,7,80,60,60,38,42,42,42,70,70,75,83,67,67,56,56,56,41,90,90,90,90,61,68,68,78,56,61,61,84,65,65,65,65,32],"items_purged":[],"gold":24,"score":574,"play_id":"a8f1cfc1-c98e-437e-934a-d786225f4db3","is_prod":false,"is_daily":false,"is_ascension_mode":false,"campfire_upgraded":9,"path_taken":["M","?","M","?","?","R","E","$","T","M","M","R","M","E","R","BOSS","M","?","?","M","?","R","E","R","T","M","E","$","E","$","R","BOSS","M","M","M","M","M","R","E","M","T","R","M","M","?","$","R","BOSS"],"build_version":"2018-02-12-PROD1","purchased_purges":3,"victory":true,"master_deck":["Strike_R+1","Strike_R+1","Defend_R","Defend_R","Bash+1","Thunderclap+1","Dropkick+1","Hemokinesis+1","Cleave+1","Dropkick+1","Reaper+1","Limit Break+1","Searing Blow+2","Perfected Strike+1","Armaments+1","Pommel Strike+1","Blood for Blood+1","True Grit+1","Flex+1","Uppercut+1","Bandage Up+1","Bloodletting+1","Dropkick+1","Iron Wave+1","Battle Trance+1","Perfected Strike+1","Wild Strike+1","Burning Pact+1","Spot Weakness+1","Pummel+1","Decay","Flex+1","Inflame+1","Wild Strike+1"],"max_hp_per_floor":[80,80,80,80,80,80,80,80,80,80,80,80,80,80,80,80,80,80,80,80,80,80,80,90,90,90,90,90,90,90,90,90,90,90,90,90,90,90,90,90,90,90,90,90,90,90,90,90,90,90],"relics":["Burning Blood","Bloody Idol","Whetstone","Ancient Tea Set","Pen Nib","Gremlin Horn","Astrolabe","Pear","Anchor","Molten Egg 2","Bottled Lightning","Lantern","Cursed Key","Dream Catcher","Bronze Scales","Dead Branch"],"card_choices":[{"not_picked":["Second Wind","Clothesline"],"picked":"Thunderclap"},{"not_picked":["Headbutt","Sword Boomerang"],"picked":"Dropkick"},{"not_picked":["Impervious","Flex"],"picked":"Hemokinesis"},{"not_picked":["Wild Strike","True Grit"],"picked":"Cleave"},{"not_picked":["Havoc","Shrug It Off"],"picked":"Dropkick"},{"not_picked":["Headbutt","Pommel Strike"],"picked":"Reaper"},{"not_picked":["Juggernaut","Fiend Fire"],"picked":"Limit Break"},{"not_picked":["Thunderclap","Shockwave"],"picked":"Pommel Strike"},{"not_picked":["Shockwave","Headbutt"],"picked":"Blood for Blood"},{"not_picked":["Seeing Red","Blood for Blood"],"picked":"True Grit"},{"not_picked":["Rampage","Iron Wave"],"picked":"Flex"},{"not_picked":["Whirlwind","Armaments"],"picked":"Uppercut"},{"not_picked":["Dark Embrace","Headbutt"],"picked":"Bloodletting"},{"not_picked":["Power Through","Heavy Blade"],"picked":"Battle Trance"},{"not_picked":["True Grit","Clothesline"],"picked":"Perfected Strike"},{"not_picked":["Anger","Corruption"],"picked":"Wild Strike"},{"not_picked":["Heavy Blade","Dark Embrace"],"picked":"Burning Pact"},{"not_picked":["Shockwave","Feel No Pain"],"picked":"Spot Weakness"},{"not_picked":["Reckless Charge","Cleave"],"picked":"Pummel"},{"not_picked":["Wild Strike","Second Wind"],"picked":"Flex"},{"not_picked":["Hemokinesis","Spot Weakness"],"picked":"Inflame"}],"player_experience":249298,"potions_floor_usage":[7,14,16,21,24,28,39,39,45,50,50],"damage_taken":[{"damage":6,"enemies":"Cultist","floor":1,"turns":3},{"damage":4,"enemies":"2 Louse","floor":3,"turns":3},{"damage":21,"enemies":"Lagavulin","floor":7,"turns":5},{"damage":7,"enemies":"Blue Slaver","floor":10,"turns":4},{"damage":0,"enemies":"2 Fungi Beasts","floor":11,"turns":2},{"damage":2,"enemies":"3 Louse","floor":13,"turns":2},{"damage":14,"enemies":"3 Sentries","floor":14,"turns":5},{"damage":41,"enemies":"The Guardian","floor":16,"turns":9},{"damage":26,"enemies":"Spheric Guardian","floor":18,"turns":5},{"damage":37,"enemies":"3 Byrds","floor":20,"turns":6},{"damage":2,"enemies":"Cultist and Chosen","floor":21,"turns":3},{"damage":8,"enemies":"Gremlin Leader","floor":24,"turns":4},{"damage":3,"enemies":"Sentry and Sphere","floor":27,"turns":3},{"damage":27,"enemies":"Book of Stabbing","floor":28,"turns":4},{"damage":36,"enemies":"Gremlin Leader","floor":30,"turns":6},{"damage":30,"enemies":"Automaton","floor":33,"turns":6},{"damage":2,"enemies":"Orb Walker","floor":35,"turns":1},{"damage":10,"enemies":"3 Shapes","floor":36,"turns":2},{"damage":5,"enemies":"3 Darklings","floor":37,"turns":2},{"damage":49,"enemies":"Maw","floor":38,"turns":6},{"damage":15,"enemies":"Sphere and 2 Shapes","floor":39,"turns":3},{"damage":5,"enemies":"Giant Head","floor":41,"turns":5},{"damage":37,"enemies":"4 Shapes","floor":42,"turns":3},{"damage":9,"enemies":"3 Darklings","floor":45,"turns":2},{"damage":36,"enemies":"Sphere and 2 Shapes","floor":46,"turns":4},{"damage":60,"enemies":"Awakened One","floor":50,"turns":6}],"event_choices":[{"event_name":"Living Wall","player_choice":"Forget","floor":2,"damage_taken":0},{"event_name":"Golden Idol","player_choice":"Take Damage","floor":4,"damage_taken":0},{"event_name":"Shining Light","player_choice":"Entered Light","floor":5,"damage_taken":0},{"event_name":"Vampires","player_choice":"Ignored","floor":19,"damage_taken":0},{"event_name":"Forgotten Altar","player_choice":"Gave Idol","floor":22,"damage_taken":0},{"event_name":"Transmorgrifier","player_choice":"Transform","floor":47,"damage_taken":0}],"boss_relics":[{"not_picked":["Tiny House","Ectoplasm"],"picked":"Astrolabe"},{"not_picked":["Calling Bell","Runic Dome"],"picked":"Cursed Key"}],"potions_floor_spawned":[1,7,13,20,21,27,33,38,39,41,45],"seed_played":"2250536020350395736","ascension_level":0,"is_trial":false}