{"gold_per_floor":[210,221,237,248,248,248,282,184,184,195,35,61,61,61],"floor_reached":14,"playtime":540,"items_purged":[],"score":200,"play_id":"9fb3a597-2b4d-4ddc-8867-ab94384d5ed7","local_time":"20190317154243","is_ascension_mode":true,"campfire_choices":[{"data":"Uppercut","floor":6,"key":"SMITH"}],"neow_cost":"NONE","seed_source_timestamp":50871466076647,"circlet_count":0,"master_deck":["AscendersBane","Strike_R","Strike_R","Strike_R","Strike_R","Strike_R","Defend_R","Defend_R","Defend_R","Bash","Uppercut+1","Inflame","Shrug It Off","Twin Strike","Disarm","Twin Strike","Limit Break"],"relics":["Burning Blood","Peace Pipe","Matryoshka","Happy Flower","Frozen Egg 2","Bronze Scales","Dream Catcher"],"potions_floor_usage":[3,12],"damage_taken":[{"damage":10,"enemies":"Small Slimes","floor":1,"turns":4},{"damage":4,"enemies":"Cultist","floor":2,"turns":3},{"damage":9,"enemies":"Jaw Worm","floor":3,"turns":3},{"damage":17,"enemies":"3 Louse","floor":4,"turns":5},{"damage":25,"enemies":"Lagavulin","floor":7,"turns":7},{"damage":8,"enemies":"Large Slime","floor":10,"turns":5},{"damage":15,"enemies":"3 Sentries","floor":12,"turns":6},{"damage":22,"enemies":"Gremlin Gang","floor":14,"turns":2}],"seed_played":"4598702616476293969","potions_obtained":[{"floor":2,"key":"SteroidPotion"},{"floor":10,"key":"SteroidPotion"}],"is_trial":false,"path_per_floor":["M","M","M","M","?","R","E","?","T","M","$","E","?","M"],"character_chosen":"IRONCLAD","items_purchased":["Bronze Scales"],"campfire_rested":0,"item_purchase_floors":[11],"current_hp_per_floor":[64,66,63,52,45,45,26,26,26,24,24,15,15,0],"gold":61,"neow_bonus":"HUNDRED_GOLD","is_prod":false,"is_daily":false,"chose_seed":false,"campfire_upgraded":1,"win_rate":0,"timestamp":1552851763,"path_taken":["M","M","M","M","?","R","E","?","T","?","$","E","?","M"],"build_version":"2019-01-23","purchased_purges":0,"victory":false,"max_hp_per_floor":[75,75,75,75,75,75,75,75,75,75,75,75,75,75],"card_choices":[{"not_picked":["Thunderclap","Armaments"],"picked":"Uppercut","floor":1},{"not_picked":["Clothesline","Clash"],"picked":"Inflame","floor":2},{"not_picked":["Pommel Strike","Uppercut"],"picked":"Shrug It Off","floor":3},{"not_picked":["Sword Boomerang","Blood for Blood"],"picked":"Twin Strike","floor":4},{"not_picked":["Flame Barrier","Warcry"],"picked":"Disarm","floor":7},{"not_picked":["Blood for Blood","Perfected Strike"],"picked":"Twin Strike","floor":10},{"not_picked":["Disarm","Rampage"],"picked":"Limit Break","floor":12}],"player_experience":1172070,"relics_obtained":[{"floor":7,"key":"Peace Pipe"},{"floor":9,"key":"Happy Flower"},{"floor":9,"key":"Frozen Egg 2"},{"floor":12,"key":"Dream Catcher"}],"event_choices":[{"cards_removed":["Defend_R"],"damage_healed":0,"gold_gain":0,"player_choice":"Card Removal","damage_taken":7,"max_hp_gain":0,"max_hp_loss":0,"event_name":"Golden Wing","floor":5,"gold_loss":0},{"damage_healed":0,"gold_gain":0,"player_choice":"Paid Gold","damage_taken":0,"relics_obtained":["Matryoshka"],"max_hp_gain":0,"max_hp_loss":0,"event_name":"WeMeetAgain","floor":8,"gold_loss":98},{"damage_healed":0,"gold_gain":0,"player_choice":"Ignored","damage_taken":0,"max_hp_gain":0,"max_hp_loss":0,"event_name":"Shining Light","floor":13,"gold_loss":0}],"is_beta":false,"boss_relics":[],"items_purged_floors":[],"is_endless":false,"potions_floor_spawned":[2,10],"killed_by":"Gremlin Gang","ascension_level":20}