{"gold_per_floor":[119,133,149,33,50,50,70,70,97,97,131,131],"floor_reached":12,"playtime":267,"items_purged":["Setup"],"score":160,"play_id":"bc02a6c9-d5e0-4ffc-933f-699c7a0b8158","local_time":"20181205152044","is_ascension_mode":true,"campfire_choices":[{"floor":6,"key":"REST"},{"data":"Footwork","floor":8,"key":"SMITH"},{"data":"Neutralize","floor":10,"key":"SMITH"}],"neow_cost":"TEN_PERCENT_HP_LOSS","seed_source_timestamp":446314350909857,"circlet_count":0,"master_deck":["AscendersBane","Defend_G","Defend_G","Defend_G","Defend_G","Defend_G","Strike_G","Strike_G","Strike_G","Survivor","Neutralize+1","Finisher","Footwork","Caltrops","Dagger Spray","Footwork+1","Quick Slash","Poisoned Stab","Deflect"],"relics":["Ring of the Snake","Orichalcum","Potion Belt"],"potions_floor_usage":[11],"damage_taken":[{"damage":37,"enemies":"Cultist","floor":1,"turns":8},{"damage":3,"enemies":"2 Louse","floor":2,"turns":4},{"damage":6,"enemies":"Small Slimes","floor":3,"turns":3},{"damage":4,"enemies":"Looter","floor":5,"turns":5},{"damage":4,"enemies":"Blue Slaver","floor":7,"turns":6},{"damage":18,"enemies":"Gremlin Nob","floor":11,"turns":4},{"damage":9,"enemies":"Red Slaver","floor":12,"turns":3}],"seed_played":"-1002803274529749804","potions_obtained":[{"floor":3,"key":"Poison Potion"}],"is_trial":false,"path_per_floor":["M","M","M","$","M","R","M","R","T","R","E","M"],"character_chosen":"THE_SILENT","items_purchased":["Footwork"],"campfire_rested":1,"item_purchase_floors":[4],"current_hp_per_floor":[22,19,13,13,9,27,23,23,23,23,5,0],"gold":131,"neow_bonus":"TRANSFORM_TWO_CARDS","is_prod":false,"is_daily":false,"chose_seed":false,"campfire_upgraded":2,"win_rate":0,"timestamp":1544048444,"path_taken":["M","?","M","$","M","R","M","R","T","R","E","M"],"build_version":"2018-12-05","purchased_purges":1,"victory":false,"max_hp_per_floor":[60,60,60,60,60,60,60,60,60,60,60,60],"card_choices":[{"not_picked":["Dagger Spray","Setup"],"picked":"Footwork","floor":1},{"not_picked":["Underhanded Strike","Sucker Punch"],"picked":"Caltrops","floor":2},{"not_picked":["Reflex","Prepared"],"picked":"Dagger Spray","floor":3},{"not_picked":["Catalyst","Prepared"],"picked":"Quick Slash","floor":5},{"not_picked":["Outmaneuver","Bouncing Flask"],"picked":"Poisoned Stab","floor":7},{"not_picked":["Quick Slash","Calculated Gamble"],"picked":"Deflect","floor":11}],"player_experience":972579,"relics_obtained":[{"floor":9,"key":"Orichalcum"},{"floor":11,"key":"Potion Belt"}],"event_choices":[],"is_beta":true,"boss_relics":[],"items_purged_floors":[4],"is_endless":false,"potions_floor_spawned":[3],"killed_by":"Red Slaver","ascension_level":20}