{"gold_per_floor":[13,25,44,44,44,44,44,73,147,147,163,163,113,128,128,204,204,219,219,245,255,255,255,284,284,284,284,300,334,348,143,143,222,222,241,241,260,110,122,122,147,163,190,204,204,237,287,300,300,300,300,300,33,60,60],"floor_reached":56,"playtime":2620,"items_purged":["Strike_G","Dagger Spray+1"],"score":2041,"play_id":"95003391-6d27-43a6-9b1a-6ca444b29866","local_time":"20190420211310","is_ascension_mode":true,"campfire_choices":[{"data":"Quick Slash","floor":6,"key":"SMITH"},{"floor":10,"key":"REST"},{"data":"Neutralize","floor":12,"key":"SMITH"},{"data":"Dagger Spray","floor":15,"key":"SMITH"},{"data":"Corpse Explosion","floor":23,"key":"SMITH"},{"data":"After Image","floor":25,"key":"SMITH"},{"data":"Accuracy","floor":27,"key":"SMITH"},{"data":"Noxious Fumes","floor":32,"key":"SMITH"},{"floor":40,"key":"RECALL"},{"data":"Footwork","floor":45,"key":"SMITH"},{"data":"Infinite Blades","floor":49,"key":"SMITH"},{"data":"Tools of the Trade","floor":52,"key":"SMITH"}],"neow_cost":"NO_GOLD","seed_source_timestamp":885353266042271,"circlet_count":0,"master_deck":["AscendersBane","Defend_G","Defend_G","Defend_G","Defend_G","Survivor+1","Neutralize+1","Quick Slash+1","Flying Knee","Corpse Explosion+1","Sucker Punch+1","After Image+1","Accuracy+1","Infinite Blades+1","Backflip+1","Caltrops","Noxious Fumes+1","Footwork+1","Tools of the Trade+1","PiercingWail","Cloak And Dagger+1","Writhe","Dodge and Roll","PiercingWail"],"relics":["Ring of the Snake","Ancient Tea Set","Kunai","Runic Pyramid","Red Mask","Blood Vial","Letter Opener","Bag of Preparation","Cursed Key","Bronze Scales","Happy Flower","War Paint","Snake Skull"],"potions_floor_usage":[8,16,16,24,29,33,41,44,55],"damage_taken":[{"damage":0,"enemies":"Small Slimes","floor":1,"turns":6},{"damage":0,"enemies":"2 Louse","floor":2,"turns":6},{"damage":4,"enemies":"Cultist","floor":3,"turns":6},{"damage":45,"enemies":"Lagavulin","floor":8,"turns":10},{"damage":0,"enemies":"2 Fungi Beasts","floor":11,"turns":4},{"damage":0,"enemies":"Looter","floor":14,"turns":2},{"damage":8,"enemies":"Hexaghost","floor":16,"turns":13},{"damage":0,"enemies":"3 Byrds","floor":18,"turns":3},{"damage":2,"enemies":"Masked Bandits","floor":20,"turns":2},{"damage":1,"enemies":"Shell Parasite","floor":21,"turns":7},{"damage":8,"enemies":"Slavers","floor":24,"turns":3},{"damage":7,"enemies":"Shelled Parasite and Fungi","floor":28,"turns":4},{"damage":6,"enemies":"Gremlin Leader","floor":29,"turns":8},{"damage":2,"enemies":"Centurion and Healer","floor":30,"turns":5},{"damage":0,"enemies":"Champ","floor":33,"turns":14},{"damage":0,"enemies":"3 Shapes","floor":35,"turns":4},{"damage":0,"enemies":"Orb Walker","floor":37,"turns":4},{"damage":4,"enemies":"Jaw Worm Horde","floor":39,"turns":4},{"damage":6,"enemies":"Reptomancer","floor":41,"turns":7},{"damage":0,"enemies":"3 Darklings","floor":42,"turns":3},{"damage":3,"enemies":"4 Shapes","floor":44,"turns":5},{"damage":1,"enemies":"Nemesis","floor":46,"turns":9},{"damage":3,"enemies":"Writhing Mass","floor":48,"turns":8},{"damage":1,"enemies":"Time Eater","floor":50,"turns":13},{"damage":19,"enemies":"Shield and Spear","floor":54,"turns":7},{"damage":1,"enemies":"The Heart","floor":55,"turns":11}],"seed_played":"-8501333208712115412","potions_obtained":[{"floor":1,"key":"SpeedPotion"},{"floor":8,"key":"Energy Potion"},{"floor":11,"key":"AttackPotion"},{"floor":18,"key":"SteroidPotion"},{"floor":24,"key":"Block Potion"},{"floor":29,"key":"Weak Potion"},{"floor":33,"key":"FairyPotion"},{"floor":37,"key":"GhostInAJar"},{"floor":42,"key":"Block Potion"},{"floor":44,"key":"PowerPotion"}],"is_trial":false,"path_per_floor":["M","M","M","?","?","R","?","E","T","R","M","R","$","M","R","B",null,"M","?","?","M","?","R","E","R","T","R","M","E","M","$","R","B",null,"M","?","M","$","M","R","E","M","T","M","R","E","?","M","R","B",null,"R","$","E","B",null],"character_chosen":"THE_SILENT","items_purchased":["AttackPotion","Noxious Fumes","PowerPotion","PiercingWail","Dodge and Roll","War Paint","GhostInAJar"],"campfire_rested":1,"item_purchase_floors":[13,31,31,38,53,53,53],"current_hp_per_floor":[59,59,55,48,48,48,48,3,3,22,22,22,22,22,22,14,53,53,53,51,50,50,50,42,42,42,42,37,33,33,33,33,35,58,60,60,62,62,60,60,56,58,58,57,57,58,58,57,57,58,64,64,64,47,48],"gold":60,"neow_bonus":"REMOVE_TWO","is_prod":false,"is_daily":false,"chose_seed":false,"campfire_upgraded":10,"win_rate":0,"timestamp":1555809190,"path_taken":["M","M","M","?","?","R","?","E","T","R","M","R","$","?","R","BOSS","M","?","?","M","?","R","E","R","T","R","M","E","M","$","R","BOSS","M","?","M","$","?","R","E","M","T","M","R","E","?","?","R","BOSS","R","$","E","BOSS"],"build_version":"2019-04-20","purchased_purges":2,"victory":true,"max_hp_per_floor":[66,66,66,66,66,66,66,66,66,66,66,66,66,66,66,66,66,66,66,66,66,66,66,66,66,66,66,66,66,66,66,66,66,66,66,66,66,66,66,66,66,66,66,66,66,66,66,66,66,66,66,66,66,66,66],"card_choices":[{"not_picked":["Catalyst","Outmaneuver","Bane"],"picked":"SKIP","floor":1},{"not_picked":["Slice","Escape Plan","Outmaneuver"],"picked":"SKIP","floor":2},{"not_picked":["Accuracy","Distraction"],"picked":"Quick Slash","floor":3},{"not_picked":["Escape Plan","Calculated Gamble"],"picked":"Flying Knee","floor":8},{"not_picked":["Endless Agony","Dodge and Roll"],"picked":"Dagger Spray","floor":11},{"not_picked":["Dagger Spray","Backflip"],"picked":"Well Laid Plans","floor":14},{"not_picked":["Tools of the Trade","Envenom"],"picked":"Corpse Explosion","floor":16},{"not_picked":["Acrobatics","Blade Dance"],"picked":"Sucker Punch+1","floor":18},{"not_picked":["Expertise","Acrobatics"],"picked":"After Image","floor":20},{"not_picked":["Catalyst","Eviscerate","Bane"],"picked":"SKIP","floor":21},{"not_picked":["Poisoned Stab","Riddle With Holes","Blade Dance"],"picked":"SKIP","floor":24},{"not_picked":["Acrobatics","Noxious Fumes"],"picked":"Backflip","floor":28},{"not_picked":["Dagger Throw","Slice+1","Eviscerate"],"picked":"SKIP","floor":29},{"not_picked":["Footwork","Eviscerate"],"picked":"Caltrops","floor":30},{"not_picked":["Underhanded Strike","Distraction"],"picked":"Footwork","floor":35},{"not_picked":["All Out Attack+1","Backflip","Poisoned Stab"],"picked":"SKIP","floor":37},{"not_picked":["Poisoned Stab","Escape Plan+1"],"picked":"Cloak And Dagger+1","floor":39},{"not_picked":["Sucker Punch","Escape Plan","Prepared"],"picked":"SKIP","floor":41},{"not_picked":["Blade Dance","Flying Knee+1","A Thousand Cuts"],"picked":"SKIP","floor":42},{"not_picked":["Quick Slash","Slice","Blade Dance"],"picked":"SKIP","floor":44},{"not_picked":["Choke","Setup","Underhanded Strike+1"],"picked":"SKIP","floor":46},{"not_picked":["Quick Slash","Setup","Flying Knee+1"],"picked":"SKIP","floor":48},{"not_picked":["Setup+1","Acrobatics"],"picked":"PiercingWail","floor":54}],"player_experience":2432683,"relics_obtained":[{"floor":8,"key":"Ancient Tea Set"},{"floor":9,"key":"Kunai"},{"floor":20,"key":"Red Mask"},{"floor":24,"key":"Blood Vial"},{"floor":26,"key":"Letter Opener"},{"floor":29,"key":"Bag of Preparation"},{"floor":41,"key":"Bronze Scales"},{"floor":46,"key":"Happy Flower"},{"floor":54,"key":"Snake Skull"}],"event_choices":[{"cards_removed":["Defend_G"],"damage_healed":0,"gold_gain":0,"player_choice":"Card Removal","damage_taken":7,"max_hp_gain":0,"max_hp_loss":0,"event_name":"Golden Wing","floor":4,"gold_loss":0},{"damage_healed":0,"gold_gain":0,"player_choice":"Ignored","damage_taken":0,"max_hp_gain":0,"max_hp_loss":0,"event_name":"Liars Game","floor":5,"gold_loss":0},{"damage_healed":0,"gold_gain":0,"player_choice":"0 cards matched","damage_taken":0,"max_hp_gain":0,"max_hp_loss":0,"event_name":"Match and Keep!","floor":7,"gold_loss":0,"cards_obtained":[]},{"damage_healed":0,"gold_gain":0,"player_choice":"Ignored","damage_taken":0,"max_hp_gain":0,"max_hp_loss":0,"event_name":"Ghosts","floor":19,"gold_loss":0},{"damage_healed":0,"gold_gain":0,"player_choice":"Fought Bandits","damage_taken":0,"max_hp_gain":0,"max_hp_loss":0,"event_name":"Masked Bandits","floor":20,"gold_loss":0},{"damage_healed":0,"gold_gain":0,"cards_transformed":["Strike_G","Strike_G"],"player_choice":"Became Test Subject","damage_taken":0,"max_hp_gain":0,"max_hp_loss":0,"event_name":"Drug Dealer","floor":22,"gold_loss":0,"cards_obtained":["Accuracy","Infinite Blades"]},{"damage_healed":0,"gold_gain":0,"cards_transformed":["Well Laid Plans"],"player_choice":"Transformed","damage_taken":0,"max_hp_gain":0,"max_hp_loss":0,"event_name":"Transmorgrifier","floor":36,"gold_loss":0,"cards_obtained":["Tools of the Trade"]},{"damage_healed":0,"gold_gain":50,"player_choice":"Pray","damage_taken":0,"max_hp_gain":0,"max_hp_loss":0,"event_name":"Golden Shrine","floor":47,"gold_loss":0}],"is_beta":true,"boss_relics":[{"not_picked":["Black Star","Runic Dome"],"picked":"Runic Pyramid"},{"not_picked":["Orrery","Empty Cage"],"picked":"Cursed Key"}],"items_purged_floors":[31,38],"is_endless":false,"potions_floor_spawned":[1,8,11,14,18,24,29,33,37,42,44,54],"ascension_level":15}