{"path_per_floor":["M","?","M","M","M","R","E","M","T","?","E","?","E","M","R","B",null,"M","M","$"],"character_chosen":"IRONCLAD","items_purchased":["Panacea","Tiny Chest","Orichalcum","Block Potion"],"gold_per_floor":[109,109,124,144,169,169,200,221,221,171,212,212,245,263,263,382,382,406,427,2],"floor_reached":21,"campfire_rested":1,"playtime":2027,"current_hp_per_floor":[65,65,69,70,53,53,34,38,38,38,16,36,18,16,40,9,80,27,17,17],"items_purged":[],"gold":2,"score":201,"play_id":"a1138bcf-8a71-424e-9921-3f934f808df7","is_prod":false,"is_daily":false,"is_ascension_mode":false,"campfire_upgraded":1,"path_taken":["M","?","M","M","?","R","E","M","T","?","E","?","E","M","R","BOSS","M","M","$","M"],"build_version":"2018-02-08-PROD1","purchased_purges":1,"victory":false,"master_deck":["Strike_R","Strike_R","Strike_R","Strike_R","Strike_R","Defend_R","Defend_R","Defend_R","Defend_R","Bash+1","Entrench","Injury","Inflame","Brutality","Shrug It Off","Reckless Charge","Rage","Searing Blow","Parasite","Berserk","True Grit","Demon Form","Spot Weakness+1","Armaments+1","Panacea"],"max_hp_per_floor":[80,80,80,80,80,80,80,80,80,80,80,80,80,80,80,80,80,80,80,80],"relics":["Burning Blood","Golden Idol","Singing Bowl","Pen Nib","Letter Opener","Bag of Preparation","Runic Dome","Tiny Chest","Orichalcum"],"card_choices":[{"not_picked":["Blood for Blood","Thunderclap"],"picked":"Entrench"},{"not_picked":["Clothesline","Shrug It Off"],"picked":"Inflame"},{"not_picked":["Iron Wave","Clash"],"picked":"Brutality"},{"not_picked":["Thunderclap","Burning Pact"],"picked":"Shrug It Off"},{"not_picked":["Headbutt","Wild Strike"],"picked":"Reckless Charge"},{"not_picked":["Armaments","Wild Strike"],"picked":"Rage"},{"not_picked":["Thunderclap","Anger"],"picked":"Searing Blow"},{"not_picked":["Cleave","Combust"],"picked":"Berserk"},{"not_picked":["Cleave","Twin Strike"],"picked":"True Grit"},{"not_picked":["Offering","Double Tap"],"picked":"Demon Form"},{"not_picked":["Wild Strike","Thunderclap"],"picked":"Spot Weakness"},{"not_picked":["Intimidate","Perfected Strike"],"picked":"Armaments"}],"player_experience":190457,"potions_floor_usage":[5,11,14,16,19,21],"damage_taken":[{"damage":21,"enemies":"Blue Slaver","floor":1,"turns":5},{"damage":2,"enemies":"Small Slimes","floor":3,"turns":5},{"damage":5,"enemies":"Cultist","floor":4,"turns":4},{"damage":23,"enemies":"Gremlin Gang","floor":5,"turns":5},{"damage":25,"enemies":"Gremlin Nob","floor":7,"turns":4},{"damage":2,"enemies":"Looter","floor":8,"turns":4},{"damage":28,"enemies":"Lagavulin","floor":11,"turns":6},{"damage":24,"enemies":"3 Sentries","floor":13,"turns":8},{"damage":8,"enemies":"Large Slime","floor":14,"turns":8},{"damage":37,"enemies":"The Guardian","floor":16,"turns":14},{"damage":59,"enemies":"3 Byrds","floor":18,"turns":7},{"damage":25,"enemies":"2 Thieves","floor":19,"turns":4},{"damage":22,"enemies":"Centurion and Healer","floor":21,"turns":4}],"event_choices":[{"event_name":"Golden Idol","player_choice":"Take Wound","floor":2,"damage_taken":0},{"event_name":"World of Goop","player_choice":"Left","floor":10,"damage_taken":0},{"event_name":"Mushrooms","player_choice":"Healed and dodged fight","floor":12,"damage_taken":0}],"boss_relics":[{"not_picked":["Question Card","Lizard Tail"],"picked":"Runic Dome"}],"potions_floor_spawned":[1,7,8,14,18],"seed_played":"8474907581371532943","killed_by":"Centurion and Healer","ascension_level":0,"is_trial":false}