{"gold_per_floor":[114,130,146,162,173,173,205,205,251,251,262,262,281,75,75,178,178,195,211,211,211,211,211,143,143,225,225,245,245,26,37,37,37],"floor_reached":33,"playtime":1274,"items_purged":[],"score":247,"play_id":"af7a7e68-2d64-4c4c-b745-786ebcfd82ec","local_time":"20190214003926","is_ascension_mode":false,"campfire_choices":[{"data":"Caltrops","floor":6.0,"key":"SMITH"},{"data":"Predator","floor":8.0,"key":"SMITH"},{"data":"Blade Dance","floor":10.0,"key":"SMITH"},{"data":"Finisher","floor":12.0,"key":"SMITH"},{"data":"Blade Dance","floor":15.0,"key":"SMITH"},{"floor":23,"key":"REST"},{"floor":25,"key":"REST"},{"data":"RitualDagger","floor":27,"key":"SMITH"},{"floor":32,"key":"REST"}],"neow_cost":"NONE","seed_source_timestamp":0,"circlet_count":0,"master_deck":["Defend_G","Defend_G","Defend_G","Defend_G","Defend_G","Strike_G","Strike_G","Strike_G","Strike_G","Strike_G","Survivor","Neutralize","Quick Slash","Caltrops+1","Leg Sweep","Blade Dance+1","Predator+1","Finisher+1","Blade Dance+1","Caltrops+1","After Image","Distraction","RitualDagger+1","Cloak And Dagger+1","Blade Dance","Accuracy","A Thousand Cuts"],"special_seed":0,"relics":["Ring of the Snake","NeowsBlessing","Potion Belt","Vajra","DollysMirror","White Beast Statue","Pen Nib"],"potions_floor_usage":[19,21,31,33,33],"damage_taken":[{"damage":0.0,"enemies":"Cultist","floor":1.0,"turns":1.0},{"damage":0.0,"enemies":"2 Louse","floor":2.0,"turns":1.0},{"damage":0.0,"enemies":"Small Slimes","floor":3.0,"turns":1.0},{"damage":0.0,"enemies":"Red Slaver","floor":4.0,"turns":4.0},{"damage":0.0,"enemies":"Blue Slaver","floor":5.0,"turns":5.0},{"damage":9.0,"enemies":"Lagavulin","floor":7.0,"turns":8.0},{"damage":1.0,"enemies":"Exordium Thugs","floor":11.0,"turns":5.0},{"damage":7.0,"enemies":"3 Louse","floor":13.0,"turns":2.0},{"damage":20.0,"enemies":"Slime Boss","floor":16.0,"turns":10.0},{"damage":19.0,"enemies":"Shell Parasite","floor":18.0,"turns":5.0},{"damage":18,"enemies":"2 Thieves","floor":19,"turns":4},{"damage":9,"enemies":"Colosseum Slavers","floor":21,"turns":2},{"damage":22,"enemies":"Sentry and Sphere","floor":28,"turns":5},{"damage":0,"enemies":"3 Cultists","floor":31,"turns":4},{"damage":80,"enemies":"Automaton","floor":33,"turns":6}],"seed_played":"-2470175209540273247","potions_obtained":[{"floor":2.0,"key":"EssenceOfSteel"},{"floor":4.0,"key":"Regen Potion"},{"floor":11.0,"key":"GhostInAJar"},{"floor":16.0,"key":"Strength Potion"},{"floor":18.0,"key":"GhostInAJar"},{"floor":19,"key":"Explosive Potion"},{"floor":28,"key":"Energy Potion"},{"floor":31,"key":"LiquidBronze"}],"is_trial":false,"path_per_floor":["M","M","M","M","M","R","E","R","T","R","M","R","M","$","R","B",null,"M","M","?","?","?","R","$","R","T","R","M","?","$","M","R","B"],"character_chosen":"THE_SILENT","items_purchased":["DollysMirror","Cloak And Dagger","Blade Dance","Accuracy","Pen Nib"],"campfire_rested":3,"item_purchase_floors":[14,24,24,30,30],"current_hp_per_floor":[70,70,70,70,70,70,61,61,61,61,69,69,62,62,62,42,70,51,33,33,24,18,39,39,60,60,60,38,38,38,38,59,0],"gold":37,"neow_bonus":"THREE_ENEMY_KILL","is_prod":false,"is_daily":false,"chose_seed":false,"campfire_upgraded":6,"win_rate":0,"timestamp":1550122766,"path_taken":["M","M","M","?","?","R","E","R","T","R","M","R","M","$","R","BOSS","M","M","?","?","?","R","$","R","T","R","M","?","$","M","R","BOSS"],"build_version":"2019-01-23","purchased_purges":0,"victory":false,"max_hp_per_floor":[70,70,70,70,70,70,70,70,70,70,70,70,70,70,70,70,70,70,70,70,70,70,70,70,70,70,70,70,70,70,70,70,70],"card_choices":[{"not_picked":["Sucker Punch","PiercingWail"],"picked":"Quick Slash","floor":1.0},{"not_picked":["Dagger Spray","Slice"],"picked":"Caltrops","floor":2.0},{"not_picked":["Underhanded Strike","Bane","PiercingWail"],"picked":"SKIP","floor":3.0},{"not_picked":["Bane","After Image"],"picked":"Leg Sweep","floor":4.0},{"not_picked":["Underhanded Strike","Predator"],"picked":"Blade Dance","floor":5.0},{"not_picked":["Quick Slash","Envenom"],"picked":"Predator","floor":7.0},{"not_picked":["Dagger Spray","Well Laid Plans"],"picked":"Finisher","floor":11.0},{"not_picked":["Prepared","Quick Slash"],"picked":"Blade Dance","floor":13.0},{"not_picked":["Unload","Tools of the Trade"],"picked":"After Image","floor":16.0},{"not_picked":["Deflect","Poisoned Stab"],"picked":"Distraction","floor":18.0},{"not_picked":["Flying Knee+1","Deadly Poison+1","Backflip"],"picked":"SKIP","floor":19},{"not_picked":["Masterful Stab","Deadly Poison","Flying Knee"],"picked":"SKIP","floor":28},{"not_picked":["Catalyst+1","Distraction"],"picked":"A Thousand Cuts","floor":31}],"player_experience":568556,"relics_obtained":[{"floor":7.0,"key":"Potion Belt"},{"floor":9.0,"key":"Vajra"}],"event_choices":[{"damage_healed":0,"gold_gain":0,"player_choice":"Ignored","damage_taken":0,"max_hp_gain":0,"max_hp_loss":0,"event_name":"Cursed Tome","floor":20,"gold_loss":0},{"damage_healed":0,"gold_gain":0,"player_choice":"Fight","damage_taken":0,"max_hp_gain":0,"max_hp_loss":0,"event_name":"Colosseum","floor":21,"gold_loss":0},{"damage_healed":0,"gold_gain":0,"player_choice":"Fled From Nobs","damage_taken":0,"max_hp_gain":0,"max_hp_loss":0,"event_name":"Colosseum","floor":21,"gold_loss":0},{"damage_healed":0,"gold_gain":0,"player_choice":"Joined the Cult","damage_taken":6,"max_hp_gain":0,"max_hp_loss":0,"event_name":"Nest","floor":22,"gold_loss":0,"cards_obtained":["RitualDagger"]},{"damage_healed":0,"gold_gain":0,"player_choice":"Upgraded","damage_taken":0,"max_hp_gain":0,"max_hp_loss":0,"event_name":"Upgrade Shrine","floor":29,"gold_loss":0,"cards_upgraded":["Cloak And Dagger"]}],"is_beta":false,"boss_relics":[{"not_picked":["Velvet Choker","Ectoplasm"],"picked":"White Beast Statue"}],"items_purged_floors":[],"is_endless":false,"potions_floor_spawned":[2,4,11,16,18,19,21,28,31],"killed_by":"Automaton","ascension_level":0}