{"path_per_floor":["M","M","$","?","M","R","E","R","T","M","?","M","R","E","R","B",null,"M","?","?","M","$","R","$","E","T","R","M"],"character_chosen":"THE_SILENT","items_purchased":["Finesse","War Paint","Block Potion"],"gold_per_floor":[116,130,28,0,10,10,44,44,44,56,150,163,163,197,197,302,302,320,320,220,235,35,35,35,60,60,60,80],"floor_reached":29,"campfire_rested":2,"playtime":1210,"current_hp_per_floor":[63,63,63,63,61,61,48,48,48,48,34,26,47,34,34,16,57,50,50,50,47,47,47,47,16,16,37,23],"items_purged":[],"gold":80,"score":364,"play_id":"c9dec294-e427-4ef4-b547-d1a1b420cd63","local_time":"20180313195251","is_prod":false,"is_daily":false,"is_ascension_mode":true,"campfire_upgraded":4,"timestamp":1520985171,"path_taken":["M","?","$","?","M","R","E","R","T","?","?","M","R","E","R","BOSS","M","?","?","M","$","R","$","E","T","R","M","?"],"build_version":"2018-03-09","purchased_purges":1,"victory":false,"master_deck":["Defend_G","Defend_G","Defend_G","Defend_G","Defend_G","Strike_G","Strike_G","Strike_G","Strike_G","Strike_G","Survivor","Neutralize","Die Die Die","Malaise+1","Finesse","Unload+1","Predator","Infinite Blades+1","Blade Dance","Glass Knife+1","Tactician","Finisher","Escape Plan+1","Accuracy","Predator","PiercingWail","Accuracy","J.A.X.+1","Accuracy","Tools of the Trade","Eviscerate"],"max_hp_per_floor":[70,70,70,70,70,70,70,70,70,70,70,70,70,70,70,70,70,70,70,70,70,70,70,70,70,70,70,70],"relics":["Ring of the Snake","Blue Candle","Du-Vu Doll","Tiny Chest","Bag of Marbles","Orrery","Letter Opener","War Paint","Art of War","Shovel"],"card_choices":[{"not_picked":["Underhanded Strike","Cloak And Dagger"],"picked":"Malaise"},{"not_picked":["Deflect","PiercingWail"],"picked":"Unload"},{"not_picked":["Masterful Stab","Prepared"],"picked":"Predator"},{"not_picked":["Deadly Poison","Backflip"],"picked":"Infinite Blades"},{"not_picked":["Deadly Poison","Dagger Spray"],"picked":"Blade Dance"},{"not_picked":["Flying Knee","Sucker Punch"],"picked":"Glass Knife"},{"not_picked":["Envenom","Bullet Time"],"picked":"Tactician"},{"not_picked":["Masterful Stab","Quick Slash"],"picked":"Finisher"},{"not_picked":["Deadly Poison","Dodge and Roll"],"picked":"Escape Plan"},{"not_picked":["Outmaneuver","Bane"],"picked":"Accuracy"},{"not_picked":["Acrobatics","Distraction"],"picked":"Predator"},{"not_picked":["Backflip","Bane"],"picked":"PiercingWail"},{"not_picked":["Backflip","Blade Dance"],"picked":"Accuracy"},{"not_picked":["Outmaneuver","Dash"],"picked":"Accuracy"},{"not_picked":["Prepared","Expertise"],"picked":"Tools of the Trade"},{"not_picked":["Noxious Fumes","Flying Knee"],"picked":"Eviscerate"}],"player_experience":491025,"potions_floor_usage":[10,11,12,18,25,25,28],"damage_taken":[{"damage":0,"enemies":"Cultist","floor":1,"turns":4},{"damage":0,"enemies":"2 Louse","floor":2,"turns":1},{"damage":2,"enemies":"Jaw Worm","floor":5,"turns":6},{"damage":13,"enemies":"Gremlin Nob","floor":7,"turns":5},{"damage":0,"enemies":"Gremlin Gang","floor":10,"turns":3},{"damage":14,"enemies":"Gremlin Nob","floor":11,"turns":5},{"damage":8,"enemies":"3 Louse","floor":12,"turns":3},{"damage":13,"enemies":"3 Sentries","floor":14,"turns":5},{"damage":18,"enemies":"Hexaghost","floor":16,"turns":11},{"damage":7,"enemies":"2 Thieves","floor":18,"turns":3},{"damage":3,"enemies":"Chosen","floor":21,"turns":3},{"damage":31,"enemies":"Book of Stabbing","floor":25,"turns":6},{"damage":20,"enemies":"Centurion and Healer","floor":28,"turns":4},{"damage":26,"enemies":"Slaver and Parasite","floor":29,"turns":1}],"event_choices":[{"event_name":"World of Goop","player_choice":"Left","floor":4,"damage_taken":0},{"event_name":"Dead Adventurer","player_choice":"Searched \u00271\u0027 times","floor":11,"damage_taken":0},{"event_name":"The Mausoleum","player_choice":"Yes","floor":19,"damage_taken":0},{"event_name":"Drug Dealer","player_choice":"Got JAXXED","floor":20,"damage_taken":0}],"boss_relics":[{"not_picked":["The Specimen","Runic Pyramid"],"picked":"Orrery"}],"potions_floor_spawned":[5,7,10,16,21,25],"seed_played":"-2273350550143507487","killed_by":"Slaver and Parasite","ascension_level":9,"is_trial":false}