{"path_per_floor":["M","?","?","M","$","R","E","M","T","$","T","M","R","M","R","B",null,"M","?","?","M","$","R","?","M","T","E","R","M","R","M","R"],"character_chosen":"IRONCLAD","items_purchased":["Perfected Strike","Bloodletting","Molten Egg 2"],"gold_per_floor":[115,115,115,127,6,6,38,52,52,52,79,91,91,102,102,174,204,223,223,323,341,99,99,99,115,115,146,146,166,166,182,182,182],"floor_reached":33,"campfire_rested":0,"playtime":955,"current_hp_per_floor":[72,72,72,72,72,72,50,56,56,56,56,51,51,54,54,24,65,62,62,62,61,61,61,61,67,67,40,40,35,35,41,41,0],"items_purged":[],"gold":182,"score":463,"play_id":"4eac35aa-24ce-4297-81ab-f772f61c7c9e","local_time":"20180328214623","is_prod":false,"is_daily":false,"is_ascension_mode":true,"campfire_upgraded":4,"timestamp":1522287983,"path_taken":["M","?","?","M","$","R","E","M","T","?","?","?","R","M","R","BOSS","M","?","?","M","?","R","?","M","T","E","R","M","R","M","R","BOSS"],"build_version":"2018-03-22v2","purchased_purges":2,"victory":false,"master_deck":["Strike_R","Strike_R","Strike_R","Strike_R","Strike_R","Defend_R","Defend_R","Defend_R","Defend_R","Bash","AscendersBane","Perfected Strike+1","Perfected Strike+1","Perfected Strike+1","Bloodletting","Cleave+1","Offering","Perfected Strike+1","Whirlwind+1","Twin Strike+1","Heavy Blade+1"],"max_hp_per_floor":[72,72,72,72,72,72,72,72,72,72,72,72,72,72,72,72,77,77,77,77,77,77,77,77,77,77,77,77,77,77,77,77,77],"relics":["Burning Blood","Girya","Gambling Chip","Sundial","Ancient Tea Set","Tiny House","Molten Egg 2","Bird Faced Urn","Anchor"],"card_choices":[{"not_picked":["Rupture","Wild Strike"],"picked":"Perfected Strike","floor":1},{"not_picked":["Iron Wave","Armaments"],"picked":"Perfected Strike","floor":4},{"not_picked":["Iron Wave","Second Wind"],"picked":"Cleave","floor":8},{"not_picked":["Impervious","Juggernaut"],"picked":"Offering","floor":16},{"not_picked":["Ghostly Armor","Iron Wave"],"picked":"Perfected Strike","floor":17},{"not_picked":["Sword Boomerang","Inflame"],"picked":"Whirlwind","floor":18},{"not_picked":["Inflame","Warcry"],"picked":"Twin Strike","floor":29},{"not_picked":["Juggernaut","Thunderclap"],"picked":"Heavy Blade","floor":31}],"player_experience":622028,"potions_floor_usage":[16,18,25,25,27],"damage_taken":[{"damage":0,"enemies":"Small Slimes","floor":1,"turns":3},{"damage":0,"enemies":"Cultist","floor":4,"turns":3},{"damage":28,"enemies":"Lagavulin","floor":7,"turns":5},{"damage":0,"enemies":"2 Louse","floor":8,"turns":2},{"damage":11,"enemies":"Blue Slaver","floor":12,"turns":2},{"damage":3,"enemies":"3 Louse","floor":14,"turns":2},{"damage":36,"enemies":"Slime Boss","floor":16,"turns":9},{"damage":9,"enemies":"3 Byrds","floor":18,"turns":3},{"damage":7,"enemies":"Chosen","floor":21,"turns":2},{"damage":0,"enemies":"Sentry and Sphere","floor":25,"turns":2},{"damage":33,"enemies":"Slavers","floor":27,"turns":6},{"damage":11,"enemies":"Centurion and Healer","floor":29,"turns":3},{"damage":0,"enemies":"Snecko","floor":31,"turns":2},{"damage":42,"enemies":"Collector","floor":33,"turns":3}],"event_choices":[{"event_name":"Upgrade Shrine","player_choice":"Upgraded","floor":2,"damage_taken":0},{"event_name":"Shining Light","player_choice":"Ignored","floor":3,"damage_taken":0},{"event_name":"Vampires","player_choice":"Ignored","floor":19,"damage_taken":0},{"event_name":"Golden Shrine","player_choice":"Pray","floor":20,"damage_taken":0},{"event_name":"The Lab","player_choice":"Got Potions","floor":24,"damage_taken":0}],"boss_relics":[{"not_picked":["Orrery","Runic Pyramid"],"picked":"Tiny House"}],"potions_floor_spawned":[8,12,14,16,18,21,27],"seed_played":"5422431272632882662","killed_by":"Collector","ascension_level":13,"is_trial":false}