{"path_per_floor":["M","?","M","M","M","E","R","?","T","M","R","M","M","M","R","B",null,"M","?","M","T","?","R","T","R","T","R","M","M","M","$","R","B",null,"M","$","?","?","M","R","E","R","T","M","E","$","R","M","R","B"],"character_chosen":"THE_SILENT","items_purchased":["Mummified Hand","Infinite Blades","Vajra","Poison Potion"],"gold_per_floor":[12,12,25,36,55,111,111,111,137,157,157,173,189,199,199,304,304,314,314,325,325,250,250,250,250,328,328,347,358,368,53,53,152,152,172,18,18,18,30,30,56,56,80,95,130,82,82,97,97,97],"floor_reached":51,"campfire_rested":2,"playtime":5085,"current_hp_per_floor":[60,53,53,49,49,31,31,31,31,21,21,21,21,21,21,20,58,54,54,54,54,54,54,54,54,54,54,51,40,40,40,40,65,69,69,69,60,60,60,60,20,41,41,41,41,41,41,27,63,14],"items_purged":[],"gold":97,"score":759,"play_id":"5a76e992-9e6e-4922-8b90-ee52c92ab303","is_prod":false,"is_daily":false,"is_ascension_mode":true,"campfire_upgraded":9,"path_taken":["M","?","?","?","M","E","R","?","T","M","R","M","M","?","R","BOSS","M","?","M","?","?","R","?","R","T","R","M","M","M","$","R","BOSS","M","$","?","?","M","R","E","R","T","?","E","$","R","M","R","BOSS"],"build_version":"2018-02-22-PROD2","purchased_purges":1,"victory":true,"master_deck":["Defend_G","Defend_G","Defend_G","Defend_G+1","Defend_G","Strike_G","Strike_G","Strike_G","Survivor","Neutralize+1","Footwork+1","A Thousand Cuts+1","Cloak And Dagger+1","Dagger Throw","Footwork+1","Dash+1","Blur+1","Leg Sweep+1","Backflip","Burst+1","Blur+1","Malaise+1","Finisher+1","Infinite Blades+1","After Image+1","Madness+1","Madness+1","Quick Slash+1","Expertise+1","Terror+1","Dodge and Roll+1"],"max_hp_per_floor":[70,70,70,70,70,70,70,70,70,70,70,70,70,70,70,70,70,70,70,70,70,70,70,70,70,70,70,70,70,70,70,70,70,70,70,70,70,70,70,70,70,70,70,70,70,70,70,70,70,70],"relics":["Ring of the Snake","Ginger","Tiny Chest","Pen Nib","White Beast Statue","Unceasing Top","Frozen Egg 2","Pantograph","Mummified Hand","Black Star","Vajra","Sundial","Tingsha","War Paint","Regal Pillow","Dream Catcher"],"card_choices":[{"not_picked":["All Out Attack","Backflip"],"picked":"Footwork"},{"not_picked":["Backflip","Prepared"],"picked":"A Thousand Cuts"},{"not_picked":["Skewer","Flying Knee"],"picked":"Cloak And Dagger"},{"not_picked":["Outmaneuver","Underhanded Strike"],"picked":"Dagger Throw"},{"not_picked":["Acrobatics","Finisher"],"picked":"Footwork"},{"not_picked":["Backflip","Dagger Spray"],"picked":"Dash"},{"not_picked":["Predator","Backflip"],"picked":"Blur"},{"not_picked":["Reflex","Underhanded Strike"],"picked":"Leg Sweep"},{"not_picked":["Eviscerate","Slice"],"picked":"Backflip"},{"not_picked":["Tactician","Corpse Explosion"],"picked":"Burst"},{"not_picked":["Quick Slash","Flying Knee"],"picked":"Blur"},{"not_picked":["Accuracy","Slice"],"picked":"Finisher"},{"not_picked":["Unload","Corpse Explosion"],"picked":"After Image"},{"not_picked":["All Out Attack","Sucker Punch"],"picked":"Quick Slash"},{"not_picked":["Calculated Gamble","Quick Slash"],"picked":"Expertise"},{"not_picked":["Well Laid Plans","Flying Knee"],"picked":"Terror"},{"not_picked":["Heel Hook","Bouncing Flask"],"picked":"Dodge and Roll"}],"player_experience":399535,"potions_floor_usage":[5,6,14,16,20,29,29,30,33,41,41,45,48,50,50,50],"damage_taken":[{"damage":3,"enemies":"Small Slimes","floor":1,"turns":4},{"damage":0,"enemies":"Jaw Worm","floor":3,"turns":8},{"damage":4,"enemies":"2 Louse","floor":4,"turns":4},{"damage":0,"enemies":"Red Slaver","floor":5,"turns":4},{"damage":18,"enemies":"Gremlin Nob","floor":6,"turns":4},{"damage":10,"enemies":"Lots of Slimes","floor":10,"turns":2},{"damage":0,"enemies":"Looter","floor":12,"turns":4},{"damage":0,"enemies":"2 Fungi Beasts","floor":13,"turns":3},{"damage":0,"enemies":"Red Slaver","floor":14,"turns":6},{"damage":1,"enemies":"The Guardian","floor":16,"turns":16},{"damage":4,"enemies":"Shell Parasite","floor":18,"turns":11},{"damage":0,"enemies":"Chosen","floor":20,"turns":6},{"damage":3,"enemies":"Sentry and Sphere","floor":28,"turns":14},{"damage":11,"enemies":"Cultist and Chosen","floor":29,"turns":9},{"damage":0,"enemies":"Centurion and Healer","floor":30,"turns":11},{"damage":0,"enemies":"Champ","floor":33,"turns":18},{"damage":0,"enemies":"3 Shapes","floor":35,"turns":4},{"damage":0,"enemies":"Orb Walker","floor":39,"turns":5},{"damage":40,"enemies":"2 Orb Walkers","floor":41,"turns":5},{"damage":0,"enemies":"Maw","floor":44,"turns":8},{"damage":0,"enemies":"Nemesis","floor":45,"turns":9},{"damage":14,"enemies":"4 Shapes","floor":48,"turns":8},{"damage":56,"enemies":"Awakened One","floor":50,"turns":22}],"event_choices":[{"event_name":"Golden Wing","player_choice":"Card Removal","floor":2,"damage_taken":0},{"event_name":"Living Wall","player_choice":"Grow","floor":8,"damage_taken":0},{"event_name":"The Library","player_choice":"Read","floor":19,"damage_taken":0},{"event_name":"Beggar","player_choice":"Gave Gold","floor":22,"damage_taken":0},{"event_name":"Winding Halls","player_choice":"Embrace Madness","floor":37,"damage_taken":0},{"event_name":"Accursed Blacksmith","player_choice":"Forge","floor":38,"damage_taken":0}],"boss_relics":[{"not_picked":["Velvet Choker","Orrery"],"picked":"White Beast Statue"},{"not_picked":["Cursed Key","Pandora\u0027s Box"],"picked":"Black Star"}],"potions_floor_spawned":[1,3,10,12,18,20,28,29,30,33,35,39,41,44,45,48],"seed_played":"7122714163573134027","ascension_level":6,"is_trial":false}