{"gold_per_floor":[118,130,47,63,77,77,91,91,116,116,116,116,150,130],"floor_reached":14,"playtime":465,"items_purged":[],"score":180,"play_id":"833ab4bf-3055-43a7-b751-8e333e615947","local_time":"20190506103309","is_ascension_mode":true,"campfire_choices":[{"data":"True Grit","floor":6.0,"key":"SMITH"},{"data":"Inflame","floor":8.0,"key":"SMITH"},{"data":"Bash","floor":10.0,"key":"SMITH"},{"data":"Battle Trance","floor":12.0,"key":"SMITH"}],"neow_cost":"NONE","seed_source_timestamp":1182598832369942,"circlet_count":0,"master_deck":["AscendersBane","Strike_R","Strike_R","Strike_R","Strike_R","Defend_R","Defend_R","Defend_R","Defend_R","Bash+1","True Grit+1","Inflame+1","Battle Trance+1"],"special_seed":0,"relics":["Burning Blood","Dream Catcher","Lantern","Centennial Puzzle"],"potions_floor_usage":[],"damage_taken":[{"damage":7.0,"enemies":"Cultist","floor":1.0,"turns":4.0},{"damage":7.0,"enemies":"Small Slimes","floor":2.0,"turns":4.0},{"damage":2.0,"enemies":"Jaw Worm","floor":4.0,"turns":4.0},{"damage":15.0,"enemies":"Lots of Slimes","floor":5.0,"turns":5.0},{"damage":8.0,"enemies":"Looter","floor":7.0,"turns":4.0},{"damage":45.0,"enemies":"3 Sentries","floor":13.0,"turns":9.0},{"damage":19,"enemies":"Exordium Thugs","floor":14,"turns":1}],"seed_played":"-7541938255582181283","potions_obtained":[{"floor":4.0,"key":"SteroidPotion"},{"floor":5.0,"key":"Weak Potion"},{"floor":7.0,"key":"SpeedPotion"}],"is_trial":false,"path_per_floor":["M","M","$","M","M","R","M","R","T","R","?","R","E","M"],"character_chosen":"IRONCLAD","items_purchased":["Inflame"],"campfire_rested":0,"item_purchase_floors":[3],"current_hp_per_floor":[67,66,66,70,61,61,59,59,59,59,52,52,13,0],"gold":130,"neow_bonus":"RANDOM_COMMON_RELIC","is_prod":false,"is_daily":false,"chose_seed":false,"campfire_upgraded":4,"win_rate":0,"timestamp":1557153189,"path_taken":["M","?","$","M","M","R","M","R","T","R","?","R","E","M"],"build_version":"2019-01-23","purchased_purges":0,"victory":false,"max_hp_per_floor":[75,75,75,75,75,75,75,75,75,75,75,75,75,75],"card_choices":[{"not_picked":["Flex","Burning Pact"],"picked":"True Grit","floor":1.0},{"not_picked":["Sentinel","Corruption","Power Through"],"picked":"SKIP","floor":2.0},{"not_picked":["Anger","Warcry"],"picked":"Battle Trance","floor":4.0},{"not_picked":["Havoc","Battle Trance","Iron Wave"],"picked":"SKIP","floor":5.0},{"not_picked":["Clash","Thunderclap","Iron Wave"],"picked":"SKIP","floor":7.0},{"not_picked":["Body Slam","Second Wind","Corruption"],"picked":"SKIP","floor":13.0}],"player_experience":2398542,"relics_obtained":[{"floor":9.0,"key":"Lantern"},{"floor":13.0,"key":"Centennial Puzzle"}],"event_choices":[{"cards_removed":["Strike_R"],"damage_healed":0.0,"max_hp_gain":0.0,"max_hp_loss":0.0,"gold_gain":0.0,"event_name":"Golden Wing","player_choice":"Card Removal","floor":11.0,"gold_loss":0.0,"damage_taken":7.0}],"is_beta":false,"boss_relics":[],"items_purged_floors":[],"is_endless":false,"potions_floor_spawned":[4,5,7],"killed_by":"Exordium Thugs","ascension_level":20}