{"path_per_floor":["M","$","?","?","M","E","M","R","T","$","?","R","M","M","R","B",null,"M","?","$","?","M","R","E","M","T","R","$","R","M","?","R"],"character_chosen":"DEFECT","items_purchased":["FTL","Apotheosis","Thunder Strike","Machine Learning"],"gold_per_floor":[109,38,38,38,56,87,99,99,123,123,187,187,198,216,216,313,313,331,331,331,331,347,347,373,384,433,433,23,23,40,40,40,40],"floor_reached":33,"campfire_rested":3,"playtime":1200,"current_hp_per_floor":[75,75,60,53,53,53,36,36,36,36,12,34,24,17,39,11,75,50,37,37,37,37,37,36,30,30,30,30,30,25,9,20,0],"items_purged":[],"gold":40,"score":327,"play_id":"8a2462b6-1024-4aa6-a0db-09eccb00b3ff","local_time":"20180427151859","is_prod":false,"is_daily":false,"chose_seed":false,"is_ascension_mode":true,"campfire_upgraded":4,"timestamp":1524867539,"path_taken":["M","$","?","?","M","E","M","R","T","?","?","R","M","M","R","BOSS","M","?","$","?","M","R","E","?","T","R","$","R","?","?","R","BOSS"],"build_version":"2018-04-26v2","seed_source_timestamp":165056810838489,"purchased_purges":2,"victory":false,"master_deck":["Strike_B","Strike_B","Strike_B+1","Strike_B","Defend_B+1","Defend_B","Defend_B+1","Defend_B","Zap","White Noise","FTL+1","Creative AI+1","Allocate","Sweeping Beam","Sweeping Beam","Chaos","Redo","Loop","Ghostly+1","Ghostly+1","Ghostly","Ghostly","Ghostly","Cold Snap","Leap","Apotheosis+1","Thunder Strike","Machine Learning"],"max_hp_per_floor":[75,75,75,75,75,75,75,75,75,75,75,75,75,75,75,75,75,75,37,37,37,37,37,37,37,37,37,37,37,37,37,37,37],"relics":["Cracked Core","NeowsBlessing","Omamori","Anchor","War Paint","Sozu","Question Card","Lantern","Nilry\u0027s Codex"],"card_choices":[{"not_picked":["Streamline","Go for the Eyes"],"picked":"White Noise","floor":1},{"not_picked":["Axe Kick","Skim"],"picked":"Creative AI","floor":5},{"not_picked":["Rebound","Streamline"],"picked":"Allocate","floor":6},{"not_picked":["Skim","Axe Kick"],"picked":"Sweeping Beam","floor":7},{"not_picked":["Rebound","Reprogram"],"picked":"Sweeping Beam","floor":13},{"not_picked":["Static Discharge","Turbo"],"picked":"Chaos","floor":14},{"not_picked":["Rainbow","Creative AI"],"picked":"Redo","floor":16},{"not_picked":["Glacier","Leap"],"picked":"Loop","floor":18},{"not_picked":["Rebound","Tempest"],"picked":"Cold Snap","floor":24},{"not_picked":["Self Repair","Aggregate","Rip and Tear"],"picked":"Leap","floor":25}],"player_experience":525683,"potions_floor_usage":[16,16,16],"damage_taken":[{"damage":0,"enemies":"Small Slimes","floor":1,"turns":1},{"damage":0,"enemies":"Jaw Worm","floor":5,"turns":1},{"damage":0,"enemies":"3 Sentries","floor":6,"turns":1},{"damage":17,"enemies":"2 Louse","floor":7,"turns":3},{"damage":24,"enemies":"3 Sentries","floor":11,"turns":7},{"damage":10,"enemies":"Large Slime","floor":13,"turns":5},{"damage":7,"enemies":"Exordium Wildlife","floor":14,"turns":5},{"damage":28,"enemies":"Hexaghost","floor":16,"turns":9},{"damage":25,"enemies":"Shell Parasite","floor":18,"turns":5},{"damage":4,"enemies":"3 Byrds","floor":22,"turns":5},{"damage":1,"enemies":"Book of Stabbing","floor":24,"turns":6},{"damage":6,"enemies":"Centurion and Healer","floor":25,"turns":9},{"damage":5,"enemies":"3 Cultists","floor":30,"turns":6},{"damage":29,"enemies":"Collector","floor":33,"turns":3}],"event_choices":[{"event_name":"Shining Light","player_choice":"Entered Light","floor":3,"damage_taken":0},{"event_name":"Golden Wing","player_choice":"Card Removal","floor":4,"damage_taken":0},{"event_name":"Dead Adventurer","player_choice":"Searched \u00271\u0027 times","floor":11,"damage_taken":0},{"event_name":"Ghosts","player_choice":"Became a Ghost","floor":19,"damage_taken":0},{"event_name":"The Mausoleum","player_choice":"No","floor":21,"damage_taken":0},{"event_name":"Cursed Tome","player_choice":"Obtained Book","floor":31,"damage_taken":0}],"boss_relics":[{"not_picked":["Lizard Tail","Philosopher\u0027s Stone"],"picked":"Sozu"}],"potions_floor_spawned":[5,6,11,11,18,22,25,30],"seed_played":"-1280765961260844952","killed_by":"Collector","ascension_level":1,"is_trial":false}