{"gold_per_floor":[111,124,140,15,34,54,89,89,89,264,264,264,264,275,275,380,380,393,40,40,52,63,96,96,130,153,181,197,197,222,276,276,381,381,399,415,52,52],"floor_reached":38,"playtime":1989,"items_purged":["Writhe","Meteor Strike+1"],"score":702,"play_id":"b7227988-c38a-45d7-99d5-0fab1bb30f09","local_time":"20190316005615","is_ascension_mode":true,"campfire_choices":[{"data":"Defragment","floor":8,"key":"SMITH"},{"data":"Consume","floor":11,"key":"SMITH"},{"data":"Zap","floor":13,"key":"SMITH"},{"data":"Blizzard","floor":15,"key":"SMITH"},{"floor":24,"key":"REST"},{"data":"Thunder Strike","floor":29,"key":"SMITH"},{"floor":32,"key":"REST"}],"neow_cost":"CURSE","seed_source_timestamp":220926065156706,"circlet_count":0,"master_deck":["Strike_B+1","Defend_B","Defend_B","Defend_B","Defend_B","Zap+1","Dualcast","Sweeping Beam","Ball Lightning+1","Cold Snap","Defragment+1","Blizzard+1","Consume+1","Cold Snap","Thunder Strike+1","Glacier","Leap","Hologram","Leap+1","Genetic Algorithm+1","Defragment+1","Panache+1"],"relics":["Cracked Core","Calipers","Gambling Chip","Whetstone","Busted Crown","PreservedInsect","ClockworkSouvenir","Ancient Tea Set","Pantograph","Letter Opener","Anchor","Frozen Egg 2","Red Mask","Tiny Chest","Astrolabe"],"potions_floor_usage":[5,7,16,22,22,25,28,30],"damage_taken":[{"damage":0,"enemies":"2 Louse","floor":1,"turns":3},{"damage":7,"enemies":"Small Slimes","floor":2,"turns":3},{"damage":0,"enemies":"Cultist","floor":3,"turns":3},{"damage":3,"enemies":"2 Fungi Beasts","floor":5,"turns":3},{"damage":8,"enemies":"Blue Slaver","floor":6,"turns":3},{"damage":13,"enemies":"Gremlin Nob","floor":7,"turns":3},{"damage":3,"enemies":"Looter","floor":14,"turns":2},{"damage":0,"enemies":"The Guardian","floor":16,"turns":8},{"damage":3,"enemies":"Spheric Guardian","floor":18,"turns":3},{"damage":8,"enemies":"3 Byrds","floor":21,"turns":3},{"damage":17,"enemies":"Shelled Parasite and Fungi","floor":22,"turns":5},{"damage":14,"enemies":"Book of Stabbing","floor":23,"turns":6},{"damage":4,"enemies":"Slavers","floor":25,"turns":3},{"damage":7,"enemies":"Gremlin Leader","floor":27,"turns":6},{"damage":2,"enemies":"Cultist and Chosen","floor":28,"turns":5},{"damage":0,"enemies":"Masked Bandits","floor":30,"turns":5},{"damage":52,"enemies":"Collector","floor":33,"turns":15},{"damage":27,"enemies":"3 Darklings","floor":35,"turns":5},{"damage":0,"enemies":"3 Shapes","floor":36,"turns":5},{"damage":36,"enemies":"2 Orb Walkers","floor":38,"turns":4}],"seed_played":"2801040113939038215","potions_obtained":[{"floor":1,"key":"AttackPotion"},{"floor":2,"key":"Ancient Potion"},{"floor":5,"key":"SteroidPotion"},{"floor":14,"key":"Strength Potion"},{"floor":16,"key":"Explosive Potion"},{"floor":21,"key":"Poison Potion"},{"floor":22,"key":"Explosive Potion"},{"floor":23,"key":"PowerPotion"},{"floor":27,"key":"SteroidPotion"}],"is_trial":false,"path_per_floor":["M","M","M","$","M","M","E","R","T","?","R","?","R","M","R","B",null,"M","$","?","M","M","E","R","E","T","E","M","R","?","T","R","B",null,"M","M","$","?"],"character_chosen":"DEFECT","items_purchased":["Cold Snap","PreservedInsect","ClockworkSouvenir","Defragment+1","Panache+1"],"campfire_rested":2,"item_purchase_floors":[4,19,19,37,37],"current_hp_per_floor":[68,61,61,61,58,50,37,37,37,37,37,37,37,34,34,34,65,62,62,62,54,37,23,45,41,41,34,32,32,32,32,54,23,62,35,35,35,0],"gold":52,"neow_bonus":"ONE_RARE_RELIC","is_prod":false,"is_daily":false,"chose_seed":false,"campfire_upgraded":5,"win_rate":0,"timestamp":1552712175,"path_taken":["M","M","M","$","M","M","E","R","T","?","R","?","R","M","R","BOSS","M","$","?","M","M","E","R","E","T","E","?","R","?","?","R","BOSS","M","M","$","?"],"build_version":"2019-01-23","purchased_purges":2,"victory":false,"max_hp_per_floor":[75,75,75,75,75,75,75,75,75,75,75,75,75,75,75,75,75,75,75,75,75,75,75,75,75,75,75,75,75,75,75,75,75,75,75,75,75,75],"card_choices":[{"not_picked":["Conserve Battery","Redo"],"picked":"Cold Snap","floor":1},{"not_picked":["Darkness","Force Field"],"picked":"Sweeping Beam","floor":2},{"not_picked":["Steam","Glacier"],"picked":"Ball Lightning","floor":3},{"not_picked":["Redo","Leap"],"picked":"Defragment","floor":5},{"not_picked":["Hello World","Amplify"],"picked":"Blizzard","floor":6},{"not_picked":["Defragment","Stack"],"picked":"Consume","floor":7},{"not_picked":["Go for the Eyes","Chill"],"picked":"Cold Snap","floor":14},{"not_picked":["Reboot","Seek"],"picked":"Thunder Strike","floor":16},{"not_picked":["Scrape"],"picked":"SKIP","floor":18},{"not_picked":[],"picked":"Glacier","floor":21},{"not_picked":["Conserve Battery"],"picked":"SKIP","floor":22},{"not_picked":[],"picked":"Leap","floor":23},{"not_picked":["Barrage+1"],"picked":"SKIP","floor":25},{"not_picked":["Hologram"],"picked":"SKIP","floor":27},{"not_picked":[],"picked":"Hologram","floor":27},{"not_picked":["Steam"],"picked":"SKIP","floor":28},{"not_picked":["Recycle"],"picked":"SKIP","floor":35},{"not_picked":["Gash"],"picked":"SKIP","floor":36}],"player_experience":1146141,"relics_obtained":[{"floor":7,"key":"Gambling Chip"},{"floor":9,"key":"Whetstone"},{"floor":23,"key":"Pantograph"},{"floor":25,"key":"Letter Opener"},{"floor":26,"key":"Anchor"},{"floor":27,"key":"Frozen Egg 2"},{"floor":30,"key":"Red Mask"},{"floor":31,"key":"Tiny Chest"}],"event_choices":[{"damage_healed":0,"gold_gain":175,"player_choice":"AGREE","damage_taken":0,"max_hp_gain":0,"max_hp_loss":0,"event_name":"Liars Game","floor":10,"gold_loss":0,"cards_obtained":["Doubt"]},{"cards_removed":["Doubt"],"damage_healed":0,"gold_gain":0,"player_choice":"Forget","damage_taken":0,"max_hp_gain":0,"max_hp_loss":0,"event_name":"Living Wall","floor":12,"gold_loss":0},{"cards_removed":["Cold Snap"],"damage_healed":0,"gold_gain":0,"player_choice":"Gave Card","damage_taken":0,"relics_obtained":["Ancient Tea Set"],"max_hp_gain":0,"max_hp_loss":0,"event_name":"WeMeetAgain","floor":20,"gold_loss":0},{"damage_healed":0,"gold_gain":0,"player_choice":"Fought Bandits","damage_taken":0,"max_hp_gain":0,"max_hp_loss":0,"event_name":"Masked Bandits","floor":30,"gold_loss":0},{"damage_healed":0,"gold_gain":0,"player_choice":"Fight","damage_taken":0,"max_hp_gain":0,"max_hp_loss":0,"event_name":"Mysterious Sphere","floor":38,"gold_loss":0}],"is_beta":false,"boss_relics":[{"not_picked":["Cursed Key","Eternal Feather"],"picked":"Busted Crown"},{"not_picked":["Velvet Choker","Runic Pyramid"],"picked":"Astrolabe"}],"items_purged_floors":[4,37],"is_endless":false,"potions_floor_spawned":[1,2,5,14,16,21,22,23,27],"killed_by":"2 Orb Walkers","ascension_level":9}