{"gold_per_floor":[113,126,136,148,113,113,139,139,139,139,139,158,158,177,177,254,254,274,294,304,316,316,316,316],"floor_reached":24,"playtime":1381,"items_purged":[],"score":400,"play_id":"cb17961b-643d-4f8e-8ef2-4ed774d22ca9","local_time":"20190428042643","is_ascension_mode":true,"campfire_choices":[{"data":"Defragment","floor":6,"key":"SMITH"},{"floor":8,"key":"REST"},{"floor":10,"key":"REST"},{"data":"Echo Form","floor":15,"key":"SMITH"},{"floor":23,"key":"REST"}],"neow_cost":"NONE","seed_source_timestamp":468798851224952,"circlet_count":0,"master_deck":["AscendersBane","Strike_B","Strike_B","Strike_B","Strike_B","Defend_B","Defend_B","Defend_B","Defend_B","Zap","Dualcast","Turbo","Defragment+1","Steam Power","Echo Form+1","Electrodynamics","BootSequence","Barrage","Rainbow","Compile Driver","Capacitor","Ball Lightning"],"relics":["Cracked Core","Omamori","Vajra","Bottled Lightning","WarpedTongs","Fusion Hammer","Turnip"],"potions_floor_usage":[4,7,16,19],"damage_taken":[{"damage":1,"enemies":"Cultist","floor":1,"turns":4},{"damage":0,"enemies":"2 Louse","floor":2,"turns":4},{"damage":5,"enemies":"Small Slimes","floor":3,"turns":3},{"damage":30,"enemies":"Gremlin Gang","floor":4,"turns":6},{"damage":44,"enemies":"Gremlin Nob","floor":7,"turns":4},{"damage":0,"enemies":"Exordium Wildlife","floor":12,"turns":2},{"damage":0,"enemies":"Looter","floor":14,"turns":3},{"damage":6,"enemies":"The Guardian","floor":16,"turns":8},{"damage":16,"enemies":"Chosen","floor":18,"turns":4},{"damage":14,"enemies":"3 Byrds","floor":19,"turns":4},{"damage":0,"enemies":"Centurion and Healer","floor":20,"turns":3},{"damage":26,"enemies":"Sentry and Sphere","floor":21,"turns":4},{"damage":31,"enemies":"Book of Stabbing","floor":24,"turns":3}],"seed_played":"2001921786403177987","potions_obtained":[{"floor":1,"key":"GamblersBrew"},{"floor":3,"key":"Swift Potion"},{"floor":7,"key":"Block Potion"},{"floor":12,"key":"AttackPotion"},{"floor":14,"key":"AttackPotion"},{"floor":20,"key":"Fire Potion"},{"floor":21,"key":"SteroidPotion"}],"is_trial":false,"path_per_floor":["M","M","M","M","?","R","E","R","T","R","?","M","?","M","R","B",null,"M","M","M","M","?","R","E"],"character_chosen":"DEFECT","items_purchased":[],"campfire_rested":3,"item_purchase_floors":[],"current_hp_per_floor":[63,63,58,28,45,45,1,22,22,43,43,43,43,43,43,37,63,47,33,33,7,7,28,0],"gold":316,"neow_bonus":"RANDOM_COMMON_RELIC","is_prod":false,"is_daily":false,"chose_seed":false,"campfire_upgraded":2,"win_rate":0,"timestamp":1556440003,"path_taken":["M","M","?","M","?","R","E","R","T","R","?","?","?","M","R","BOSS","M","?","M","?","?","R","E"],"build_version":"2019-01-23","purchased_purges":0,"victory":false,"max_hp_per_floor":[71,71,71,71,71,71,71,71,71,71,71,71,71,71,71,71,71,71,71,71,71,71,71,71],"card_choices":[{"not_picked":["Reprogram","Chaos"],"picked":"Turbo","floor":1},{"not_picked":["Redo","Cold Snap"],"picked":"Defragment","floor":2},{"not_picked":["Leap","Beam Cell"],"picked":"Steam Power","floor":3},{"not_picked":["Compile Driver","Coolheaded"],"picked":"Echo Form","floor":4},{"not_picked":["Cold Snap","Scrape"],"picked":"Electrodynamics","floor":7},{"not_picked":["Darkness","Gash","Heatsinks"],"picked":"SKIP","floor":12},{"not_picked":["Rip and Tear","Fusion"],"picked":"Barrage","floor":14},{"not_picked":["Creative AI","All For One"],"picked":"Rainbow","floor":16},{"not_picked":["Defragment","Turbo"],"picked":"Compile Driver","floor":18},{"not_picked":["Hello World","Rebound","Compile Driver"],"picked":"SKIP","floor":19},{"not_picked":["Stack","Conserve Battery+1"],"picked":"Capacitor","floor":20},{"not_picked":["Gash","Steam+1"],"picked":"Ball Lightning","floor":21}],"player_experience":2029249,"relics_obtained":[{"floor":7,"key":"Vajra"},{"floor":9,"key":"Bottled Lightning"}],"event_choices":[{"damage_healed":17,"gold_gain":0,"player_choice":"Healed","damage_taken":0,"max_hp_gain":0,"max_hp_loss":0,"event_name":"The Cleric","floor":5,"gold_loss":35},{"damage_healed":0,"gold_gain":0,"player_choice":"1 cards matched","damage_taken":0,"max_hp_gain":0,"max_hp_loss":0,"event_name":"Match and Keep!","floor":11,"gold_loss":0,"cards_obtained":["BootSequence"]},{"damage_healed":0,"gold_gain":0,"player_choice":"Rummage","damage_taken":0,"relics_obtained":["WarpedTongs"],"max_hp_gain":0,"max_hp_loss":0,"event_name":"Accursed Blacksmith","floor":13,"gold_loss":0,"cards_obtained":["Pain"]},{"damage_healed":0,"gold_gain":0,"player_choice":"Opened","damage_taken":0,"relics_obtained":["Turnip"],"max_hp_gain":0,"max_hp_loss":0,"event_name":"The Mausoleum","floor":22,"gold_loss":0,"cards_obtained":["Writhe"]}],"is_beta":false,"boss_relics":[{"not_picked":["Calling Bell","Velvet Choker"],"picked":"Fusion Hammer"}],"items_purged_floors":[],"is_endless":false,"potions_floor_spawned":[1,3,7,12,14,20,21],"killed_by":"Book of Stabbing","ascension_level":20}