{"gold_per_floor":[110,110,6,24,42,42,72,72,72,72,103,122,151,151,151,226,226,243,243,518,530,30,65,65,77,77,90,90,104,104,118,118,118],"floor_reached":33,"playtime":1594,"items_purged":[],"score":595,"play_id":"86a28a9c-1cd7-49bc-a919-c4df969389fb","local_time":"20190511102038","is_ascension_mode":true,"campfire_choices":[{"data":"Wild Strike","floor":6.0,"key":"SMITH"},{"data":"Wild Strike","floor":8.0,"key":"SMITH"},{"data":"Uppercut","floor":10.0,"key":"SMITH"},{"data":"Whirlwind","floor":15.0,"key":"SMITH"},{"data":"Shockwave","floor":24.0,"key":"SMITH"},{"data":"Feed","floor":28.0,"key":"SMITH"},{"data":"Burning Pact","floor":30.0,"key":"SMITH"},{"data":"Feel No Pain","floor":32.0,"key":"SMITH"}],"neow_cost":"NONE","seed_source_timestamp":0,"circlet_count":0,"master_deck":["AscendersBane","Strike_R+1","Strike_R+1","Strike_R+1","Strike_R+1","Strike_R+1","Defend_R+1","Defend_R+1","Defend_R+1","Defend_R+1","Bash+1","Metallicize","Shrug It Off","Wild Strike+1","Wild Strike+1","Uppercut+1","Whirlwind+1","True Grit+1","Feed+1","Hemokinesis+1","Spot Weakness","Shrug It Off","Battle Trance","Shockwave+1","Feel No Pain+1","Burning Pact+1","Shrug It Off+1"],"special_seed":0,"relics":["Burning Blood","Shuriken","Torii","Omamori","Self Forming Clay","Boot","Coffee Dripper","Bag of Preparation","Sling","Ancient Tea Set","Happy Flower"],"potions_floor_usage":[33],"damage_taken":[{"damage":6.0,"enemies":"Cultist","floor":1.0,"turns":3.0},{"damage":2.0,"enemies":"2 Louse","floor":4.0,"turns":4.0},{"damage":1.0,"enemies":"Small Slimes","floor":5.0,"turns":3.0},{"damage":20.0,"enemies":"3 Sentries","floor":7.0,"turns":9.0},{"damage":1.0,"enemies":"Gremlin Nob","floor":11.0,"turns":3.0},{"damage":1.0,"enemies":"2 Fungi Beasts","floor":12.0,"turns":4.0},{"damage":21.0,"enemies":"Lagavulin","floor":13.0,"turns":6.0},{"damage":18.0,"enemies":"The Guardian","floor":16.0,"turns":11.0},{"damage":5.0,"enemies":"Shell Parasite","floor":18.0,"turns":7.0},{"damage":8.0,"enemies":"2 Thieves","floor":21.0,"turns":4.0},{"damage":20.0,"enemies":"Slavers","floor":23.0,"turns":4.0},{"damage":3.0,"enemies":"Cultist and Chosen","floor":25.0,"turns":6.0},{"damage":16.0,"enemies":"Snake Plant","floor":27.0,"turns":4.0},{"damage":4.0,"enemies":"Sentry and Sphere","floor":29.0,"turns":6.0},{"damage":1.0,"enemies":"Shelled Parasite and Fungi","floor":31.0,"turns":2.0},{"damage":70,"enemies":"Automaton","floor":33,"turns":10}],"seed_played":"3762184073491694685","potions_obtained":[{"floor":1.0,"key":"Regen Potion"},{"floor":5.0,"key":"FearPotion"},{"floor":16.0,"key":"SpeedPotion"},{"floor":23.0,"key":"Energy Potion"},{"floor":29.0,"key":"Weak Potion"}],"is_trial":false,"path_per_floor":["M","?","$","M","M","R","E","R","T","R","E","M","E","?","R","B",null,"M","?","?","M","$","E","R","M","T","M","R","M","R","M","R","B"],"character_chosen":"IRONCLAD","items_purchased":["Fire Potion","Shrug It Off","Shrug It Off","Bag of Preparation","Sling","Battle Trance"],"campfire_rested":0,"item_purchase_floors":[3,3,22,22,22,22],"current_hp_per_floor":[68,68,68,72,75,75,61,61,61,61,66,71,56,33,33,21,62,66,66,66,67,67,56,56,62,62,52,52,58,58,67,67,0],"gold":118,"neow_bonus":"UPGRADE_CARD","is_prod":false,"is_daily":false,"chose_seed":false,"campfire_upgraded":8,"win_rate":0,"timestamp":1557584438,"path_taken":["M","?","?","M","?","R","E","R","T","R","E","M","E","?","R","BOSS","M","?","?","M","$","E","R","M","T","M","R","M","R","?","R","BOSS"],"build_version":"2019-01-23","purchased_purges":0,"victory":false,"max_hp_per_floor":[75,75,75,75,75,75,75,75,75,75,75,75,75,75,75,75,75,78,78,78,81,81,84,84,87,87,87,87,91,91,95,95,95],"card_choices":[{"not_picked":["Intimidate","Seeing Red"],"picked":"Metallicize","floor":1.0},{"not_picked":["Combust","Twin Strike"],"picked":"Wild Strike","floor":4.0},{"not_picked":["Clash","Sword Boomerang"],"picked":"Wild Strike","floor":5.0},{"not_picked":["Searing Blow","Shrug It Off"],"picked":"Uppercut","floor":7.0},{"not_picked":["Pummel","Exhume","Havoc"],"picked":"SKIP","floor":11.0},{"not_picked":["Thunderclap","Reckless Charge"],"picked":"Whirlwind","floor":12.0},{"not_picked":["Infernal Blade","Corruption"],"picked":"True Grit","floor":13.0},{"not_picked":["Dark Embrace","Berserk"],"picked":"Feed","floor":16.0},{"not_picked":["Headbutt","Anger"],"picked":"Hemokinesis+1","floor":18.0},{"not_picked":["Headbutt","Clothesline"],"picked":"Spot Weakness","floor":21.0},{"not_picked":["Body Slam","Iron Wave"],"picked":"Shockwave","floor":23.0},{"not_picked":["Armaments","Hemokinesis","Shockwave"],"picked":"SKIP","floor":25.0},{"not_picked":["Havoc","Sword Boomerang+1"],"picked":"Feel No Pain","floor":27.0},{"not_picked":["Warcry","Bloodletting"],"picked":"Burning Pact","floor":29.0},{"not_picked":["Bloodletting","Thunderclap"],"picked":"Shrug It Off+1","floor":31.0}],"player_experience":2565944,"relics_obtained":[{"floor":7.0,"key":"Torii"},{"floor":9.0,"key":"Omamori"},{"floor":11.0,"key":"Self Forming Clay"},{"floor":13.0,"key":"Boot"},{"floor":23.0,"key":"Ancient Tea Set"},{"floor":26.0,"key":"Happy Flower"}],"event_choices":[{"damage_healed":0.0,"max_hp_gain":0.0,"max_hp_loss":0.0,"gold_gain":0.0,"event_name":"WeMeetAgain","player_choice":"Gave Potion","floor":2.0,"gold_loss":0.0,"damage_taken":0.0,"relics_obtained":["Shuriken"]},{"damage_healed":0.0,"max_hp_gain":0.0,"max_hp_loss":0.0,"gold_gain":0.0,"event_name":"Shining Light","player_choice":"Entered Light","floor":14.0,"gold_loss":0.0,"damage_taken":23.0,"cards_upgraded":["True Grit","Strike_R"]},{"damage_healed":0.0,"max_hp_gain":0.0,"max_hp_loss":0.0,"gold_gain":0.0,"event_name":"Back to Basics","player_choice":"Simplicity","floor":19.0,"gold_loss":0.0,"damage_taken":0.0,"cards_upgraded":["Strike_R","Strike_R","Strike_R","Strike_R","Defend_R","Defend_R","Defend_R","Defend_R"]},{"damage_healed":0.0,"max_hp_gain":0.0,"max_hp_loss":0.0,"gold_gain":275.0,"event_name":"Golden Shrine","player_choice":"Desecrate","floor":20.0,"gold_loss":0.0,"damage_taken":0.0,"cards_obtained":["Regret"]}],"is_beta":false,"boss_relics":[{"not_picked":["Busted Crown","White Beast Statue"],"picked":"Coffee Dripper"}],"items_purged_floors":[],"is_endless":false,"potions_floor_spawned":[1,5,16,23,29],"killed_by":"Automaton","ascension_level":20}