{"gold_per_floor":[114,264,264,281,298,298,298,298,321,321,321,321,346,67,67,141,141,151,71,71,14,14,14,14,27,27,27,42,72,83,99,99,178,178,197,197],"floor_reached":36,"playtime":1884,"items_purged":["Doubt"],"score":806,"play_id":"9b1664df-48e2-4aeb-bbb3-3e08b2638ae1","local_time":"20190426020110","is_ascension_mode":true,"campfire_choices":[{"data":"Zap","floor":6,"key":"SMITH"},{"data":"Dualcast","floor":8,"key":"SMITH"},{"data":"Compile Driver","floor":10,"key":"SMITH"},{"data":"Steam","floor":12,"key":"SMITH"},{"data":"Undo","floor":15,"key":"SMITH"},{"data":"Go for the Eyes","floor":23,"key":"SMITH"},{"data":"Darkness","floor":27,"key":"SMITH"},{"floor":32,"key":"RECALL"}],"neow_cost":"TEN_PERCENT_HP_LOSS","seed_source_timestamp":286748301135453,"circlet_count":0,"master_deck":["AscendersBane","Strike_B","Strike_B","Defend_B","Defend_B","Defend_B","Defend_B","Zap+1","Dualcast+1","Steam+1","Skim+1","Compile Driver+1","Undo+1","Capacitor+1","Biased Cognition+1","Darkness+1","Glacier+1","Go for the Eyes+1","Go for the Eyes+1","Loop+1","Biased Cognition+1"],"relics":["Cracked Core","Oddly Smooth Stone","Frozen Egg 2","Vajra","Busted Crown","Mango","Bottled Tornado","Singing Bowl","Black Star"],"potions_floor_usage":[13,13,30,31,33],"damage_taken":[{"damage":0,"enemies":"Cultist","floor":1,"turns":3},{"damage":0,"enemies":"2 Louse","floor":4,"turns":3},{"damage":3,"enemies":"Small Slimes","floor":5,"turns":4},{"damage":11,"enemies":"3 Sentries","floor":13,"turns":7},{"damage":14,"enemies":"The Guardian","floor":16,"turns":12},{"damage":0,"enemies":"2 Thieves","floor":18,"turns":4},{"damage":0,"enemies":"3 Byrds","floor":25,"turns":6},{"damage":0,"enemies":"Snake Plant","floor":28,"turns":6},{"damage":6,"enemies":"Book of Stabbing","floor":29,"turns":6},{"damage":0,"enemies":"3 Cultists","floor":30,"turns":6},{"damage":0,"enemies":"Centurion and Healer","floor":31,"turns":8},{"damage":28,"enemies":"Collector","floor":33,"turns":10},{"damage":0,"enemies":"3 Shapes","floor":35,"turns":7},{"damage":86,"enemies":"2 Orb Walkers","floor":36,"turns":4}],"seed_played":"-4054727293987103689","potions_obtained":[{"floor":1,"key":"FearPotion"},{"floor":5,"key":"Weak Potion"},{"floor":25,"key":"Energy Potion"},{"floor":29,"key":"Poison Potion"},{"floor":30,"key":"Ancient Potion"}],"is_trial":false,"path_per_floor":["M","?","?","M","M","R","?","R","T","R","?","R","E","$","R","B",null,"M","$","?","$","?","R","?","M","T","R","M","E","M","M","R","B",null,"M","?"],"character_chosen":"DEFECT","items_purchased":["Capacitor+1","Vajra","Glacier","Go for the Eyes"],"campfire_rested":0,"item_purchase_floors":[14,14,19,21],"current_hp_per_floor":[64,64,69,69,66,66,55,55,55,55,55,55,44,44,44,30,59,59,59,59,59,73,73,73,73,73,73,73,69,69,71,71,43,76,78,0],"gold":197,"neow_bonus":"REMOVE_TWO","is_prod":false,"is_daily":false,"chose_seed":false,"campfire_upgraded":7,"win_rate":0,"timestamp":1556258470,"path_taken":["M","?","?","M","M","R","?","R","T","R","?","R","E","?","R","BOSS","M","$","?","?","?","R","?","M","T","R","M","E","?","M","R","BOSS","M","?"],"build_version":"2019-01-23","purchased_purges":1,"victory":false,"max_hp_per_floor":[64,64,69,69,69,69,69,69,69,69,69,69,69,69,69,69,69,69,69,69,69,83,83,83,83,83,83,83,85,85,87,87,87,87,89,89],"card_choices":[{"not_picked":["Lockon","Storm"],"picked":"Steam","floor":1},{"not_picked":["Force Field","Reprogram"],"picked":"Skim","floor":4},{"not_picked":["Steam","Redo"],"picked":"Compile Driver","floor":5},{"not_picked":["Ball Lightning","Rebound"],"picked":"Undo","floor":13},{"not_picked":["Machine Learning+1","Echo Form+1"],"picked":"Biased Cognition+1","floor":16},{"not_picked":[],"picked":"Darkness","floor":18},{"not_picked":["Hello World+1"],"picked":"SKIP","floor":25},{"not_picked":[],"picked":"Go for the Eyes+1","floor":28},{"not_picked":["Fusion"],"picked":"Singing Bowl","floor":29},{"not_picked":[],"picked":"Loop+1","floor":30},{"not_picked":["BootSequence"],"picked":"Singing Bowl","floor":31},{"not_picked":[],"picked":"Biased Cognition+1","floor":33},{"not_picked":["Stack+1"],"picked":"Singing Bowl","floor":35}],"player_experience":1939994,"relics_obtained":[{"floor":13,"key":"Frozen Egg 2"},{"floor":26,"key":"Bottled Tornado"},{"floor":29,"key":"Singing Bowl"}],"event_choices":[{"damage_healed":0,"gold_gain":150,"player_choice":"AGREE","damage_taken":0,"max_hp_gain":0,"max_hp_loss":0,"event_name":"Liars Game","floor":2,"gold_loss":0,"cards_obtained":["Doubt"]},{"damage_healed":0,"gold_gain":0,"player_choice":"Donut","damage_taken":0,"max_hp_gain":5,"max_hp_loss":0,"event_name":"Big Fish","floor":3,"gold_loss":0},{"damage_healed":0,"gold_gain":0,"player_choice":"Success","damage_taken":11,"relics_obtained":["Oddly Smooth Stone"],"max_hp_gain":0,"max_hp_loss":0,"event_name":"Scrap Ooze","floor":7,"gold_loss":0},{"damage_healed":0,"gold_gain":0,"player_choice":"Grow","damage_taken":0,"max_hp_gain":0,"max_hp_loss":0,"event_name":"Living Wall","floor":11,"gold_loss":0,"cards_upgraded":["Skim"]},{"damage_healed":0,"gold_gain":0,"player_choice":"Upgraded","damage_taken":0,"max_hp_gain":0,"max_hp_loss":0,"event_name":"Upgrade Shrine","floor":20,"gold_loss":0,"cards_upgraded":["Glacier"]},{"damage_healed":0,"gold_gain":0,"player_choice":"Opened","damage_taken":0,"relics_obtained":["Mango"],"max_hp_gain":0,"max_hp_loss":0,"event_name":"The Mausoleum","floor":22,"gold_loss":0,"cards_obtained":["Writhe"]},{"cards_removed":["Writhe"],"damage_healed":0,"gold_gain":0,"player_choice":"Purged","damage_taken":0,"max_hp_gain":0,"max_hp_loss":0,"event_name":"Purifier","floor":24,"gold_loss":0},{"damage_healed":0,"gold_gain":0,"player_choice":"Fight","damage_taken":0,"max_hp_gain":0,"max_hp_loss":0,"event_name":"Mysterious Sphere","floor":36,"gold_loss":0}],"is_beta":false,"boss_relics":[{"not_picked":["Velvet Choker","Runic Pyramid"],"picked":"Busted Crown"},{"not_picked":["Philosopher\u0027s Stone","Sozu"],"picked":"Black Star"}],"items_purged_floors":[14],"is_endless":false,"potions_floor_spawned":[1,5,25,29,30],"killed_by":"2 Orb Walkers","ascension_level":20}