{"gold_per_floor":[112,112,127,277,108,134,134,166,193,193,193,206,206,219,219,298,298,298,223,223,223,77,77,77,77,77,77,77,77,77,77,77,77,77,77,77,77,77,0,0,0,0,0,0,0,0,0,0,0,0,0,0,0,0,0],"floor_reached":55,"playtime":2096,"items_purged":["Doubt"],"score":1306,"play_id":"f87eca0a-9492-4ba2-94cc-fe9734d19689","local_time":"20190316113512","is_ascension_mode":true,"campfire_choices":[{"data":"Darkness","floor":7,"key":"SMITH"},{"data":"Zap","floor":11,"key":"SMITH"},{"data":"Coolheaded","floor":13,"key":"SMITH"},{"data":"Coolheaded","floor":15,"key":"SMITH"},{"data":"Consume","floor":23,"key":"SMITH"},{"data":"Capacitor","floor":28,"key":"SMITH"},{"floor":30,"key":"REST"},{"data":"Capacitor","floor":32,"key":"SMITH"},{"floor":42,"key":"REST"},{"data":"Buffer","floor":44,"key":"SMITH"},{"floor":46,"key":"REST"},{"floor":49,"key":"RECALL"},{"data":"Loop","floor":52,"key":"SMITH"}],"neow_cost":"NONE","seed_source_timestamp":259121255977402,"circlet_count":0,"master_deck":["AscendersBane","Strike_B","Strike_B","Defend_B","Defend_B","Defend_B","Defend_B","Zap+1","Dualcast","Darkness+1","Coolheaded+1","Capacitor+1","Gash","Undo","Coolheaded+1","Buffer+1","Hologram","Coolheaded","Consume+1","Capacitor+1","Loop+1","Glacier","Conserve Battery","Electrodynamics","Genetic Algorithm+1"],"relics":["Cracked Core","NeowsBlessing","Bronze Scales","Letter Opener","Oddly Smooth Stone","Ectoplasm","Pantograph","Blood Vial","Ancient Tea Set","Sozu","Red Mask","Sundial","Bag of Marbles","DataDisk","Kunai"],"potions_floor_usage":[24,25,40,48],"damage_taken":[{"damage":0,"enemies":"Small Slimes","floor":1,"turns":1},{"damage":0,"enemies":"Cultist","floor":3,"turns":1},{"damage":0,"enemies":"Gremlin Nob","floor":6,"turns":1},{"damage":19,"enemies":"3 Sentries","floor":8,"turns":7},{"damage":4,"enemies":"Jaw Worm","floor":12,"turns":3},{"damage":3,"enemies":"Looter","floor":14,"turns":3},{"damage":14,"enemies":"The Guardian","floor":16,"turns":9},{"damage":9,"enemies":"Spheric Guardian","floor":18,"turns":4},{"damage":0,"enemies":"3 Byrds","floor":21,"turns":4},{"damage":4,"enemies":"Shelled Parasite and Fungi","floor":24,"turns":7},{"damage":16,"enemies":"Slavers","floor":25,"turns":7},{"damage":27,"enemies":"Gremlin Leader","floor":29,"turns":9},{"damage":3,"enemies":"Snake Plant","floor":31,"turns":5},{"damage":15,"enemies":"Collector","floor":33,"turns":10},{"damage":0,"enemies":"Orb Walker","floor":35,"turns":6},{"damage":3,"enemies":"3 Shapes","floor":36,"turns":3},{"damage":11,"enemies":"Maw","floor":38,"turns":7},{"damage":39,"enemies":"Reptomancer","floor":40,"turns":12},{"damage":8,"enemies":"3 Darklings","floor":45,"turns":6},{"damage":4,"enemies":"Giant Head","floor":47,"turns":12},{"damage":0,"enemies":"4 Shapes","floor":48,"turns":6},{"damage":15,"enemies":"Donu and Deca","floor":50,"turns":13},{"damage":46,"enemies":"Shield and Spear","floor":54,"turns":7},{"damage":50,"enemies":"The Heart","floor":55,"turns":5}],"seed_played":"-8854749480847731769","potions_obtained":[{"floor":3,"key":"Energy Potion"},{"floor":8,"key":"Energy Potion"},{"floor":18,"key":"Block Potion"},{"floor":29,"key":"AttackPotion"},{"floor":33,"key":"AttackPotion"}],"is_trial":false,"path_per_floor":["M","?","M","?","$","E","R","E","T","?","R","M","R","M","R","B",null,"M","?","?","M","$","R","M","E","T","?","R","E","R","M","R","B",null,"M","M","?","M","?","E","T","R","T","R","M","R","E","M","R","B",null,"R","$","E","B"],"character_chosen":"DEFECT","items_purchased":["Coolheaded","Capacitor","Consume","Capacitor"],"campfire_rested":3,"item_purchase_floors":[5,5,22,22],"current_hp_per_floor":[64,64,64,64,64,64,64,45,45,45,45,41,41,38,38,24,59,50,50,50,50,50,50,46,30,30,30,30,5,26,25,25,37,63,65,64,64,55,55,18,18,39,39,39,33,54,52,54,54,56,67,67,67,23,0],"gold":0,"neow_bonus":"THREE_ENEMY_KILL","is_prod":false,"is_daily":false,"chose_seed":false,"campfire_upgraded":9,"win_rate":0,"timestamp":1552750512,"path_taken":["M","?","?","?","$","E","R","E","T","?","R","?","R","M","R","BOSS","M","?","?","M","$","R","?","E","T","?","R","E","R","M","R","BOSS","M","M","?","M","?","E","?","R","T","R","M","R","E","M","R","BOSS","R","$","E","BOSS"],"build_version":"2019-03-15","purchased_purges":1,"victory":false,"max_hp_per_floor":[71,71,71,71,71,71,71,71,71,71,71,71,71,71,71,71,71,71,71,71,71,71,71,71,71,71,71,71,71,71,71,71,71,71,71,71,71,71,71,71,71,71,71,71,71,71,71,71,71,71,71,71,71,71,71],"card_choices":[{"not_picked":["Beam Cell","Lockon"],"picked":"Cold Snap","floor":1},{"not_picked":["Undo","Steam Power"],"picked":"Darkness","floor":3},{"not_picked":["Chaos","Turbo"],"picked":"Gash","floor":6},{"not_picked":["Chaos","Streamline"],"picked":"Undo","floor":8},{"not_picked":["Turbo","Beam Cell","White Noise"],"picked":"SKIP","floor":12},{"not_picked":["Barrage","Hello World"],"picked":"Coolheaded","floor":14},{"not_picked":["Rainbow","Hyperbeam"],"picked":"Buffer","floor":16},{"not_picked":["Lockon","Ball Lightning"],"picked":"Hologram","floor":18},{"not_picked":["BootSequence","Stack"],"picked":"Coolheaded","floor":21},{"not_picked":["Skim","Rebound"],"picked":"Loop","floor":24},{"not_picked":["Turbo","Redo","Go for the Eyes"],"picked":"SKIP","floor":25},{"not_picked":["Aggregate+1","Turbo"],"picked":"Glacier","floor":29},{"not_picked":["Thunder Strike","Streamline"],"picked":"Conserve Battery","floor":31},{"not_picked":["Thunder Strike","Core Surge"],"picked":"Electrodynamics","floor":33},{"not_picked":["Sweeping Beam+1","Melter","Fusion"],"picked":"SKIP","floor":35},{"not_picked":["Ball Lightning+1","Conserve Battery+1"],"picked":"Genetic Algorithm+1","floor":36},{"not_picked":["Rebound","Doom and Gloom","Ball Lightning"],"picked":"SKIP","floor":38},{"not_picked":["Go for the Eyes","Skim","Streamline"],"picked":"SKIP","floor":40},{"not_picked":["Chaos","Fusion","Go for the Eyes+1"],"picked":"SKIP","floor":45},{"not_picked":["Gash+1","Streamline+1","Thunder Strike"],"picked":"SKIP","floor":47},{"not_picked":["Rip and Tear","Steam","Storm+1"],"picked":"SKIP","floor":48},{"not_picked":["Aggregate","Redo","Ball Lightning"],"picked":"SKIP","floor":54}],"player_experience":2198777,"relics_obtained":[{"floor":6,"key":"Bronze Scales"},{"floor":8,"key":"Letter Opener"},{"floor":9,"key":"Oddly Smooth Stone"},{"floor":25,"key":"Pantograph"},{"floor":26,"key":"Blood Vial"},{"floor":29,"key":"Ancient Tea Set"},{"floor":40,"key":"Sundial"},{"floor":43,"key":"Bag of Marbles"},{"floor":47,"key":"DataDisk"},{"floor":54,"key":"Kunai"}],"event_choices":[{"damage_healed":0,"gold_gain":0,"player_choice":"0 cards matched","damage_taken":0,"max_hp_gain":0,"max_hp_loss":0,"event_name":"Match and Keep!","floor":2,"gold_loss":0,"cards_obtained":[]},{"damage_healed":0,"gold_gain":150,"player_choice":"AGREE","damage_taken":0,"max_hp_gain":0,"max_hp_loss":0,"event_name":"Liars Game","floor":4,"gold_loss":0,"cards_obtained":["Doubt"]},{"cards_removed":["Strike_B"],"damage_healed":0,"gold_gain":0,"player_choice":"Purged","damage_taken":0,"max_hp_gain":0,"max_hp_loss":0,"event_name":"Purifier","floor":10,"gold_loss":0},{"cards_removed":["Strike_B"],"damage_healed":0,"gold_gain":0,"player_choice":"Gave Gold","damage_taken":0,"max_hp_gain":0,"max_hp_loss":0,"event_name":"Beggar","floor":19,"gold_loss":75},{"damage_healed":0,"gold_gain":50,"player_choice":"Pray","damage_taken":0,"max_hp_gain":0,"max_hp_loss":0,"event_name":"Golden Shrine","floor":20,"gold_loss":0},{"damage_healed":0,"gold_gain":0,"player_choice":"Ignored","damage_taken":0,"max_hp_gain":0,"max_hp_loss":0,"event_name":"Vampires","floor":27,"gold_loss":0},{"cards_removed":["Cold Snap"],"damage_healed":0,"gold_gain":0,"player_choice":"Removed Attack","damage_taken":0,"max_hp_gain":0,"max_hp_loss":0,"event_name":"Falling","floor":37,"gold_loss":0},{"damage_healed":0,"gold_gain":0,"player_choice":"Paid","damage_taken":0,"relics_obtained":["Red Mask"],"max_hp_gain":0,"max_hp_loss":0,"event_name":"Tomb of Lord Red Mask","floor":39,"gold_loss":77}],"is_beta":true,"boss_relics":[{"not_picked":["Orrery","Runic Dome"],"picked":"Ectoplasm"},{"not_picked":["Pandora\u0027s Box","FrozenCore"],"picked":"Sozu"}],"items_purged_floors":[5],"is_endless":false,"potions_floor_spawned":[3,8,12,18,21,29,33,35,40,47],"killed_by":"The Heart","ascension_level":15}