{"gold_per_floor":[116,130,130,130,148,148,148,148,148,148,9,40,40,80,80,80],"floor_reached":16,"playtime":414,"items_purged":[],"score":212,"play_id":"965f72e4-962e-44f5-be40-841e394237c0","local_time":"20190225183955","is_ascension_mode":true,"campfire_choices":[{"data":"Cloak And Dagger","floor":6,"key":"SMITH"},{"data":"Dagger Spray","floor":8,"key":"SMITH"},{"data":"Defend_G","floor":10,"key":"SMITH"},{"floor":13,"key":"REST"},{"data":"Poisoned Stab","floor":15,"key":"SMITH"}],"neow_cost":"NONE","seed_source_timestamp":88762738711241,"circlet_count":0,"master_deck":["AscendersBane","Defend_G","Defend_G","Defend_G","Defend_G+1","Defend_G","Strike_G","Strike_G","Strike_G","Strike_G","Survivor","Neutralize+1","Dagger Spray+1","Cloak And Dagger+1","Dagger Throw","Poisoned Stab+1","Well Laid Plans","Die Die Die"],"relics":["Ring of the Snake","Golden Idol","Vajra","PreservedInsect","Tingsha"],"potions_floor_usage":[12,16],"damage_taken":[{"damage":11,"enemies":"Jaw Worm","floor":1,"turns":7},{"damage":1,"enemies":"Small Slimes","floor":2,"turns":6},{"damage":1,"enemies":"2 Louse","floor":5,"turns":4},{"damage":24,"enemies":"Gremlin Nob","floor":12,"turns":4},{"damage":9,"enemies":"3 Sentries","floor":14,"turns":3},{"damage":42,"enemies":"Slime Boss","floor":16,"turns":10}],"seed_played":"1220157253516466365","potions_obtained":[{"floor":1,"key":"AttackPotion"},{"floor":2,"key":"SkillPotion"},{"floor":12,"key":"Dexterity Potion"}],"is_trial":false,"path_per_floor":["M","M","?","?","M","R","?","R","T","R","$","E","R","E","R","B"],"character_chosen":"THE_SILENT","items_purchased":["Poisoned Stab","Well Laid Plans"],"campfire_rested":1,"item_purchase_floors":[11,11],"current_hp_per_floor":[48,47,47,47,46,46,46,46,46,46,46,22,40,31,31,0],"gold":80,"neow_bonus":"UPGRADE_CARD","is_prod":false,"is_daily":false,"chose_seed":false,"campfire_upgraded":4,"win_rate":0,"timestamp":1551145195,"path_taken":["M","M","?","?","M","R","?","R","T","R","?","E","R","E","R","BOSS"],"build_version":"2019-02-06","purchased_purges":0,"victory":false,"max_hp_per_floor":[66,66,66,60,60,60,60,60,60,60,60,60,60,60,60,60],"card_choices":[{"not_picked":["Expertise","Dodge and Roll"],"picked":"Dagger Spray","floor":1},{"not_picked":["Concentrate","Prepared"],"picked":"Cloak And Dagger","floor":2},{"not_picked":["Terror","Deflect"],"picked":"Dagger Throw","floor":5},{"not_picked":["PiercingWail","Accuracy"],"picked":"Die Die Die","floor":12},{"not_picked":["Riddle With Holes","Flechettes","Flying Knee"],"picked":"SKIP","floor":14}],"player_experience":1130798,"relics_obtained":[{"floor":9,"key":"Vajra"},{"floor":12,"key":"PreservedInsect"},{"floor":14,"key":"Tingsha"}],"event_choices":[{"cards_removed":["Strike_G"],"damage_healed":0,"gold_gain":0,"player_choice":"Forget","damage_taken":0,"max_hp_gain":0,"max_hp_loss":0,"event_name":"Living Wall","floor":3,"gold_loss":0},{"damage_healed":0,"gold_gain":0,"player_choice":"Lose Max HP","damage_taken":0,"relics_obtained":["Golden Idol"],"max_hp_gain":0,"max_hp_loss":6,"event_name":"Golden Idol","floor":4,"gold_loss":0},{"damage_healed":0,"gold_gain":0,"player_choice":"Ignored","damage_taken":0,"max_hp_gain":0,"max_hp_loss":0,"event_name":"Liars Game","floor":7,"gold_loss":0}],"is_beta":true,"boss_relics":[],"items_purged_floors":[],"is_endless":false,"potions_floor_spawned":[1,2,12],"killed_by":"Slime Boss","ascension_level":20}