{"gold_per_floor":[119,119,195,205,40,65,11,40,66,66,66,13,44,44,44,116,416,435,16,66,16,16,16],"floor_reached":23,"playtime":1009,"items_purged":["Normality","Writhe"],"score":402,"play_id":"dfd80176-b7ef-44a7-83bb-8fc3ac3cd8d0","local_time":"20190404220621","is_ascension_mode":true,"campfire_choices":[{"data":"Armaments","floor":10,"key":"SMITH"},{"data":"True Grit","floor":15,"key":"SMITH"}],"neow_cost":"NONE","seed_source_timestamp":301460288254174,"circlet_count":0,"master_deck":["AscendersBane","Strike_R","Strike_R","Strike_R","Strike_R","Strike_R","Defend_R","Defend_R","Defend_R","Defend_R","Bash+1","Twin Strike","Feel No Pain","Cleave","True Grit+1","Armaments+1","Pummel","Shrug It Off","Reaper","Shame","Infernal Blade+1","Shockwave","Ghostly","Ghostly","Ghostly"],"relics":["Burning Blood","Red Skull","Strawberry","Smiling Mask","Potion Belt","Oddly Smooth Stone","Bottled Flame","Calling Bell","Pen Nib","Kunai","Old Coin","Matryoshka"],"potions_floor_usage":[6,8,13,16,18,23],"damage_taken":[{"damage":6,"enemies":"Cultist","floor":1,"turns":3},{"damage":7,"enemies":"2 Louse","floor":4,"turns":3},{"damage":29,"enemies":"Gremlin Nob","floor":6,"turns":4},{"damage":15,"enemies":"3 Sentries","floor":8,"turns":9},{"damage":15,"enemies":"Lagavulin","floor":13,"turns":5},{"damage":7,"enemies":"The Guardian","floor":16,"turns":14},{"damage":58,"enemies":"3 Byrds","floor":18,"turns":9},{"damage":27,"enemies":"Book of Stabbing","floor":23,"turns":5}],"seed_played":"-9122314882683952369","potions_obtained":[{"floor":13,"key":"Swift Potion"},{"floor":16,"key":"PowerPotion"},{"floor":18,"key":"Energy Potion"}],"is_trial":false,"path_per_floor":["M","?","?","M","$","E","$","E","T","R","?","$","E","T","R","B",null,"M","$","?","$","?","E"],"character_chosen":"IRONCLAD","items_purchased":["True Grit","Fire Potion","Armaments","Fire Potion","AttackPotion","Matryoshka","Shockwave"],"campfire_rested":0,"item_purchase_floors":[5,5,5,7,12,19,19],"current_hp_per_floor":[68,68,68,67,67,44,44,42,42,42,42,42,33,33,33,32,70,26,26,26,26,26,0],"gold":16,"neow_bonus":"THREE_CARDS","is_prod":false,"is_daily":false,"chose_seed":false,"campfire_upgraded":2,"win_rate":0,"timestamp":1554429981,"path_taken":["M","?","?","M","$","E","?","E","T","R","?","$","E","?","R","BOSS","M","$","?","$","?","E"],"build_version":"2019-01-23","purchased_purges":2,"victory":false,"max_hp_per_floor":[75,75,75,75,75,75,75,82,82,82,82,82,82,82,82,82,82,82,82,82,82,41,41],"card_choices":[{"not_picked":["Iron Wave","Infernal Blade"],"picked":"Twin Strike","floor":0},{"not_picked":["Heavy Blade","Evolve"],"picked":"Feel No Pain","floor":1},{"not_picked":["Thunderclap","Twin Strike"],"picked":"Cleave","floor":4},{"not_picked":["True Grit","Twin Strike","Pummel"],"picked":"SKIP","floor":6},{"not_picked":["True Grit","Twin Strike"],"picked":"Pummel","floor":6},{"not_picked":["Corruption","Power Through"],"picked":"Shrug It Off","floor":8},{"not_picked":["Rage","Thunderclap","Hemokinesis"],"picked":"SKIP","floor":13},{"not_picked":["Brutality","Berserk"],"picked":"Reaper","floor":16},{"not_picked":["Fire Breathing","Wild Strike"],"picked":"Infernal Blade+1","floor":18}],"player_experience":1596913,"relics_obtained":[{"floor":6,"key":"Red Skull"},{"floor":8,"key":"Strawberry"},{"floor":9,"key":"Smiling Mask"},{"floor":13,"key":"Oddly Smooth Stone"},{"floor":14,"key":"Bottled Flame"},{"floor":17,"key":"Pen Nib"},{"floor":17,"key":"Kunai"},{"floor":17,"key":"Old Coin"}],"event_choices":[{"damage_healed":0,"gold_gain":0,"player_choice":"Grow","damage_taken":0,"max_hp_gain":0,"max_hp_loss":0,"event_name":"Living Wall","floor":2,"gold_loss":0,"cards_upgraded":["Bash"]},{"damage_healed":0,"gold_gain":76,"player_choice":"Gained Gold","damage_taken":0,"max_hp_gain":0,"max_hp_loss":0,"event_name":"Golden Wing","floor":3,"gold_loss":0},{"damage_healed":0,"gold_gain":0,"player_choice":"Searched \u00271\u0027 times","damage_taken":0,"relics_obtained":["Potion Belt"],"max_hp_gain":0,"max_hp_loss":0,"event_name":"Dead Adventurer","floor":11,"gold_loss":0},{"damage_healed":0,"gold_gain":50,"player_choice":"Stole From Cult","damage_taken":0,"max_hp_gain":0,"max_hp_loss":0,"event_name":"Nest","floor":20,"gold_loss":0},{"damage_healed":0,"gold_gain":0,"player_choice":"Became a Ghost","damage_taken":0,"max_hp_gain":0,"max_hp_loss":41,"event_name":"Ghosts","floor":22,"gold_loss":0,"cards_obtained":["Ghostly","Ghostly","Ghostly"]}],"is_beta":false,"boss_relics":[{"not_picked":["Black Star","Pandora\u0027s Box"],"picked":"Calling Bell"}],"items_purged_floors":[19,21],"is_endless":false,"potions_floor_spawned":[13,16,18],"killed_by":"Book of Stabbing","ascension_level":20}