{"gold_per_floor":[12,23,23,40,5,5,30,30,30,43,43,43,59,59,59,59],"floor_reached":16,"playtime":370,"items_purged":[],"score":200,"play_id":"7472138c-790a-43e5-83b8-f6dbd9122765","local_time":"20181121163821","is_ascension_mode":true,"campfire_choices":[{"data":"Neutralize","floor":6,"key":"SMITH"},{"floor":8,"key":"REST"},{"floor":15,"key":"REST"}],"neow_cost":"NO_GOLD","seed_source_timestamp":591812930911429,"circlet_count":0,"master_deck":["AscendersBane","Defend_G","Defend_G","Defend_G","Defend_G","Defend_G","Strike_G","Strike_G","Strike_G","Strike_G","Survivor","Neutralize+1","Corpse Explosion","Backstab","Dagger Throw","Backflip","Cloak And Dagger","Cloak And Dagger","Backflip"],"relics":["Ring of the Snake","Dodecahedron","Paper Crane"],"potions_floor_usage":[16],"damage_taken":[{"damage":0,"enemies":"2 Louse","floor":1,"turns":3},{"damage":11,"enemies":"Cultist","floor":2,"turns":5},{"damage":4,"enemies":"Jaw Worm","floor":4,"turns":4},{"damage":34,"enemies":"Lagavulin","floor":7,"turns":6},{"damage":0,"enemies":"2 Fungi Beasts","floor":10,"turns":4},{"damage":6,"enemies":"Exordium Wildlife","floor":13,"turns":2},{"damage":70,"enemies":"Slime Boss","floor":16,"turns":12}],"seed_played":"-8016106803154067401","potions_obtained":[{"floor":1,"key":"Explosive Potion"},{"floor":7,"key":"Dexterity Potion"},{"floor":13,"key":"GhostInAJar"}],"is_trial":false,"path_per_floor":["M","M","?","M","?","R","E","R","T","M","$","?","M","$","R","B"],"character_chosen":"THE_SILENT","items_purchased":[],"campfire_rested":2,"item_purchase_floors":[],"current_hp_per_floor":[59,48,48,44,60,60,26,45,45,45,45,50,44,44,65,0],"gold":59,"neow_bonus":"THREE_RARE_CARDS","is_prod":false,"is_daily":false,"chose_seed":false,"campfire_upgraded":1,"win_rate":0,"timestamp":1542843501,"path_taken":["M","M","?","?","?","R","E","R","T","M","?","?","?","$","R","BOSS"],"build_version":"2018-11-15","purchased_purges":0,"victory":false,"max_hp_per_floor":[66,66,66,66,66,66,66,66,66,66,66,71,71,71,71,71],"card_choices":[{"not_picked":["Tools of the Trade","Wraith Form v2"],"picked":"Corpse Explosion","floor":0},{"not_picked":["Backflip","Acrobatics"],"picked":"Backstab","floor":1},{"not_picked":["Acrobatics","Dagger Spray"],"picked":"Dagger Throw","floor":2},{"not_picked":["Deadly Poison","Bane"],"picked":"Backflip","floor":4},{"not_picked":["Prepared","Die Die Die"],"picked":"Cloak And Dagger","floor":7},{"not_picked":["Acrobatics","Blade Dance"],"picked":"Cloak And Dagger","floor":10},{"not_picked":["Blade Dance","Terror"],"picked":"Backflip","floor":13}],"player_experience":969491,"relics_obtained":[{"floor":7,"key":"Dodecahedron"},{"floor":9,"key":"Paper Crane"}],"event_choices":[{"cards_removed":["Strike_G"],"damage_healed":0,"gold_gain":0,"player_choice":"Offered Basic","damage_taken":0,"max_hp_gain":0,"max_hp_loss":0,"event_name":"Bonfire Elementals","floor":3,"gold_loss":0},{"damage_healed":16,"gold_gain":0,"player_choice":"Healed","damage_taken":0,"max_hp_gain":0,"max_hp_loss":0,"event_name":"The Cleric","floor":5,"gold_loss":35},{"damage_healed":0,"gold_gain":0,"player_choice":"Donut","damage_taken":0,"max_hp_gain":5,"max_hp_loss":0,"event_name":"Big Fish","floor":12,"gold_loss":0}],"is_beta":true,"boss_relics":[],"items_purged_floors":[],"is_endless":false,"potions_floor_spawned":[1,7,13],"killed_by":"Slime Boss","ascension_level":20}