{"path_per_floor":["M","M","?","M","?","R","E","M","T","M","?","E","M","M","R","B",null,"M","?","?","T","M","R","M"],"character_chosen":"IRONCLAD","items_purchased":[],"gold_per_floor":[16,26,26,42,42,42,68,87,112,122,122,152,169,185,185,264,264,254,254,254,254,272,272,285,285],"floor_reached":25,"campfire_rested":0,"playtime":980,"current_hp_per_floor":[81,81,81,77,77,77,50,33,33,28,28,8,28,39,39,44,89,71,71,71,71,59,59,50,0],"items_purged":[],"gold":285,"score":426,"play_id":"9cb63488-c37a-462e-8d0f-878560c5e163","local_time":"20180418232522","is_prod":false,"is_daily":false,"chose_seed":false,"is_ascension_mode":true,"campfire_upgraded":3,"timestamp":1524108322,"path_taken":["M","M","?","M","?","R","E","M","T","M","?","E","?","M","R","BOSS","M","?","?","?","M","R","M","E"],"build_version":"2018-04-12","seed_source_timestamp":293824265462722,"purchased_purges":0,"victory":false,"master_deck":["Strike_R","Strike_R","Strike_R","Strike_R","Strike_R","Defend_R","Defend_R","Defend_R","Defend_R+1","Bash+1","AscendersBane","Spot Weakness","Heavy Blade+1","Shockwave+1","Feed","Pummel+1","Berserk","Double Tap+1","Inflame"],"max_hp_per_floor":[89,89,89,89,89,89,89,91,91,96,96,96,99,101,101,104,104,109,109,109,109,111,111,116,116],"relics":["Black Blood","Singing Bowl","War Paint","Ice Cream","Meat on the Bone","Happy Flower"],"card_choices":[{"not_picked":["Flame Barrier","Rampage"],"picked":"Spot Weakness","floor":1},{"not_picked":["Headbutt","Carnage"],"picked":"Heavy Blade","floor":2},{"not_picked":["Armaments","Clothesline"],"picked":"Shockwave","floor":4},{"not_picked":["Sword Boomerang","Reckless Charge"],"picked":"Feed","floor":7},{"not_picked":["Carnage","Intimidate"],"picked":"Pummel","floor":12},{"not_picked":["Whirlwind","Pommel Strike"],"picked":"Berserk","floor":13},{"not_picked":["Impervious","Exhume"],"picked":"Double Tap","floor":16}],"player_experience":899694,"potions_floor_usage":[7,8,13,16,18,25,25],"damage_taken":[{"damage":7,"enemies":"2 Louse","floor":1,"turns":4},{"damage":6,"enemies":"Cultist","floor":2,"turns":4},{"damage":10,"enemies":"Small Slimes","floor":4,"turns":3},{"damage":33,"enemies":"3 Sentries","floor":7,"turns":7},{"damage":25,"enemies":"Exordium Thugs","floor":8,"turns":6},{"damage":16,"enemies":"3 Louse","floor":10,"turns":4},{"damage":26,"enemies":"Gremlin Nob","floor":12,"turns":4},{"damage":1,"enemies":"2 Fungi Beasts","floor":13,"turns":3},{"damage":9,"enemies":"Large Slime","floor":14,"turns":5},{"damage":16,"enemies":"Hexaghost","floor":16,"turns":9},{"damage":33,"enemies":"2 Thieves","floor":18,"turns":4},{"damage":36,"enemies":"Chosen","floor":22,"turns":7},{"damage":36,"enemies":"Snake Plant","floor":24,"turns":3},{"damage":50,"enemies":"Book of Stabbing","floor":25,"turns":5}],"event_choices":[{"event_name":"Upgrade Shrine","player_choice":"Upgraded","floor":3,"damage_taken":0},{"event_name":"The Cleric","player_choice":"Leave","floor":5,"damage_taken":0},{"event_name":"Dead Adventurer","player_choice":"Searched \u00271\u0027 times","floor":11,"damage_taken":0},{"event_name":"Ghosts","player_choice":"Ignored","floor":19,"damage_taken":0},{"event_name":"The Library","player_choice":"Read","floor":20,"damage_taken":0}],"boss_relics":[{"not_picked":["Lizard Tail","Orrery"],"picked":"Black Blood"}],"potions_floor_spawned":[1,2,12,13,14,16,22,24],"seed_played":"7326993508946759179","killed_by":"Book of Stabbing","ascension_level":15,"is_trial":false}