{"gold_per_floor":[113,128,128,128,148,180,195,225,225,3,3],"floor_reached":11,"playtime":543,"items_purged":[],"score":95,"play_id":"4562b4a6-d070-437c-8bfd-8742dfee4b16","local_time":"20180820211818","is_ascension_mode":true,"campfire_choices":[],"neow_cost":"NONE","seed_source_timestamp":258832438129598,"circlet_count":0,"master_deck":["Strike_B","Strike_B","Strike_B","Strike_B","Defend_B+1","Defend_B+1","Defend_B","Defend_B","Zap+1","Dualcast","Coolheaded","Tempest","Capacitor","Capacitor","Defragment"],"relics":["Cracked Core","Anchor","Bottled Flame","Kunai","Pantograph","War Paint"],"potions_floor_usage":[6,11,11],"damage_taken":[{"damage":0,"enemies":"2 Louse","floor":1,"turns":2},{"damage":0,"enemies":"Cultist","floor":2,"turns":3},{"damage":0,"enemies":"Small Slimes","floor":5,"turns":2},{"damage":30,"enemies":"3 Sentries","floor":6,"turns":9},{"damage":4,"enemies":"Looter","floor":7,"turns":3},{"damage":30,"enemies":"Gremlin Nob","floor":8,"turns":4},{"damage":5,"enemies":"Lots of Slimes","floor":11,"turns":1}],"seed_played":"2763393812050549572","potions_obtained":[{"floor":2,"key":"Dexterity Potion"},{"floor":6,"key":"Dexterity Potion"},{"floor":7,"key":"LiquidBronze"},{"floor":8,"key":"Swift Potion"}],"is_trial":false,"path_per_floor":["M","M","?","?","M","E","M","E","T","$"],"character_chosen":"DEFECT","items_purchased":["Defragment","War Paint"],"campfire_rested":0,"item_purchase_floors":[10,10],"current_hp_per_floor":[75,75,75,68,68,38,34,4,4,4,0],"gold":3,"neow_bonus":"UPGRADE_CARD","is_prod":false,"is_daily":false,"chose_seed":false,"campfire_upgraded":0,"win_rate":0,"timestamp":1534814298,"path_taken":["M","M","?","?","M","E","?","E","T","?","?"],"build_version":"2018-08-16","purchased_purges":0,"victory":false,"max_hp_per_floor":[75,75,75,75,75,75,75,75,75,75,75],"card_choices":[{"not_picked":["Turbo","Rebound"],"picked":"Coolheaded","floor":1},{"not_picked":["Barrage","Scrape"],"picked":"Tempest","floor":2},{"not_picked":["FTL","Blizzard"],"picked":"Capacitor","floor":5},{"not_picked":["Compile Driver","Conserve Battery","Chaos"],"picked":"SKIP","floor":6},{"not_picked":["All For One","Undo"],"picked":"Capacitor","floor":7},{"not_picked":["Biased Cognition","Fusion","Turbo"],"picked":"SKIP","floor":8}],"player_experience":969455,"relics_obtained":[{"floor":6,"key":"Bottled Flame"},{"floor":8,"key":"Kunai"},{"floor":9,"key":"Pantograph"}],"event_choices":[{"event_name":"Match and Keep!","player_choice":"0 cards matched","floor":3,"damage_taken":0},{"event_name":"Scrap Ooze","player_choice":"success","floor":4,"damage_taken":7}],"is_beta":false,"boss_relics":[],"items_purged_floors":[],"is_endless":false,"potions_floor_spawned":[2,6,7,8],"killed_by":"Lots of Slimes","ascension_level":3}