{"path_per_floor":["M","?","M","?","M","$","?","R","T","R","M","E","M","M","R","B",null,"M","M","?","?","M","E","?","?","T","R","M","M","R","M","R"],"character_chosen":"IRONCLAD","items_purchased":["Omamori","Inflame"],"gold_per_floor":[116,116,132,307,321,49,49,49,76,76,96,130,153,171,171,296,296,314,337,337,337,353,384,384,384,384,384,403,422,422,433,433,433],"floor_reached":33,"campfire_rested":0,"playtime":1101,"current_hp_per_floor":[88,66,66,66,65,65,65,65,65,65,71,50,52,53,53,52,88,73,76,76,61,59,37,37,37,37,37,49,49,49,46,46,0],"items_purged":["Doubt"],"gold":433,"score":345,"play_id":"c62a8d7f-bc6d-4c9a-96b9-1e8b4597bd70","local_time":"20180407205733","is_prod":false,"is_daily":false,"is_ascension_mode":false,"campfire_upgraded":6,"timestamp":1523149053,"path_taken":["M","?","M","?","?","$","?","R","T","R","M","E","?","M","R","BOSS","M","M","?","?","?","E","?","?","T","R","?","M","R","M","R","BOSS"],"build_version":"2018-04-05v2","purchased_purges":1,"victory":false,"master_deck":["Defend_R","Defend_R","Defend_R","Bash+1","Whirlwind+1","Thunderclap+1","Flame Barrier","Inflame+1","Offering+1","Bloodletting+1","Limit Break+1","Shrug It Off+1","Twin Strike+1","Bite","Bite","Bite","Bite","Bite","Cleave+1","Wild Strike"],"max_hp_per_floor":[88,88,88,88,88,88,88,88,88,88,88,88,88,88,88,88,88,88,88,88,61,61,61,61,61,61,61,61,61,61,61,61,61],"relics":["Black Blood","Bloody Idol","Omamori","Pen Nib","Mercury Hourglass","Toolbox","Dream Catcher"],"card_choices":[{"not_picked":["Warcry","Shrug It Off"],"picked":"Whirlwind","floor":1},{"not_picked":["Blood for Blood","Searing Blow"],"picked":"Thunderclap","floor":3},{"not_picked":["Sentinel","Rage"],"picked":"Flame Barrier","floor":5},{"not_picked":["Warcry","Havoc"],"picked":"Offering","floor":12},{"not_picked":["Armaments","True Grit"],"picked":"Bloodletting","floor":14},{"not_picked":["Juggernaut","Feed"],"picked":"Limit Break","floor":16},{"not_picked":["Pommel Strike","Heavy Blade"],"picked":"Shrug It Off","floor":18},{"not_picked":["Headbutt","Second Wind"],"picked":"Twin Strike","floor":19},{"not_picked":["Perfected Strike","Heavy Blade"],"picked":"Cleave","floor":22}],"player_experience":731336,"potions_floor_usage":[12,16,18,22,28,28,31],"damage_taken":[{"damage":5,"enemies":"2 Louse","floor":1,"turns":2},{"damage":6,"enemies":"Jaw Worm","floor":3,"turns":3},{"damage":7,"enemies":"Cultist","floor":5,"turns":5},{"damage":0,"enemies":"Large Slime","floor":11,"turns":4},{"damage":27,"enemies":"Lagavulin","floor":12,"turns":6},{"damage":4,"enemies":"2 Fungi Beasts","floor":13,"turns":2},{"damage":5,"enemies":"Exordium Wildlife","floor":14,"turns":4},{"damage":7,"enemies":"Slime Boss","floor":16,"turns":4},{"damage":25,"enemies":"Shell Parasite","floor":18,"turns":4},{"damage":7,"enemies":"Chosen","floor":19,"turns":3},{"damage":14,"enemies":"Snake Plant","floor":22,"turns":4},{"damage":36,"enemies":"Book of Stabbing","floor":23,"turns":4},{"damage":17,"enemies":"Slaver and Parasite","floor":28,"turns":3},{"damage":21,"enemies":"Centurion and Healer","floor":29,"turns":4},{"damage":22,"enemies":"Snake Plant","floor":31,"turns":3},{"damage":87,"enemies":"Automaton","floor":33,"turns":6}],"event_choices":[{"event_name":"Golden Idol","player_choice":"Take Damage","floor":2,"damage_taken":0},{"event_name":"Liars Game","player_choice":"agreed","floor":4,"damage_taken":0},{"event_name":"Living Wall","player_choice":"Grow","floor":7,"damage_taken":0},{"event_name":"Ghosts","player_choice":"Ignored","floor":20,"damage_taken":0},{"event_name":"Vampires","player_choice":"Became a vampire","floor":21,"damage_taken":0},{"event_name":"Transmorgrifier","player_choice":"Transform","floor":24,"damage_taken":0},{"event_name":"Forgotten Altar","player_choice":"Gave Idol","floor":25,"damage_taken":0}],"boss_relics":[{"not_picked":["Snecko Eye","Tiny House"],"picked":"Black Blood"}],"potions_floor_spawned":[1,13,14,16,22,23,29],"seed_played":"6220339068390398418","killed_by":"Automaton","ascension_level":0,"is_trial":false}