{"gold_per_floor":[118,118,131,131,155,155,155,195,195,2,2,23,56,10,10,103,103,128,2,15,15,88,88,126,194,194,194,244,244,219,242,242,340,340,364,414,464,483,497,497,97,140,140,155,224,274,274,295,295,295,295,295,295,46,90,90],"floor_reached":56,"playtime":5582,"items_purged":["Strike_G","Strike_G"],"score":1810,"play_id":"f1f2f4de-1574-4c93-97b4-99efe097223f","local_time":"20190505171807","is_ascension_mode":true,"campfire_choices":[{"data":"Deadly Poison","floor":6,"key":"SMITH"},{"data":"Noxious Fumes","floor":11,"key":"SMITH"},{"floor":15,"key":"REST"},{"data":"Wraith Form v2","floor":23,"key":"SMITH"},{"floor":27,"key":"REST"},{"data":"Well Laid Plans","floor":29,"key":"SMITH"},{"floor":32,"key":"DIG"},{"data":"Envenom","floor":40,"key":"SMITH"},{"floor":47,"key":"RECALL"},{"data":"Survivor","floor":49,"key":"SMITH"},{"data":"Defend_G","floor":53,"key":"SMITH"}],"neow_cost":"NONE","seed_source_timestamp":455195269384819,"circlet_count":0,"master_deck":["AscendersBane","Defend_G","Defend_G","Defend_G","Defend_G+1","Defend_G","Survivor+1","Neutralize+1","Deadly Poison+1","Flying Knee","Noxious Fumes+1","Well Laid Plans+1","Quick Slash+1","Wraith Form v2+1","PiercingWail","Malaise","PiercingWail","Flechettes+1","Adrenaline","PiercingWail","Bite","Bite","Bite","Blur+1","Envenom+1","Leg Sweep+1","Dodge and Roll+1","Deadly Poison+1","Malaise+1","Deflect+1","PiercingWail+1","Outmaneuver+1","Noxious Fumes"],"relics":["Ring of the Snake","Golden Idol","The Courier","Shovel","Du-Vu Doll","Sozu","SsserpentHead","Whetstone","Toxic Egg 2","Blood Vial","Runic Pyramid","Paper Crane","Chemical X","Singing Bowl","PreservedInsect","ClockworkSouvenir","Happy Flower"],"potions_floor_usage":[12,13,16,56],"damage_taken":[{"damage":0,"enemies":"Cultist","floor":1,"turns":4},{"damage":0,"enemies":"2 Louse","floor":3,"turns":5},{"damage":0,"enemies":"Jaw Worm","floor":5,"turns":4},{"damage":25,"enemies":"Lagavulin","floor":8,"turns":9},{"damage":0,"enemies":"Blue Slaver","floor":12,"turns":5},{"damage":23,"enemies":"3 Sentries","floor":13,"turns":8},{"damage":25,"enemies":"Slime Boss","floor":16,"turns":11},{"damage":7,"enemies":"Chosen","floor":18,"turns":6},{"damage":3,"enemies":"Shell Parasite","floor":20,"turns":7},{"damage":6,"enemies":"Snake Plant","floor":22,"turns":6},{"damage":13,"enemies":"Book of Stabbing","floor":24,"turns":7},{"damage":8,"enemies":"Centurion and Healer","floor":25,"turns":7},{"damage":10,"enemies":"Snecko","floor":31,"turns":6},{"damage":17,"enemies":"Collector","floor":33,"turns":10},{"damage":0,"enemies":"3 Shapes","floor":35,"turns":8},{"damage":2,"enemies":"Orb Walker","floor":38,"turns":5},{"damage":15,"enemies":"Jaw Worm Horde","floor":39,"turns":8},{"damage":41,"enemies":"Giant Head","floor":42,"turns":11},{"damage":7,"enemies":"4 Shapes","floor":44,"turns":7},{"damage":0,"enemies":"Maw","floor":45,"turns":9},{"damage":3,"enemies":"Sphere and 2 Shapes","floor":48,"turns":10},{"damage":35,"enemies":"Awakened One","floor":50,"turns":25},{"damage":7,"enemies":"Time Eater","floor":51,"turns":16},{"damage":4,"enemies":"Shield and Spear","floor":55,"turns":11},{"damage":52,"enemies":"The Heart","floor":56,"turns":11}],"seed_played":"5435719833538114388","potions_obtained":[{"floor":5,"key":"AttackPotion"},{"floor":12,"key":"SkillPotion"},{"floor":16,"key":"Energy Potion"}],"is_trial":false,"path_per_floor":["M","?","M","?","M","R","?","E","T","$","R","M","E","$","R","B",null,"M","$","M","?","M","R","E","M","T","R","?","R","?","M","R","B",null,"M","?","?","M","M","R","$","E","T","M","M","?","R","M","R","B","B",null,"R","$","E","B"],"character_chosen":"THE_SILENT","items_purchased":["Well Laid Plans","Regen Potion","PiercingWail","PiercingWail","Paper Crane","Chemical X","ClockworkSouvenir","PiercingWail+1","Outmaneuver+1"],"campfire_rested":2,"item_purchase_floors":[10,10,14,19,41,41,54,54,54],"current_hp_per_floor":[59,59,59,59,59,59,48,23,23,23,23,38,15,15,33,8,47,40,40,37,37,31,31,18,10,10,28,28,28,28,30,30,39,41,42,40,40,40,39,39,39,9,9,16,32,32,32,44,44,37,44,44,44,44,44,0],"gold":90,"neow_bonus":"UPGRADE_CARD","is_prod":false,"is_daily":false,"chose_seed":false,"campfire_upgraded":7,"win_rate":0,"timestamp":1557101887,"path_taken":["M","?","M","?","M","R","?","E","T","$","R","M","E","?","R","BOSS","M","$","M","?","?","R","E","?","T","R","?","R","?","M","R","BOSS","M","?","?","M","M","R","$","E","T","M","?","?","R","M","R","BOSS","BOSS","R","$","E","BOSS"],"build_version":"2019-04-23","purchased_purges":2,"victory":false,"max_hp_per_floor":[66,66,66,60,60,60,60,60,60,60,60,60,60,60,60,60,60,60,60,60,60,60,60,60,60,60,60,42,42,42,42,42,42,42,42,40,40,40,40,40,40,40,40,40,42,42,42,44,44,44,44,44,44,44,44,44],"card_choices":[{"not_picked":["Blade Dance","Dodge and Roll","Backflip"],"picked":"SKIP","floor":1},{"not_picked":["Slice","Backflip"],"picked":"Deadly Poison","floor":3},{"not_picked":["Endless Agony","Backflip"],"picked":"Flying Knee","floor":5},{"not_picked":["Acrobatics","Skewer"],"picked":"Noxious Fumes","floor":8},{"not_picked":["Dodge and Roll","Masterful Stab"],"picked":"Quick Slash","floor":12},{"not_picked":["Choke","Dagger Throw"],"picked":"Wraith Form v2","floor":13},{"not_picked":["Doppelganger","Tools of the Trade"],"picked":"Malaise","floor":16},{"not_picked":["Concentrate","Deflect","Slice"],"picked":"SKIP","floor":18},{"not_picked":["PiercingWail","Blade Dance+1"],"picked":"Flechettes+1","floor":20},{"not_picked":["Terror","Bouncing Flask","Underhanded Strike"],"picked":"SKIP","floor":22},{"not_picked":["Crippling Poison","Leg Sweep"],"picked":"Adrenaline","floor":24},{"not_picked":["Acrobatics","Poisoned Stab"],"picked":"PiercingWail","floor":25},{"not_picked":["Finisher","Choke"],"picked":"Blur+1","floor":31},{"not_picked":["Tools of the Trade","Unload"],"picked":"Envenom","floor":33},{"not_picked":["Bouncing Flask+1","Dagger Spray+1"],"picked":"Leg Sweep+1","floor":35},{"not_picked":["Slice","Reflex+1"],"picked":"Dodge and Roll+1","floor":38},{"not_picked":["Acrobatics+1","Expertise+1"],"picked":"Deadly Poison+1","floor":39},{"not_picked":["Setup+1","Dodge and Roll+1"],"picked":"Malaise+1","floor":42},{"not_picked":["Bane","Backflip+1"],"picked":"Deflect+1","floor":44},{"not_picked":["Quick Slash","Dodge and Roll+1","All Out Attack"],"picked":"Singing Bowl","floor":45},{"not_picked":["Dagger Spray","Blade Dance+1","Reflex+1"],"picked":"Singing Bowl","floor":48},{"not_picked":["Reflex+1","Heel Hook+1"],"picked":"Noxious Fumes","floor":55}],"player_experience":6174417,"relics_obtained":[{"floor":8,"key":"Shovel"},{"floor":13,"key":"Du-Vu Doll"},{"floor":24,"key":"Whetstone"},{"floor":26,"key":"Toxic Egg 2"},{"floor":32,"key":"Blood Vial"},{"floor":42,"key":"Singing Bowl"},{"floor":43,"key":"PreservedInsect"},{"floor":55,"key":"Happy Flower"}],"event_choices":[{"damage_healed":0,"gold_gain":0,"player_choice":"Ignored","damage_taken":0,"max_hp_gain":0,"max_hp_loss":0,"event_name":"Liars Game","floor":2,"gold_loss":0},{"damage_healed":0,"gold_gain":0,"player_choice":"Lose Max HP","damage_taken":0,"relics_obtained":["Golden Idol"],"max_hp_gain":0,"max_hp_loss":6,"event_name":"Golden Idol","floor":4,"gold_loss":0},{"damage_healed":0,"gold_gain":0,"player_choice":"Success","damage_taken":11,"relics_obtained":["The Courier"],"max_hp_gain":0,"max_hp_loss":0,"event_name":"Scrap Ooze","floor":7,"gold_loss":0},{"damage_healed":0,"gold_gain":0,"player_choice":"Trade","damage_taken":0,"relics_obtained":["SsserpentHead"],"max_hp_gain":0,"max_hp_loss":0,"event_name":"FaceTrader","floor":21,"gold_loss":0},{"damage_healed":0,"gold_gain":0,"player_choice":"Became a vampire","damage_taken":0,"max_hp_gain":0,"max_hp_loss":18,"event_name":"Vampires","floor":28,"gold_loss":0,"cards_obtained":["Bite","Bite","Bite","Bite","Bite"]},{"cards_removed":["Bite"],"damage_healed":0,"gold_gain":0,"player_choice":"Gave Gold","damage_taken":0,"max_hp_gain":0,"max_hp_loss":0,"event_name":"Beggar","floor":30,"gold_loss":75},{"damage_healed":0,"gold_gain":0,"player_choice":"Max HP","damage_taken":0,"max_hp_gain":0,"max_hp_loss":2,"event_name":"Winding Halls","floor":36,"gold_loss":0},{"damage_healed":0,"gold_gain":0,"player_choice":"Full Heal","damage_taken":0,"max_hp_gain":0,"max_hp_loss":0,"event_name":"Wheel of Change","floor":37,"gold_loss":0},{"cards_removed":["Bite"],"damage_healed":0,"gold_gain":0,"player_choice":"Removed Attack","damage_taken":0,"max_hp_gain":0,"max_hp_loss":0,"event_name":"Falling","floor":46,"gold_loss":0}],"is_beta":true,"boss_relics":[{"not_picked":["Ectoplasm","Eternal Feather"],"picked":"Sozu"},{"not_picked":["Fusion Hammer","Tiny House"],"picked":"Runic Pyramid"}],"items_purged_floors":[10,19],"is_endless":false,"potions_floor_spawned":[5,12,16,18,20,31,42,45,48],"killed_by":"The Heart","ascension_level":20}