{"gold_per_floor":[14,14,30,44,58,58,91,121,121,454,454,466,17,37,37,114,114,127,32,51,51,51,51,51,80,80,91,141,153,181,198,198,274,274,285,298,344,344,344,344],"floor_reached":40,"playtime":2306,"items_purged":["Strike_B"],"score":1072,"play_id":"490e5ce7-13d0-4993-b9c0-0afe1c16e131","local_time":"20190507084306","is_ascension_mode":true,"campfire_choices":[{"data":"Sweeping Beam","floor":6.0,"key":"SMITH"},{"data":"Go for the Eyes","floor":11.0,"key":"SMITH"},{"data":"Streamline","floor":15.0,"key":"SMITH"},{"data":"Sunder","floor":23.0,"key":"SMITH"},{"data":"Conserve Battery","floor":32.0,"key":"SMITH"}],"neow_cost":"NO_GOLD","seed_source_timestamp":1260744966626704,"circlet_count":0,"master_deck":["AscendersBane","Strike_B+1","Strike_B+1","Strike_B+1","Defend_B+1","Defend_B+1","Defend_B+1","Defend_B+1","Zap+1","Dualcast","Sweeping Beam+1","Streamline+1","Go for the Eyes+1","Compile Driver","White Noise","Conserve Battery+1","Core Surge","Coolheaded+1","FTL+1","Sunder+1","Aggregate+1","Undo","Static Discharge+1","Cold Snap","Machine Learning+1","Hologram","Hologram+1"],"special_seed":0,"relics":["Cracked Core","PreservedInsect","Odd Mushroom","Kunai","Old Coin","Bronze Scales","Toy Ornithopter","Coffee Dripper","Matryoshka","Emotion Chip","Frozen Egg 2","Mercury Hourglass","Shuriken","Cursed Key","Dead Branch"],"potions_floor_usage":[37],"damage_taken":[{"damage":3.0,"enemies":"2 Louse","floor":1.0,"turns":2.0},{"damage":0.0,"enemies":"Cultist","floor":3.0,"turns":3.0},{"damage":0.0,"enemies":"Jaw Worm","floor":4.0,"turns":3.0},{"damage":3.0,"enemies":"Blue Slaver","floor":5.0,"turns":3.0},{"damage":25.0,"enemies":"3 Sentries","floor":7.0,"turns":6.0},{"damage":11.0,"enemies":"The Mushroom Lair","floor":8.0,"turns":3.0},{"damage":8.0,"enemies":"Gremlin Nob","floor":10.0,"turns":3.0},{"damage":11.0,"enemies":"Exordium Thugs","floor":12.0,"turns":3.0},{"damage":7.0,"enemies":"Looter","floor":14.0,"turns":3.0},{"damage":0.0,"enemies":"Hexaghost","floor":16.0,"turns":8.0},{"damage":31.0,"enemies":"Shell Parasite","floor":18.0,"turns":5.0},{"damage":0.0,"enemies":"3 Byrds","floor":20.0,"turns":3.0},{"damage":13.0,"enemies":"Book of Stabbing","floor":25.0,"turns":4.0},{"damage":1.0,"enemies":"Cultist and Chosen","floor":27.0,"turns":4.0},{"damage":0.0,"enemies":"3 Cultists","floor":29.0,"turns":4.0},{"damage":7.0,"enemies":"Slavers","floor":30.0,"turns":2.0},{"damage":2.0,"enemies":"Centurion and Healer","floor":31.0,"turns":4.0},{"damage":0.0,"enemies":"Collector","floor":33.0,"turns":12.0},{"damage":5.0,"enemies":"3 Darklings","floor":35.0,"turns":4.0},{"damage":0.0,"enemies":"3 Shapes","floor":36.0,"turns":2.0},{"damage":29,"enemies":"2 Orb Walkers","floor":37,"turns":6},{"damage":64,"enemies":"Giant Head","floor":40,"turns":6}],"seed_played":"-8206045626657433458","potions_obtained":[{"floor":3.0,"key":"Weak Potion"},{"floor":5.0,"key":"EntropicBrew"},{"floor":8.0,"key":"Strength Potion"},{"floor":12.0,"key":"Strength Potion"},{"floor":27.0,"key":"SpeedPotion"},{"floor":29.0,"key":"FearPotion"},{"floor":31.0,"key":"Swift Potion"},{"floor":35.0,"key":"Swift Potion"}],"is_trial":false,"path_per_floor":["M","?","M","M","M","R","E","?","T","E","R","M","$","M","R","B",null,"M","$","M","?","T","R","?","E","T","M","?","M","E","M","R","B",null,"M","M","?","?","?","E"],"character_chosen":"DEFECT","items_purchased":["Bronze Scales","Toy Ornithopter","Fire Potion","FTL"],"campfire_rested":0,"item_purchase_floors":[13,13,19,19],"current_hp_per_floor":[75,75,75,75,72,72,47,36,36,28,28,17,17,10,10,15,68,37,37,42,42,42,42,42,34,34,33,33,33,31,29,29,34,72,67,72,48,48,48,0],"gold":344,"neow_bonus":"TWENTY_PERCENT_HP_BONUS","is_prod":false,"is_daily":false,"chose_seed":false,"campfire_upgraded":5,"win_rate":0,"timestamp":1557232986,"path_taken":["M","?","M","M","?","R","E","?","T","E","R","M","$","M","R","BOSS","M","$","M","?","?","R","?","E","T","?","?","M","E","M","R","BOSS","M","M","?","?","?","E"],"build_version":"2019-01-23","purchased_purges":1,"victory":false,"max_hp_per_floor":[85,85,85,85,85,85,85,85,85,85,85,85,85,85,85,85,85,85,85,85,85,85,85,85,85,85,85,85,85,85,85,85,85,85,85,85,85,85,81,81],"card_choices":[{"not_picked":["Darkness","Steam"],"picked":"Sweeping Beam","floor":1.0},{"not_picked":["Steam","Redo"],"picked":"Streamline","floor":3.0},{"not_picked":["Force Field","Storm","Lockon"],"picked":"SKIP","floor":4.0},{"not_picked":["Self Repair","Stack"],"picked":"Go for the Eyes","floor":5.0},{"not_picked":["Gash","Beam Cell","Scrape"],"picked":"SKIP","floor":7.0},{"not_picked":["Go for the Eyes","Consume"],"picked":"Compile Driver","floor":8.0},{"not_picked":["Coolheaded","Fusion"],"picked":"White Noise","floor":10.0},{"not_picked":["Consume","Sweeping Beam","Steam"],"picked":"SKIP","floor":12.0},{"not_picked":["Sunder","Steam Power"],"picked":"Conserve Battery","floor":14.0},{"not_picked":["Buffer","Echo Form"],"picked":"Core Surge","floor":16.0},{"not_picked":["Auto Shields","Doom and Gloom"],"picked":"Coolheaded+1","floor":18.0},{"not_picked":["Consume","Stack"],"picked":"Sunder","floor":20.0},{"not_picked":["Ball Lightning","Multi-Cast"],"picked":"Aggregate+1","floor":25.0},{"not_picked":["Rip and Tear","Stack","Barrage"],"picked":"SKIP","floor":27.0},{"not_picked":["Reprogram","Tempest"],"picked":"Undo","floor":29.0},{"not_picked":["Melter","White Noise"],"picked":"Static Discharge+1","floor":30.0},{"not_picked":["Beam Cell","Consume"],"picked":"Cold Snap","floor":31.0},{"not_picked":["Core Surge","Reboot"],"picked":"Machine Learning+1","floor":33.0},{"not_picked":["Beam Cell","Steam","Gash"],"picked":"SKIP","floor":35.0},{"not_picked":["Turbo","Gash+1"],"picked":"Hologram","floor":36.0},{"not_picked":["Auto Shields+1","Consume"],"picked":"Hologram+1","floor":37}],"player_experience":2435262,"relics_obtained":[{"floor":7.0,"key":"PreservedInsect"},{"floor":8.0,"key":"Odd Mushroom"},{"floor":9.0,"key":"Kunai"},{"floor":10.0,"key":"Old Coin"},{"floor":22.0,"key":"Matryoshka"},{"floor":25.0,"key":"Emotion Chip"},{"floor":26.0,"key":"Frozen Egg 2"},{"floor":26.0,"key":"Mercury Hourglass"},{"floor":30.0,"key":"Shuriken"},{"floor":37,"key":"Dead Branch"}],"event_choices":[{"damage_healed":0.0,"max_hp_gain":0.0,"max_hp_loss":0.0,"gold_gain":0.0,"event_name":"Upgrade Shrine","player_choice":"Upgraded","floor":2.0,"gold_loss":0.0,"damage_taken":0.0,"cards_upgraded":["Zap"]},{"damage_healed":0.0,"max_hp_gain":0.0,"max_hp_loss":0.0,"gold_gain":0.0,"event_name":"Mushrooms","player_choice":"Fought Mushrooms","floor":8.0,"gold_loss":0.0,"damage_taken":0.0},{"damage_healed":0.0,"max_hp_gain":0.0,"max_hp_loss":0.0,"gold_gain":0.0,"event_name":"Back to Basics","player_choice":"Simplicity","floor":21.0,"gold_loss":0.0,"damage_taken":0.0,"cards_upgraded":["Strike_B","Strike_B","Strike_B","Defend_B","Defend_B","Defend_B","Defend_B"]},{"damage_healed":0.0,"max_hp_gain":0.0,"max_hp_loss":0.0,"gold_gain":0.0,"event_name":"Accursed Blacksmith","player_choice":"Forge","floor":24.0,"gold_loss":0.0,"damage_taken":0.0,"cards_upgraded":["FTL"]},{"damage_healed":0.0,"max_hp_gain":0.0,"max_hp_loss":0.0,"gold_gain":50.0,"event_name":"Nest","player_choice":"Stole From Cult","floor":28.0,"gold_loss":0.0,"damage_taken":0.0},{"damage_healed":0,"gold_gain":0,"player_choice":"Fight","damage_taken":0,"max_hp_gain":0,"max_hp_loss":0,"event_name":"Mysterious Sphere","floor":37,"gold_loss":0},{"damage_healed":0,"gold_gain":0,"player_choice":"Ignored","damage_taken":0,"max_hp_gain":0,"max_hp_loss":0,"event_name":"Tomb of Lord Red Mask","floor":38,"gold_loss":0},{"damage_healed":0,"gold_gain":0,"player_choice":"Max HP","damage_taken":0,"max_hp_gain":0,"max_hp_loss":4,"event_name":"Winding Halls","floor":39,"gold_loss":0}],"is_beta":false,"boss_relics":[{"not_picked":["FrozenCore","Philosopher\u0027s Stone"],"picked":"Coffee Dripper"},{"not_picked":["Sozu","Fusion Hammer"],"picked":"Cursed Key"}],"items_purged_floors":[13],"is_endless":false,"potions_floor_spawned":[3,5,8,10,12,27,29,31,35],"killed_by":"Giant Head","ascension_level":20}