{"gold_per_floor":[115,115,115,22,37,37,37,37,87,100,100,125,125,158,158,229,229,229,229,229,229,229,229,229,229,229,229,229,229,229,229,229,229,229,229,12,12,12,12,12],"floor_reached":40,"playtime":1360,"items_purged":[],"score":792,"play_id":"649a965f-359c-4e09-868f-cef40370b371","local_time":"20190110164410","is_ascension_mode":true,"campfire_choices":[{"data":"Sunder","floor":6.0,"key":"SMITH"},{"data":"Zap","floor":8.0,"key":"SMITH"},{"data":"Ball Lightning","floor":11.0,"key":"SMITH"},{"floor":15,"key":"REST"},{"data":"Hologram","floor":23,"key":"SMITH"},{"floor":28,"key":"REST"},{"floor":32,"key":"REST"}],"neow_cost":"NONE","seed_source_timestamp":113171893674215,"circlet_count":0,"master_deck":["AscendersBane","Strike_B","Strike_B","Defend_B","Defend_B+1","Defend_B+1","Defend_B","Zap+1","Dualcast","Conserve Battery","Sweeping Beam","Sunder+1","Ball Lightning+1","Chill","Hologram+1","Creative AI+1","Defragment+1","Compile Driver","Creative AI+1","Coolheaded","Cold Snap","BootSequence","Reinforced Body","Biased Cognition+1","Coolheaded+1","Defragment+1","Stack","Recycle"],"special_seed":0,"relics":["Cracked Core","Regal Pillow","War Paint","Frozen Egg 2","Juzu Bracelet","Ectoplasm","Bronze Scales","Red Mask","Snecko Eye","DollysMirror"],"potions_floor_usage":[14,16,21,25,33,40,40],"damage_taken":[{"damage":0.0,"enemies":"Cultist","floor":1.0,"turns":3.0},{"damage":0.0,"enemies":"2 Louse","floor":5.0,"turns":2.0},{"damage":0.0,"enemies":"Jaw Worm","floor":10.0,"turns":2.0},{"damage":30,"enemies":"Lagavulin","floor":12,"turns":4},{"damage":16,"enemies":"Gremlin Nob","floor":14,"turns":4},{"damage":34,"enemies":"Hexaghost","floor":16,"turns":9},{"damage":10,"enemies":"3 Byrds","floor":18,"turns":5},{"damage":0,"enemies":"Chosen","floor":20,"turns":4},{"damage":6,"enemies":"Colosseum Slavers","floor":21,"turns":4},{"damage":16,"enemies":"Snake Plant","floor":22,"turns":4},{"damage":15,"enemies":"Cultist and Chosen","floor":24,"turns":9},{"damage":10,"enemies":"Centurion and Healer","floor":25,"turns":6},{"damage":10,"enemies":"Snake Plant","floor":29,"turns":3},{"damage":19,"enemies":"Masked Bandits","floor":31,"turns":4},{"damage":29,"enemies":"Collector","floor":33,"turns":11},{"damage":0,"enemies":"3 Shapes","floor":35,"turns":5},{"damage":7,"enemies":"3 Darklings","floor":37,"turns":5},{"damage":27,"enemies":"Jaw Worm Horde","floor":38,"turns":7},{"damage":11,"enemies":"Writhing Mass","floor":39,"turns":5},{"damage":32,"enemies":"Reptomancer","floor":40,"turns":2}],"seed_played":"-5981894099768683426","potions_obtained":[{"floor":5.0,"key":"Dexterity Potion"},{"floor":12,"key":"Block Potion"},{"floor":14,"key":"FocusPotion"},{"floor":16,"key":"Fire Potion"},{"floor":24,"key":"SpeedPotion"},{"floor":25,"key":"PowerPotion"},{"floor":37,"key":"EssenceOfSteel"},{"floor":38,"key":"FocusPotion"}],"is_trial":false,"path_per_floor":["M","?","?","$","M","R","$","R","T","M","R","E","?","E","R","B",null,"M","?","M","?","M","R","M","M","T","?","R","M","T","?","R","B",null,"M","$","M","M","M","E"],"character_chosen":"DEFECT","items_purchased":["Sunder","Ball Lightning","DollysMirror"],"campfire_rested":3,"item_purchase_floors":[4,4,36],"current_hp_per_floor":[64,64,64,64,64,64,64,64,64,64,64,34,34,18,54,20,58,48,48,48,42,26,26,11,1,1,1,37,27,27,8,44,15,57,57,57,50,23,12,0],"gold":12,"neow_bonus":"RANDOM_COMMON_RELIC","is_prod":false,"is_daily":false,"chose_seed":false,"campfire_upgraded":4,"win_rate":0,"timestamp":1547163850,"path_taken":["M","?","?","$","M","R","$","R","T","?","R","E","?","E","R","BOSS","M","?","M","?","M","R","M","M","T","?","R","M","?","?","R","BOSS","M","$","M","M","M","E"],"build_version":"2019-01-09","purchased_purges":0,"victory":false,"max_hp_per_floor":[71,71,71,71,71,71,71,71,71,71,71,71,71,71,71,71,71,71,71,71,71,71,71,71,71,71,71,71,71,71,71,71,71,71,71,71,71,71,71,71],"card_choices":[{"not_picked":["Go for the Eyes","Compile Driver"],"picked":"Conserve Battery","floor":1.0},{"not_picked":["Redo","Tempest","Barrage"],"picked":"SKIP","floor":5.0},{"not_picked":["Storm","Machine Learning"],"picked":"Chill","floor":10.0},{"not_picked":["Turbo","Streamline"],"picked":"Hologram","floor":12},{"not_picked":["Heatsinks+1","Streamline","Beam Cell"],"picked":"SKIP","floor":14},{"not_picked":["Thunder Strike","Machine Learning+1"],"picked":"Creative AI+1","floor":16},{"not_picked":["Rebound","Chill"],"picked":"Defragment+1","floor":18},{"not_picked":["Hologram","Sweeping Beam","Chill"],"picked":"SKIP","floor":20},{"not_picked":["Rip and Tear","Barrage"],"picked":"Coolheaded","floor":22},{"not_picked":["Rebound","Go for the Eyes"],"picked":"Cold Snap","floor":24},{"not_picked":["Steam","Redo"],"picked":"BootSequence","floor":25},{"not_picked":["Go for the Eyes","Rebound","Consume"],"picked":"SKIP","floor":29},{"not_picked":["Electrodynamics+1","Meteor Strike"],"picked":"Biased Cognition+1","floor":33},{"not_picked":["Hello World+1","Steam+1"],"picked":"Coolheaded+1","floor":35},{"not_picked":["Turbo","Chaos"],"picked":"Stack","floor":37},{"not_picked":["Compile Driver+1","Stack"],"picked":"Recycle","floor":38},{"not_picked":["Compile Driver+1","Leap","Hello World+1"],"picked":"SKIP","floor":39}],"player_experience":1031723,"relics_obtained":[{"floor":9.0,"key":"War Paint"},{"floor":12,"key":"Frozen Egg 2"},{"floor":14,"key":"Juzu Bracelet"},{"floor":26,"key":"Bronze Scales"},{"floor":31,"key":"Red Mask"}],"event_choices":[{"damage_healed":0.0,"max_hp_gain":0.0,"max_hp_loss":0.0,"gold_gain":0.0,"event_name":"Liars Game","player_choice":"Ignored","floor":2.0,"gold_loss":0.0,"damage_taken":0.0},{"damage_healed":0.0,"max_hp_gain":0.0,"max_hp_loss":0.0,"gold_gain":0.0,"event_name":"Match and Keep!","player_choice":"1 cards matched","floor":3.0,"gold_loss":0.0,"damage_taken":0.0,"cards_obtained":["Sweeping Beam"]},{"damage_healed":0,"gold_gain":0,"player_choice":"Fled","damage_taken":0,"max_hp_gain":0,"max_hp_loss":0,"event_name":"Scrap Ooze","floor":13,"gold_loss":0},{"damage_healed":0,"gold_gain":0,"cards_transformed":["Strike_B","Strike_B"],"player_choice":"Became Test Subject","damage_taken":0,"max_hp_gain":0,"max_hp_loss":0,"event_name":"Drug Dealer","floor":19,"gold_loss":0,"cards_obtained":["Compile Driver","Creative AI"]},{"damage_healed":0,"gold_gain":0,"player_choice":"Fight","damage_taken":0,"max_hp_gain":0,"max_hp_loss":0,"event_name":"Colosseum","floor":21,"gold_loss":0},{"damage_healed":0,"gold_gain":0,"player_choice":"Fled From Nobs","damage_taken":0,"max_hp_gain":0,"max_hp_loss":0,"event_name":"Colosseum","floor":21,"gold_loss":0},{"damage_healed":0,"gold_gain":0,"player_choice":"Read","damage_taken":0,"max_hp_gain":0,"max_hp_loss":0,"event_name":"The Library","floor":27,"gold_loss":0,"cards_obtained":["Reinforced Body"]},{"damage_healed":0,"gold_gain":0,"player_choice":"Fought Bandits","damage_taken":0,"max_hp_gain":0,"max_hp_loss":0,"event_name":"Masked Bandits","floor":31,"gold_loss":0}],"is_beta":true,"boss_relics":[{"not_picked":["FrozenCore","Runic Dome"],"picked":"Ectoplasm"},{"not_picked":["Calling Bell","Runic Pyramid"],"picked":"Snecko Eye"}],"items_purged_floors":[],"is_endless":false,"potions_floor_spawned":[5,12,14,16,20,24,25,29,31,37,38],"killed_by":"Reptomancer","ascension_level":20}