{"gold_per_floor":[113,123,73,85,96,96,110,110,110,29,63,63,9,84,84,84],"floor_reached":16,"playtime":995,"items_purged":[],"score":100,"play_id":"06d1b4a8-c04f-4b7a-98ba-0b3ab60371ba","local_time":"20190224235612","is_ascension_mode":false,"campfire_choices":[{"data":"Footwork","floor":6,"key":"SMITH"},{"data":"Flechettes","floor":12,"key":"SMITH"},{"data":"Dodge and Roll","floor":15,"key":"SMITH"}],"neow_cost":"NONE","seed_source_timestamp":134611821586988,"circlet_count":0,"master_deck":["Defend_G","Defend_G","Defend_G","Defend_G","Strike_G","Strike_G","Strike_G","Strike_G","Strike_G","Survivor","Neutralize","Blade Dance","Footwork+1","Deflect","Slice","Deflect","Flechettes+1","Backflip","Dodge and Roll+1"],"relics":["Ring of the Snake","Golden Idol","Bottled Tornado","Vajra"],"potions_floor_usage":[11,16,16],"damage_taken":[{"damage":0,"enemies":"Small Slimes","floor":1,"turns":5},{"damage":0,"enemies":"2 Louse","floor":2,"turns":2},{"damage":0,"enemies":"Cultist","floor":4,"turns":4},{"damage":2,"enemies":"Blue Slaver","floor":5,"turns":5},{"damage":2,"enemies":"Large Slime","floor":7,"turns":10},{"damage":5,"enemies":"3 Sentries","floor":11,"turns":13},{"damage":57,"enemies":"Hexaghost","floor":16,"turns":18}],"seed_played":"3018036664193854616","potions_obtained":[{"floor":1,"key":"SpeedPotion"},{"floor":5,"key":"EssenceOfSteel"},{"floor":11,"key":"EssenceOfSteel"}],"is_trial":false,"path_per_floor":["M","M","?","M","M","R","M","?","T","$","E","R","$","?","R","B"],"character_chosen":"THE_SILENT","items_purchased":["Flechettes","Dodge and Roll"],"campfire_rested":0,"item_purchase_floors":[10,13],"current_hp_per_floor":[70,70,70,70,68,68,66,65,65,65,60,60,60,49,49,0],"gold":84,"neow_bonus":"THREE_CARDS","is_prod":false,"is_daily":false,"chose_seed":false,"campfire_upgraded":3,"win_rate":0,"timestamp":1551070572,"path_taken":["M","M","?","M","M","R","M","?","T","$","E","R","$","?","R","BOSS"],"build_version":"2019-01-23","purchased_purges":0,"victory":false,"max_hp_per_floor":[70,70,70,70,70,70,70,65,65,65,65,65,65,65,65,65],"card_choices":[{"not_picked":["Underhanded Strike","Bane"],"picked":"Blade Dance","floor":0},{"not_picked":["Skewer","Quick Slash","Acrobatics"],"picked":"SKIP","floor":1},{"not_picked":["Eviscerate","Sucker Punch"],"picked":"Footwork","floor":2},{"not_picked":["Prepared","Backflip"],"picked":"Deflect","floor":4},{"not_picked":["Prepared","Poisoned Stab"],"picked":"Slice","floor":5},{"not_picked":["Acrobatics","Reflex"],"picked":"Deflect","floor":7},{"not_picked":["Phantasmal Killer","Dash"],"picked":"Backflip","floor":11}],"player_experience":607353,"relics_obtained":[{"floor":9,"key":"Bottled Tornado"},{"floor":11,"key":"Vajra"}],"event_choices":[{"cards_removed":["Defend_G"],"damage_healed":0,"gold_gain":0,"player_choice":"Card Removal","damage_taken":0,"max_hp_gain":0,"max_hp_loss":0,"event_name":"The Cleric","floor":3,"gold_loss":50},{"damage_healed":0,"gold_gain":0,"player_choice":"Lose Max HP","damage_taken":0,"relics_obtained":["Golden Idol"],"max_hp_gain":0,"max_hp_loss":5,"event_name":"Golden Idol","floor":8,"gold_loss":0},{"damage_healed":0,"gold_gain":75,"player_choice":"Gather Gold","damage_taken":11,"max_hp_gain":0,"max_hp_loss":0,"event_name":"World of Goop","floor":14,"gold_loss":0}],"is_beta":false,"boss_relics":[],"items_purged_floors":[],"is_endless":false,"potions_floor_spawned":[1,5,11],"killed_by":"Hexaghost","ascension_level":0}