{"gold_per_floor":[119,41,55,130,143,172,172,206,287,299,342,354,381,393,405,491,503,528,554,214,214,214,244,244,344,344,394,394,409,442,145,145,216,216,227,239,249,1248,1248,1282,1296,706,729,729,757,767,798,810,810,810,810,810,810,180,207,207],"floor_reached":57,"playtime":15071,"items_purged":["Normality","Normality"],"score":3067,"play_id":"790549bd-9525-4137-be5c-122d9d782f64","local_time":"20190505023541","is_ascension_mode":true,"campfire_choices":[{"floor":7,"key":"REST"},{"floor":10,"key":"REST"},{"floor":15,"key":"REST"},{"data":"Ghostly","floor":24,"key":"SMITH"},{"data":"Ghostly","floor":28,"key":"SMITH"},{"data":"Ghostly","floor":32,"key":"SMITH"},{"floor":49,"key":"RECALL"},{"data":"Flame Barrier","floor":53,"key":"SMITH"}],"neow_cost":"PERCENT_DAMAGE","seed_source_timestamp":1053253663788706,"circlet_count":0,"master_deck":["AscendersBane","Strike_R","Strike_R","Strike_R","Strike_R","Strike_R","Defend_R","Defend_R","Defend_R","Defend_R","Bash","Clothesline","Hemokinesis","Pommel Strike","Feel No Pain","Feed","Uppercut","Shrug It Off","Immolate","Perfected Strike","Feel No Pain","Ghostly+1","Ghostly+1","Ghostly+1","Immolate","Shrug It Off","Corruption","Flame Barrier+1","Feel No Pain","Impervious","Perfected Strike+1","Perfected Strike+1","Dark Embrace","Clumsy","Spot Weakness+1","Exhume","Shockwave","Demon Form"],"relics":["Burning Blood","Mango","MawBank","Mercury Hourglass","PreservedInsect","Blue Candle","Snecko Eye","Darkstone Periapt","Bag of Marbles","Gambling Chip","Kunai","Happy Flower","Shuriken","MealTicket","Cursed Key","Mummified Hand","Pocketwatch","Vajra","Anchor","Bronze Scales","Sundial","Gremlin Horn"],"potions_floor_usage":[8,16,16,19,29,56],"damage_taken":[{"damage":9,"enemies":"Jaw Worm","floor":1,"turns":4},{"damage":5,"enemies":"2 Louse","floor":3,"turns":2},{"damage":5,"enemies":"Small Slimes","floor":5,"turns":4},{"damage":41,"enemies":"Lagavulin","floor":6,"turns":7},{"damage":32,"enemies":"Gremlin Nob","floor":8,"turns":4},{"damage":24,"enemies":"3 Sentries","floor":11,"turns":8},{"damage":9,"enemies":"Exordium Wildlife","floor":13,"turns":3},{"damage":44,"enemies":"The Guardian","floor":16,"turns":15},{"damage":17,"enemies":"Spheric Guardian","floor":18,"turns":4},{"damage":6,"enemies":"Chosen","floor":19,"turns":4},{"damage":1,"enemies":"Gremlin Leader","floor":23,"turns":3},{"damage":12,"enemies":"Colosseum Slavers","floor":25,"turns":5},{"damage":0,"enemies":"Colosseum Nobs","floor":25,"turns":4},{"damage":0,"enemies":"Centurion and Healer","floor":29,"turns":3},{"damage":5,"enemies":"Slavers","floor":30,"turns":3},{"damage":37,"enemies":"Automaton","floor":33,"turns":9},{"damage":0,"enemies":"3 Shapes","floor":35,"turns":7},{"damage":0,"enemies":"Orb Walker","floor":36,"turns":6},{"damage":19,"enemies":"Spire Growth","floor":37,"turns":6},{"damage":27,"enemies":"Giant Head","floor":40,"turns":6},{"damage":2,"enemies":"Transient","floor":41,"turns":6},{"damage":1,"enemies":"Nemesis","floor":45,"turns":6},{"damage":1,"enemies":"Maw","floor":46,"turns":5},{"damage":1,"enemies":"Reptomancer","floor":47,"turns":5},{"damage":1,"enemies":"4 Shapes","floor":48,"turns":1},{"damage":23,"enemies":"Awakened One","floor":50,"turns":7},{"damage":1,"enemies":"Time Eater","floor":51,"turns":7},{"damage":2,"enemies":"Shield and Spear","floor":55,"turns":3},{"damage":120,"enemies":"The Heart","floor":56,"turns":9}],"seed_played":"-1649612981648293076","potions_obtained":[{"floor":5,"key":"LiquidBronze"},{"floor":6,"key":"Poison Potion"},{"floor":11,"key":"Swift Potion"},{"floor":16,"key":"Fruit Juice"},{"floor":18,"key":"Explosive Potion"},{"floor":19,"key":"SteroidPotion"},{"floor":29,"key":"SteroidPotion"}],"is_trial":false,"path_per_floor":["M","$","M","?","M","E","R","E","T","R","E","$","M","?","R","B",null,"M","M","$","?","?","E","R","?","T","?","R","M","E","$","R","B",null,"M","M","M","?","?","E","M","$","T","?","E","M","E","M","R","B","B",null,"R","$","E","B",null],"character_chosen":"IRONCLAD","items_purchased":["Hemokinesis","Darkstone Periapt","Feel No Pain","MealTicket","Feel No Pain","Pocketwatch","Dark Embrace","Bronze Scales","Sundial","BloodPotion"],"campfire_rested":3,"item_purchase_floors":[2,20,20,31,31,42,42,54,54,54],"current_hp_per_floor":[61,61,62,51,52,31,61,35,35,65,50,50,47,21,52,14,83,75,78,78,78,56,59,59,65,65,65,65,73,76,76,76,45,68,77,82,69,81,81,60,64,79,85,91,99,104,112,115,115,98,103,112,112,115,115,12],"gold":207,"neow_bonus":"TWENTY_PERCENT_HP_BONUS","is_prod":false,"is_daily":false,"chose_seed":false,"campfire_upgraded":4,"win_rate":0,"timestamp":1557038141,"path_taken":["M","$","M","?","M","E","R","E","T","R","E","$","M","?","R","BOSS","M","M","$","?","?","E","R","?","T","?","R","?","E","?","R","BOSS","M","M","M","?","?","E","M","$","T","?","E","?","E","M","R","BOSS","BOSS","R","$","E","BOSS"],"build_version":"2019-01-23","purchased_purges":2,"victory":true,"max_hp_per_floor":[89,89,89,89,89,103,103,103,103,103,106,106,106,106,106,106,106,109,112,112,112,56,59,59,65,65,65,65,73,76,76,76,76,76,79,82,82,94,94,94,94,94,100,106,109,109,112,115,115,115,115,115,115,115,115,115],"card_choices":[{"not_picked":["Clash","Intimidate"],"picked":"Clothesline","floor":1},{"not_picked":["Pummel","Iron Wave"],"picked":"Pommel Strike","floor":3},{"not_picked":["Twin Strike","Pommel Strike"],"picked":"Feel No Pain","floor":5},{"not_picked":["Wild Strike","Warcry"],"picked":"Feed","floor":6},{"not_picked":["Heavy Blade","Seeing Red"],"picked":"Uppercut","floor":8},{"not_picked":["Body Slam","Warcry","Sever Soul"],"picked":"SKIP","floor":11},{"not_picked":["Shockwave","Rage"],"picked":"Shrug It Off","floor":13},{"not_picked":["Juggernaut","Brutality"],"picked":"Immolate","floor":16},{"not_picked":["Warcry","Headbutt","Sword Boomerang"],"picked":"SKIP","floor":18},{"not_picked":["Inflame","Cleave"],"picked":"Perfected Strike","floor":19},{"not_picked":["Reckless Charge+1","Perfected Strike"],"picked":"Immolate","floor":23},{"not_picked":["Battle Trance","Headbutt"],"picked":"Shrug It Off","floor":25},{"not_picked":["Heavy Blade","Sword Boomerang"],"picked":"Corruption","floor":29},{"not_picked":["Armaments","Sword Boomerang"],"picked":"Flame Barrier","floor":30},{"not_picked":["Immolate","Bludgeon"],"picked":"Impervious","floor":33},{"not_picked":["Wild Strike","Carnage+1"],"picked":"Perfected Strike+1","floor":35},{"not_picked":["Perfected Strike","Inflame","Carnage"],"picked":"SKIP","floor":36},{"not_picked":["Cleave","Thunderclap","Flex"],"picked":"SKIP","floor":37},{"not_picked":["Flex","Headbutt+1"],"picked":"Perfected Strike+1","floor":40},{"not_picked":["Dropkick+1","Combust","Burning Pact"],"picked":"SKIP","floor":41},{"not_picked":["Twin Strike","Offering"],"picked":"Spot Weakness+1","floor":45},{"not_picked":["Cleave","Hemokinesis","Burning Pact"],"picked":"SKIP","floor":46},{"not_picked":["Rampage+1","Seeing Red"],"picked":"Exhume","floor":47},{"not_picked":["Twin Strike+1","Carnage"],"picked":"Shockwave","floor":48},{"not_picked":["Thunderclap","True Grit"],"picked":"Demon Form","floor":55}],"player_experience":2358702,"relics_obtained":[{"floor":6,"key":"Mango"},{"floor":8,"key":"MawBank"},{"floor":9,"key":"Mercury Hourglass"},{"floor":11,"key":"PreservedInsect"},{"floor":23,"key":"Bag of Marbles"},{"floor":25,"key":"Gambling Chip"},{"floor":25,"key":"Kunai"},{"floor":26,"key":"Happy Flower"},{"floor":30,"key":"Shuriken"},{"floor":40,"key":"Mummified Hand"},{"floor":45,"key":"Vajra"},{"floor":47,"key":"Anchor"},{"floor":55,"key":"Gremlin Horn"}],"event_choices":[{"damage_healed":0,"gold_gain":75,"player_choice":"Gather Gold","damage_taken":11,"max_hp_gain":0,"max_hp_loss":0,"event_name":"World of Goop","floor":4,"gold_loss":0},{"damage_healed":0,"gold_gain":0,"player_choice":"Success","damage_taken":26,"relics_obtained":["Blue Candle"],"max_hp_gain":0,"max_hp_loss":0,"event_name":"Scrap Ooze","floor":14,"gold_loss":0},{"damage_healed":0,"gold_gain":0,"player_choice":"Ignored","damage_taken":0,"max_hp_gain":0,"max_hp_loss":0,"event_name":"Vampires","floor":21,"gold_loss":0},{"damage_healed":0,"gold_gain":0,"player_choice":"Became a Ghost","damage_taken":0,"max_hp_gain":0,"max_hp_loss":56,"event_name":"Ghosts","floor":22,"gold_loss":0,"cards_obtained":["Ghostly","Ghostly","Ghostly"]},{"damage_healed":0,"gold_gain":0,"player_choice":"Fight","damage_taken":0,"max_hp_gain":0,"max_hp_loss":0,"event_name":"Colosseum","floor":25,"gold_loss":0},{"damage_healed":0,"gold_gain":0,"player_choice":"Fought Nobs","damage_taken":0,"max_hp_gain":0,"max_hp_loss":0,"event_name":"Colosseum","floor":25,"gold_loss":0},{"damage_healed":0,"gold_gain":50,"player_choice":"Stole From Cult","damage_taken":0,"max_hp_gain":0,"max_hp_loss":0,"event_name":"Nest","floor":27,"gold_loss":0},{"damage_healed":0,"gold_gain":999,"player_choice":"Gold","damage_taken":0,"max_hp_gain":0,"max_hp_loss":0,"event_name":"MindBloom","floor":38,"gold_loss":0,"cards_obtained":["Normality","Normality"]},{"damage_healed":0,"gold_gain":0,"player_choice":"Ignored","damage_taken":0,"max_hp_gain":0,"max_hp_loss":0,"event_name":"Tomb of Lord Red Mask","floor":39,"gold_loss":0},{"damage_healed":0,"gold_gain":0,"cards_transformed":["Normality"],"player_choice":"Transformed","damage_taken":0,"max_hp_gain":0,"max_hp_loss":0,"event_name":"Transmorgrifier","floor":44,"gold_loss":0,"cards_obtained":["Clumsy"]}],"is_beta":false,"boss_relics":[{"not_picked":["Orrery","Astrolabe"],"picked":"Snecko Eye"},{"not_picked":["Runic Dome","Runic Cube"],"picked":"Cursed Key"}],"items_purged_floors":[42,54],"is_endless":false,"potions_floor_spawned":[5,6,11,16,18,19,25,29,33,35,37,41,46,47],"ascension_level":20}