{"gold_per_floor":[214,4,279,291,302,302,20,20,71,87,87,117,129,160,160,234,234,247,247,247,158,158,172,3,30,55,69,18,68,94,104,104,178,178,193,142,162,55,67,67,82,112,192,203,215,215,248,259,259,259,259,259,259,6,34,34],"floor_reached":57,"playtime":4729,"items_purged":["Regret","Strike_B","Strike_B","Strike_B"],"score":2874,"play_id":"d5c3ac0e-ad75-4bbc-945c-fa9443caf393","local_time":"20190506224320","is_ascension_mode":true,"campfire_choices":[{"data":"Zap","floor":6,"key":"SMITH"},{"data":"Apotheosis","floor":8,"key":"SMITH"},{"floor":11,"key":"REST"},{"floor":15,"key":"RECALL"},{"floor":32,"key":"REST"},{"floor":40,"key":"REST"},{"floor":46,"key":"REST"},{"floor":49,"key":"REST"},{"floor":53,"key":"REST"}],"neow_cost":"NONE","seed_source_timestamp":561935353641934,"circlet_count":0,"master_deck":["AscendersBane","Strike_B","Defend_B","Defend_B","Defend_B","Defend_B","Zap+1","Dualcast","Chill","Genetic Algorithm","Doom and Gloom","Apotheosis+1","Cold Snap","Self Repair","Stack","Ball Lightning","Biased Cognition","Defragment","Loop","Ghostly","Ghostly","Ghostly","Heatsinks","Static Discharge","Hologram","Finesse","Defragment","PanicButton","Turbo","Cold Snap+1","Coolheaded","Recycle+1","Creative AI","Coolheaded","Panache"],"relics":["Cracked Core","Membership Card","Bottled Lightning","Darkstone Periapt","Lantern","Fusion Hammer","Centennial Puzzle","Mummified Hand","Boot","DataDisk","Runic Pyramid","Medical Kit","Cables","Kunai","Happy Flower","Bag of Preparation","Symbiotic Virus"],"potions_floor_usage":[12,56],"damage_taken":[{"damage":3,"enemies":"2 Louse","floor":1,"turns":3},{"damage":2,"enemies":"Cultist","floor":4,"turns":3},{"damage":5,"enemies":"Small Slimes","floor":5,"turns":3},{"damage":5,"enemies":"Blue Slaver","floor":10,"turns":3},{"damage":31,"enemies":"Gremlin Nob","floor":12,"turns":4},{"damage":0,"enemies":"Large Slime","floor":13,"turns":5},{"damage":2,"enemies":"3 Sentries","floor":14,"turns":8},{"damage":36,"enemies":"The Guardian","floor":16,"turns":10},{"damage":7,"enemies":"3 Byrds","floor":18,"turns":4},{"damage":0,"enemies":"2 Thieves","floor":23,"turns":5},{"damage":5,"enemies":"Book of Stabbing","floor":25,"turns":4},{"damage":3,"enemies":"Snake Plant","floor":27,"turns":3},{"damage":0,"enemies":"Gremlin Leader","floor":30,"turns":7},{"damage":2,"enemies":"Cultist and Chosen","floor":31,"turns":6},{"damage":13,"enemies":"Automaton","floor":33,"turns":6},{"damage":24,"enemies":"3 Darklings","floor":35,"turns":4},{"damage":0,"enemies":"3 Shapes","floor":37,"turns":3},{"damage":0,"enemies":"Jaw Worm Horde","floor":39,"turns":5},{"damage":0,"enemies":"Sphere and 2 Shapes","floor":41,"turns":6},{"damage":14,"enemies":"Reptomancer","floor":42,"turns":5},{"damage":0,"enemies":"Maw","floor":44,"turns":6},{"damage":4,"enemies":"Jaw Worm Horde","floor":45,"turns":5},{"damage":0,"enemies":"Giant Head","floor":47,"turns":8},{"damage":3,"enemies":"Spire Growth","floor":48,"turns":5},{"damage":19,"enemies":"Time Eater","floor":50,"turns":13},{"damage":19,"enemies":"Awakened One","floor":51,"turns":27},{"damage":9,"enemies":"Shield and Spear","floor":55,"turns":8},{"damage":12,"enemies":"The Heart","floor":56,"turns":8}],"seed_played":"-5169742056585674309","potions_obtained":[{"floor":1,"key":"GamblersBrew"},{"floor":5,"key":"SpeedPotion"},{"floor":12,"key":"Ancient Potion"},{"floor":25,"key":"GamblersBrew"}],"is_trial":false,"path_per_floor":["M","$","?","M","M","R","$","R","T","M","R","E","M","E","R","B",null,"M","?","?","$","?","M","$","E","T","M","$","?","E","M","R","B",null,"M","$","M","$","M","R","M","E","T","M","M","R","E","M","R","B","B",null,"R","$","E","B",null],"character_chosen":"DEFECT","items_purchased":["Membership Card","Apotheosis","Bottled Lightning","Cold Snap","Loop","Static Discharge","Centennial Puzzle","Finesse","PanicButton","Medical Kit","Panache","Bag of Preparation"],"campfire_rested":6,"item_purchase_floors":[2,7,7,7,21,24,24,28,36,38,54,54],"current_hp_per_floor":[61,61,61,59,54,54,54,54,54,49,70,49,59,67,67,41,64,67,47,47,47,38,38,38,38,38,38,38,35,38,38,38,35,37,23,23,33,33,38,38,38,34,34,38,38,38,38,38,38,29,10,31,38,38,38,36],"gold":34,"neow_bonus":"HUNDRED_GOLD","is_prod":false,"is_daily":false,"chose_seed":false,"campfire_upgraded":2,"win_rate":0,"timestamp":1557207800,"path_taken":["M","$","?","M","?","R","$","R","T","M","R","E","M","E","R","BOSS","M","?","?","?","?","M","$","E","T","M","$","?","E","M","R","BOSS","M","?","M","$","M","R","?","E","T","M","M","R","E","M","R","BOSS","BOSS","R","$","E","BOSS"],"build_version":"2019-04-23","purchased_purges":4,"victory":true,"max_hp_per_floor":[71,71,71,71,71,71,71,71,71,71,71,71,71,71,71,71,71,71,76,76,76,38,38,38,38,38,38,38,38,38,38,38,38,38,38,38,38,38,38,38,38,38,38,38,38,38,38,38,38,38,38,38,38,38,38,38],"card_choices":[{"not_picked":["White Noise","Tempest"],"picked":"Chill","floor":1},{"not_picked":["Sweeping Beam","Coolheaded"],"picked":"Genetic Algorithm","floor":4},{"not_picked":["Compile Driver","Coolheaded"],"picked":"Doom and Gloom","floor":5},{"not_picked":["Reinforced Body","Compile Driver"],"picked":"Self Repair","floor":10},{"not_picked":["Sweeping Beam","Ball Lightning"],"picked":"Stack","floor":12},{"not_picked":["Sunder","Cold Snap","Turbo"],"picked":"SKIP","floor":13},{"not_picked":["Beam Cell","Stack"],"picked":"Ball Lightning","floor":14},{"not_picked":["All For One","Machine Learning"],"picked":"Biased Cognition","floor":16},{"not_picked":["Redo","Rebound+1"],"picked":"Defragment","floor":18},{"not_picked":["Stack","Aggregate"],"picked":"Heatsinks","floor":23},{"not_picked":["Force Field","Sweeping Beam","Rip and Tear"],"picked":"SKIP","floor":25},{"not_picked":["Beam Cell","Leap+1"],"picked":"Hologram","floor":27},{"not_picked":["Hyperbeam","Go for the Eyes"],"picked":"Defragment","floor":30},{"not_picked":["Turbo","Leap","Gash"],"picked":"SKIP","floor":31},{"not_picked":["Sunder","Conserve Battery","Hello World"],"picked":"SKIP","floor":35},{"not_picked":["Stack","Redo","Ball Lightning+1"],"picked":"SKIP","floor":37},{"not_picked":["Ball Lightning","Stack"],"picked":"Turbo","floor":39},{"not_picked":["Double Energy","Ball Lightning"],"picked":"Cold Snap+1","floor":41},{"not_picked":["Steam+1","Leap","Sweeping Beam+1"],"picked":"SKIP","floor":42},{"not_picked":["Steam+1","Leap","Sweeping Beam+1"],"picked":"SKIP","floor":42},{"not_picked":["Steam+1","Leap","Sweeping Beam+1"],"picked":"SKIP","floor":42},{"not_picked":["Double Energy","Sweeping Beam+1"],"picked":"Coolheaded","floor":44},{"not_picked":["Leap","Rebound"],"picked":"Recycle+1","floor":45},{"not_picked":["Seek","Core Surge"],"picked":"Creative AI","floor":47},{"not_picked":["Cold Snap","Hologram+1"],"picked":"Coolheaded","floor":48},{"not_picked":["Tempest","Consume","Ball Lightning+1"],"picked":"SKIP","floor":55}],"player_experience":6228470,"relics_obtained":[{"floor":12,"key":"Darkstone Periapt"},{"floor":14,"key":"Lantern"},{"floor":25,"key":"Mummified Hand"},{"floor":26,"key":"Boot"},{"floor":30,"key":"DataDisk"},{"floor":42,"key":"Cables"},{"floor":43,"key":"Kunai"},{"floor":47,"key":"Happy Flower"},{"floor":55,"key":"Symbiotic Virus"}],"event_choices":[{"damage_healed":0,"gold_gain":275,"player_choice":"Desecrate","damage_taken":0,"max_hp_gain":0,"max_hp_loss":0,"event_name":"Golden Shrine","floor":3,"gold_loss":0,"cards_obtained":["Regret"]},{"damage_healed":0,"gold_gain":0,"player_choice":"Shed Blood","damage_taken":25,"max_hp_gain":5,"max_hp_loss":0,"event_name":"Forgotten Altar","floor":19,"gold_loss":0},{"damage_healed":0,"gold_gain":0,"player_choice":"Ignored","damage_taken":0,"max_hp_gain":0,"max_hp_loss":0,"event_name":"Beggar","floor":20,"gold_loss":0},{"damage_healed":0,"gold_gain":0,"player_choice":"Became a Ghost","damage_taken":0,"max_hp_gain":0,"max_hp_loss":38,"event_name":"Ghosts","floor":22,"gold_loss":0,"cards_obtained":["Ghostly","Ghostly","Ghostly"]},{"damage_healed":0,"gold_gain":50,"player_choice":"Touch","damage_taken":3,"max_hp_gain":0,"max_hp_loss":0,"event_name":"FaceTrader","floor":29,"gold_loss":0}],"is_beta":true,"boss_relics":[{"not_picked":["Coffee Dripper","Eternal Feather"],"picked":"Fusion Hammer"},{"not_picked":["Philosopher\u0027s Stone","Black Star"],"picked":"Runic Pyramid"}],"items_purged_floors":[7,21,24,54],"is_endless":false,"potions_floor_spawned":[1,5,12,16,25,30,37,39,45,48],"ascension_level":20}