{"path_per_floor":["M","?","$","M","M","R","E","$","T","R","M","E","M","M","R","B",null,"M","?","?","$","M","R","?","?","T","E","R","M","M","M","R","B",null,"M","?","?","$","M","R","E","M","T","?","R","M","R","M","R"],"character_chosen":"IRONCLAD","items_purchased":["Uppercut","Shrug It Off","Strength Potion","Clash","Blood Vial"],"gold_per_floor":[218,168,10,21,34,34,68,15,61,61,72,104,123,139,139,239,239,250,250,165,90,109,109,109,109,162,194,194,212,228,246,246,350,350,367,367,367,113,126,126,151,170,217,0,0,15,15,35,35],"floor_reached":50,"campfire_rested":2,"playtime":1969,"current_hp_per_floor":[80,80,80,80,80,80,64,64,64,64,51,43,43,44,44,17,80,78,78,78,78,71,71,71,55,55,52,52,41,47,53,53,53,80,80,70,70,70,75,75,36,32,32,32,32,13,55,42,84],"items_purged":["Writhe","Madness"],"gold":35,"score":527,"play_id":"220fb53a-6a7d-4c60-b78d-71dca17deddb","local_time":"20180311162802","is_prod":false,"is_daily":false,"is_ascension_mode":false,"campfire_upgraded":8,"timestamp":1520800082,"path_taken":["M","?","$","?","M","R","E","$","T","R","M","E","M","M","R","BOSS","M","?","?","$","?","R","?","?","T","E","R","?","M","M","R","BOSS","M","?","?","$","?","R","E","M","T","?","R","M","R","M","R","BOSS"],"build_version":"2018-03-09","purchased_purges":2,"victory":false,"master_deck":["Strike_R+1","Strike_R+1","Strike_R+1","Strike_R+1","Strike_R+1","Defend_R+1","Defend_R+1","Defend_R+1","Bash","Ghostly Armor+1","Uppercut+1","Shrug It Off+1","Hemokinesis","Inflame+1","Second Wind+1","Inflame+1","Carnage+1","Hemokinesis","Limit Break+1","Spot Weakness+1","Heavy Blade+1","Inflame+1","Feed","Madness+1","Twin Strike+1","Rage+1","Perfected Strike+1","True Grit+1","Whirlwind+1"],"max_hp_per_floor":[80,80,80,80,80,80,80,80,80,80,80,80,80,80,80,80,80,80,80,80,80,80,80,80,80,80,80,80,80,80,80,80,80,80,80,80,80,80,80,80,90,93,93,93,93,93,93,93,93],"relics":["Burning Blood","Art of War","Bag of Marbles","Bottled Tornado","Sozu","Paper Frog","Anchor","Enchiridion","War Paint","Regal Pillow","Mark of Pain","Blood Vial","Strawberry","Juzu Bracelet","Red Mask"],"card_choices":[{"not_picked":["Heavy Blade","Clothesline"],"picked":"Ghostly Armor"},{"not_picked":["Sword Boomerang","Rampage"],"picked":"Hemokinesis"},{"not_picked":["Shockwave","True Grit"],"picked":"Inflame"},{"not_picked":["Burning Pact","Body Slam"],"picked":"Second Wind"},{"not_picked":["Body Slam","Spot Weakness"],"picked":"Inflame"},{"not_picked":["Wild Strike","Perfected Strike"],"picked":"Carnage"},{"not_picked":["Battle Trance","Seeing Red"],"picked":"Hemokinesis"},{"not_picked":["Demon Form","Reaper"],"picked":"Limit Break"},{"not_picked":["Wild Strike","Perfected Strike"],"picked":"Spot Weakness"},{"not_picked":["Perfected Strike","Hemokinesis"],"picked":"Heavy Blade"},{"not_picked":["Thunderclap","Rage"],"picked":"Inflame"},{"not_picked":["Exhume","Limit Break"],"picked":"Feed"},{"not_picked":["Rage","Anger"],"picked":"Twin Strike"},{"not_picked":["Evolve","Fiend Fire"],"picked":"Rage"},{"not_picked":["Twin Strike","Reckless Charge"],"picked":"Perfected Strike"},{"not_picked":["Reckless Charge","Rampage"],"picked":"True Grit"},{"not_picked":["Headbutt","Sentinel"],"picked":"Whirlwind"}],"player_experience":468955,"potions_floor_usage":[4,12,16,16,16],"damage_taken":[{"damage":1,"enemies":"Cultist","floor":1,"turns":3},{"damage":5,"enemies":"Small Slimes","floor":4,"turns":3},{"damage":6,"enemies":"2 Louse","floor":5,"turns":2},{"damage":22,"enemies":"3 Sentries","floor":7,"turns":8},{"damage":19,"enemies":"Lots of Slimes","floor":11,"turns":4},{"damage":14,"enemies":"Lagavulin","floor":12,"turns":6},{"damage":6,"enemies":"Large Slime","floor":13,"turns":4},{"damage":5,"enemies":"Looter","floor":14,"turns":3},{"damage":33,"enemies":"The Guardian","floor":16,"turns":8},{"damage":8,"enemies":"Chosen","floor":18,"turns":2},{"damage":13,"enemies":"Spheric Guardian","floor":22,"turns":3},{"damage":9,"enemies":"Book of Stabbing","floor":27,"turns":4},{"damage":17,"enemies":"Centurion and Healer","floor":29,"turns":3},{"damage":0,"enemies":"Chosen and Byrds","floor":30,"turns":4},{"damage":0,"enemies":"Snake Plant","floor":31,"turns":2},{"damage":6,"enemies":"Champ","floor":33,"turns":7},{"damage":0,"enemies":"Orb Walker","floor":35,"turns":1},{"damage":3,"enemies":"3 Shapes","floor":39,"turns":4},{"damage":57,"enemies":"Nemesis","floor":41,"turns":7},{"damage":15,"enemies":"Sphere and 2 Shapes","floor":42,"turns":4},{"damage":27,"enemies":"Maw","floor":46,"turns":6},{"damage":21,"enemies":"4 Shapes","floor":48,"turns":9},{"damage":88,"enemies":"Time Eater","floor":50,"turns":10}],"event_choices":[{"event_name":"The Cleric","player_choice":"Card Removal","floor":2,"damage_taken":0},{"event_name":"The Mausoleum","player_choice":"Yes","floor":19,"damage_taken":0},{"event_name":"Addict","player_choice":"Obtained Relic","floor":20,"damage_taken":0},{"event_name":"Back to Basics","player_choice":"Simplicity","floor":24,"damage_taken":0},{"event_name":"Cursed Tome","player_choice":"Obtained Book","floor":25,"damage_taken":0},{"event_name":"Winding Halls","player_choice":"Embrace Madness","floor":36,"damage_taken":0},{"event_name":"Tomb of Lord Red Mask","player_choice":"Paid","floor":44,"damage_taken":0}],"boss_relics":[{"not_picked":["Runic Dome","White Beast Statue"],"picked":"Sozu"},{"not_picked":["Astrolabe","Eternal Feather"],"picked":"Mark of Pain"}],"potions_floor_spawned":[5,11,12,14,18,29,30,33,35,42,48],"seed_played":"7812111158471227458","killed_by":"Time Eater","ascension_level":0,"is_trial":false}