{"gold_per_floor":[13,26,26,26,42,42,77,77,77,77,101,126,126,150,150,150],"floor_reached":16,"playtime":875,"items_purged":[],"score":204,"play_id":"215a3ad8-6d0d-421e-b5c7-8836e8c45b3a","local_time":"20190329003133","is_ascension_mode":true,"campfire_choices":[{"data":"Loop","floor":6,"key":"SMITH"},{"data":"Zap","floor":10,"key":"SMITH"},{"data":"Coolheaded","floor":13,"key":"SMITH"},{"data":"Dualcast","floor":15,"key":"SMITH"}],"neow_cost":"NO_GOLD","seed_source_timestamp":1032801585595655,"circlet_count":0,"master_deck":["AscendersBane","Strike_B","Strike_B","Strike_B","Strike_B","Defend_B","Defend_B","Defend_B","Zap+1","Dualcast+1","Loop+1","Chill","Cold Snap","Sweeping Beam","Coolheaded+1","Self Repair"],"relics":["Cracked Core","Dead Branch","Ornamental Fan","Golden Idol","Blood Vial"],"potions_floor_usage":[5,14,14],"damage_taken":[{"damage":1,"enemies":"2 Louse","floor":1,"turns":2},{"damage":9,"enemies":"Small Slimes","floor":2,"turns":4},{"damage":0,"enemies":"Jaw Worm","floor":5,"turns":1},{"damage":16,"enemies":"Lagavulin","floor":7,"turns":9},{"damage":10,"enemies":"Looter","floor":11,"turns":3},{"damage":4,"enemies":"3 Louse","floor":12,"turns":3},{"damage":22,"enemies":"Exordium Thugs","floor":14,"turns":6},{"damage":18,"enemies":"Slime Boss","floor":16,"turns":3}],"seed_played":"8916214384134935281","potions_obtained":[{"floor":2,"key":"Fire Potion"},{"floor":7,"key":"PowerPotion"},{"floor":11,"key":"Weak Potion"}],"is_trial":false,"path_per_floor":["M","M","?","?","M","R","E","?","T","R","M","M","R","M","R","B"],"character_chosen":"DEFECT","items_purchased":[],"campfire_rested":0,"item_purchase_floors":[],"current_hp_per_floor":[63,54,47,47,47,47,31,31,31,31,23,21,21,8,8,0],"gold":150,"neow_bonus":"ONE_RARE_RELIC","is_prod":false,"is_daily":false,"chose_seed":false,"campfire_upgraded":4,"win_rate":0,"timestamp":1553833893,"path_taken":["M","M","?","?","M","R","E","?","T","R","M","M","R","M","R","BOSS"],"build_version":"2019-01-23","purchased_purges":0,"victory":false,"max_hp_per_floor":[71,71,71,71,71,71,71,64,64,64,64,64,64,64,64,64],"card_choices":[{"not_picked":["Coolheaded","Hologram"],"picked":"Loop","floor":1},{"not_picked":["Barrage","Auto Shields"],"picked":"Chill","floor":2},{"not_picked":["Hologram","Streamline"],"picked":"Cold Snap","floor":5},{"not_picked":["Aggregate","Gash"],"picked":"Sweeping Beam","floor":7},{"not_picked":["Turbo","Streamline"],"picked":"Coolheaded","floor":11},{"not_picked":["Gash","Redo"],"picked":"Self Repair","floor":12},{"not_picked":["Sweeping Beam","Cold Snap","Coolheaded"],"picked":"SKIP","floor":14}],"player_experience":1482493,"relics_obtained":[{"floor":7,"key":"Ornamental Fan"},{"floor":9,"key":"Blood Vial"}],"event_choices":[{"cards_removed":["Defend_B"],"damage_healed":0,"gold_gain":0,"player_choice":"Card Removal","damage_taken":7,"max_hp_gain":0,"max_hp_loss":0,"event_name":"Golden Wing","floor":3,"gold_loss":0},{"damage_healed":0,"gold_gain":0,"player_choice":"Leave","damage_taken":0,"max_hp_gain":0,"max_hp_loss":0,"event_name":"The Cleric","floor":4,"gold_loss":0},{"damage_healed":0,"gold_gain":0,"player_choice":"Lose Max HP","damage_taken":0,"relics_obtained":["Golden Idol"],"max_hp_gain":0,"max_hp_loss":7,"event_name":"Golden Idol","floor":8,"gold_loss":0}],"is_beta":false,"boss_relics":[],"items_purged_floors":[],"is_endless":false,"potions_floor_spawned":[2,7,11,12],"killed_by":"Slime Boss","ascension_level":20}