{"gold_per_floor":[111,122,197,213,224,224,250,210,210,210,29,29,44,59,59,131,131,146,59,59,69,69,69,69],"floor_reached":24,"playtime":1787,"items_purged":["Strike_G"],"score":392,"play_id":"7b989e9f-a617-494e-a0ee-ba7cacfc8678","local_time":"20190322132522","is_ascension_mode":true,"campfire_choices":[{"data":"Leg Sweep","floor":6.0,"key":"SMITH"},{"floor":10.0,"key":"REST"},{"data":"Footwork","floor":15.0,"key":"SMITH"},{"data":"Malaise","floor":23,"key":"SMITH"}],"neow_cost":"NONE","seed_source_timestamp":0,"circlet_count":0,"master_deck":["AscendersBane","Defend_G","Defend_G","Defend_G","Defend_G","Defend_G","Strike_G","Strike_G","Strike_G","Strike_G","Survivor","Neutralize","Sucker Punch","Leg Sweep+1","Deadly Poison","Poisoned Stab","Noxious Fumes","Backflip","Calculated Gamble","Footwork+1","After Image","Malaise+1","Ghostly","Ghostly","Ghostly"],"special_seed":0,"relics":["Ring of the Snake","Omamori","Potion Belt","Meat on the Bone","Runic Dome"],"potions_floor_usage":[24],"damage_taken":[{"damage":0.0,"enemies":"Small Slimes","floor":1.0,"turns":6.0},{"damage":0.0,"enemies":"2 Louse","floor":2.0,"turns":4.0},{"damage":5.0,"enemies":"Jaw Worm","floor":4.0,"turns":8.0},{"damage":6.0,"enemies":"Blue Slaver","floor":5.0,"turns":6.0},{"damage":34.0,"enemies":"3 Sentries","floor":7.0,"turns":9.0},{"damage":0.0,"enemies":"Looter","floor":8.0,"turns":4.0},{"damage":5.0,"enemies":"3 Louse","floor":13.0,"turns":4.0},{"damage":7.0,"enemies":"Gremlin Gang","floor":14.0,"turns":6.0},{"damage":38.0,"enemies":"Slime Boss","floor":16.0,"turns":16.0},{"damage":16.0,"enemies":"Chosen","floor":18.0,"turns":7.0},{"damage":37,"enemies":"Colosseum Slavers","floor":20,"turns":8},{"damage":5,"enemies":"3 Byrds","floor":21,"turns":7},{"damage":31,"enemies":"Gremlin Leader","floor":24,"turns":4}],"seed_played":"3830852181879888393","potions_obtained":[{"floor":4.0,"key":"Energy Potion"},{"floor":5.0,"key":"EntropicBrew"},{"floor":14.0,"key":"Block Potion"},{"floor":16.0,"key":"SkillPotion"},{"floor":18.0,"key":"Dexterity Potion"}],"is_trial":false,"path_per_floor":["M","M","?","M","M","R","E","M","T","R","$","?","M","M","R","B",null,"M","$","?","M","?","R","E"],"character_chosen":"THE_SILENT","items_purchased":["Noxious Fumes","Backflip","Malaise"],"campfire_rested":1,"item_purchase_floors":[11,11,19],"current_hp_per_floor":[59,59,48,43,37,37,3,3,3,22,22,27,34,39,39,13,57,41,41,16,23,23,23,0],"gold":69,"neow_bonus":"RANDOM_COMMON_RELIC","is_prod":false,"is_daily":false,"chose_seed":false,"campfire_upgraded":3,"win_rate":0,"timestamp":1553286322,"path_taken":["M","M","?","M","M","R","E","M","T","R","$","?","M","M","R","BOSS","M","$","?","M","?","R","E"],"build_version":"2019-03-15","purchased_purges":1,"victory":false,"max_hp_per_floor":[66,66,66,66,66,66,66,66,66,66,66,71,71,71,71,71,71,71,71,71,71,35,35,35],"card_choices":[{"not_picked":["Outmaneuver","Blade Dance"],"picked":"Sucker Punch","floor":1.0},{"not_picked":["Cloak And Dagger","Underhanded Strike"],"picked":"Leg Sweep","floor":2.0},{"not_picked":["Prepared","Dagger Throw"],"picked":"Deadly Poison","floor":4.0},{"not_picked":["A Thousand Cuts","Sucker Punch"],"picked":"Poisoned Stab","floor":5.0},{"not_picked":["Outmaneuver","Sucker Punch","Underhanded Strike"],"picked":"SKIP","floor":7.0},{"not_picked":["Tactician","Bouncing Flask","Sucker Punch"],"picked":"SKIP","floor":8.0},{"not_picked":["Slice","Poisoned Stab"],"picked":"Calculated Gamble","floor":13.0},{"not_picked":["Blade Dance","Flying Knee"],"picked":"Footwork","floor":14.0},{"not_picked":["Doppelganger","Burst"],"picked":"After Image","floor":16.0},{"not_picked":["Skewer","Choke","Catalyst"],"picked":"SKIP","floor":18.0},{"not_picked":["Slice","Bouncing Flask","Bane"],"picked":"SKIP","floor":21}],"player_experience":1169179,"relics_obtained":[{"floor":7.0,"key":"Potion Belt"},{"floor":9.0,"key":"Meat on the Bone"}],"event_choices":[{"damage_healed":0.0,"max_hp_gain":0.0,"max_hp_loss":0.0,"gold_gain":75.0,"event_name":"World of Goop","player_choice":"Gather Gold","floor":3.0,"gold_loss":0.0,"damage_taken":11.0},{"damage_healed":0.0,"max_hp_gain":5.0,"max_hp_loss":0.0,"gold_gain":0.0,"event_name":"Big Fish","player_choice":"Donut","floor":12.0,"gold_loss":0.0,"damage_taken":0.0},{"damage_healed":0,"gold_gain":0,"player_choice":"Fight","damage_taken":0,"max_hp_gain":0,"max_hp_loss":0,"event_name":"Colosseum","floor":20,"gold_loss":0},{"damage_healed":0,"gold_gain":0,"player_choice":"Fled From Nobs","damage_taken":0,"max_hp_gain":0,"max_hp_loss":0,"event_name":"Colosseum","floor":20,"gold_loss":0},{"damage_healed":0,"gold_gain":0,"player_choice":"Became a Ghost","damage_taken":0,"max_hp_gain":0,"max_hp_loss":36,"event_name":"Ghosts","floor":22,"gold_loss":0,"cards_obtained":["Ghostly","Ghostly","Ghostly"]}],"is_beta":true,"boss_relics":[{"not_picked":["Empty Cage","White Beast Statue"],"picked":"Runic Dome"}],"items_purged_floors":[11],"is_endless":false,"potions_floor_spawned":[4,5,14,16,18,20],"killed_by":"Gremlin Leader","ascension_level":20}