{"path_per_floor":["M","?","$","M","M","E","R","M","T","?","M","M","E","?","R","B",null,"M","?","?","?","M"],"character_chosen":"THE_SILENT","items_purchased":["Frozen Egg 2","Noxious Fumes"],"gold_per_floor":[369,334,16,33,50,83,83,96,122,297,312,327,361,391,391,492,492,504,554,554,524,540],"floor_reached":23,"campfire_rested":1,"playtime":1467,"current_hp_per_floor":[34,51,51,51,51,38,38,38,38,38,38,38,20,20,41,29,60,32,32,32,32,25],"items_purged":[],"gold":540,"score":251,"play_id":"aa311c9a-fb31-4d91-9226-a4ab6c1b2d86","is_prod":false,"is_daily":false,"is_ascension_mode":true,"campfire_upgraded":1,"path_taken":["M","?","$","?","M","E","R","M","T","?","?","?","E","?","R","BOSS","M","?","?","?","M","E"],"build_version":"2018-02-15-PROD1","purchased_purges":0,"victory":false,"master_deck":["Defend_G","Defend_G","Defend_G","Defend_G","Defend_G","Strike_G","Strike_G","Strike_G+1","Strike_G+1","Survivor","Neutralize","Blade Dance","Noxious Fumes+1","Distraction+1","Riddle With Holes","Finisher","Cloak And Dagger","Doubt","Envenom+1","After Image+1","Dagger Spray+1","Predator","Catalyst+1"],"max_hp_per_floor":[70,70,70,70,70,70,70,70,70,70,70,70,70,70,70,70,70,70,70,70,70,70],"relics":["Ring of the Snake","Frozen Egg 2","Whetstone","Bag of Marbles","Ice Cream","Lizard Tail"],"card_choices":[{"not_picked":["Backflip","Calculated Gamble"],"picked":"Blade Dance"},{"not_picked":["Deflect","Backstab"],"picked":"Distraction"},{"not_picked":["All Out Attack","Masterful Stab"],"picked":"Riddle With Holes"},{"not_picked":["Deadly Poison","Outmaneuver"],"picked":"Finisher"},{"not_picked":["Deflect","Outmaneuver"],"picked":"Cloak And Dagger"},{"not_picked":["Setup","Eviscerate"],"picked":"Envenom"},{"not_picked":["Adrenaline","Glass Knife"],"picked":"After Image"},{"not_picked":["Underhanded Strike","Poisoned Stab"],"picked":"Dagger Spray"},{"not_picked":["Bouncing Flask","Leg Sweep"],"picked":"Catalyst"}],"player_experience":325609,"potions_floor_usage":[6,8,16,16,22,23,23],"damage_taken":[{"damage":1,"enemies":"Jaw Worm","floor":1,"turns":3},{"damage":0,"enemies":"2 Louse","floor":4,"turns":3},{"damage":0,"enemies":"Cultist","floor":5,"turns":4},{"damage":13,"enemies":"3 Sentries","floor":6,"turns":7},{"damage":0,"enemies":"Gremlin Gang","floor":8,"turns":1},{"damage":0,"enemies":"Looter","floor":11,"turns":2},{"damage":0,"enemies":"Large Slime","floor":12,"turns":4},{"damage":18,"enemies":"Gremlin Nob","floor":13,"turns":4},{"damage":12,"enemies":"The Guardian","floor":16,"turns":11},{"damage":28,"enemies":"Chosen","floor":18,"turns":6},{"damage":7,"enemies":"2 Thieves","floor":22,"turns":3},{"damage":66,"enemies":"Gremlin Leader","floor":23,"turns":7}],"event_choices":[{"event_name":"The Cleric","player_choice":"Healed","floor":2,"damage_taken":0},{"event_name":"Liars Game","player_choice":"agreed","floor":10,"damage_taken":0},{"event_name":"Dead Adventurer","player_choice":"Searched \u00271\u0027 times","floor":14,"damage_taken":0},{"event_name":"The Joust","player_choice":"Bet on Murderer","floor":19,"damage_taken":0},{"event_name":"Transmorgrifier","player_choice":"Transform","floor":20,"damage_taken":0},{"event_name":"The Woman in Blue","player_choice":"Bought 2 Potions","floor":21,"damage_taken":0}],"boss_relics":[{"not_picked":["Question Card","Tiny House"],"picked":"Lizard Tail"}],"potions_floor_spawned":[4,6,8,13,16],"seed_played":"-2426595029111375602","killed_by":"Gremlin Leader","ascension_level":5,"is_trial":false}