{"gold_per_floor":[210,223,12,12,25,60,60,93,93,121,133,162,162,197,197,274,274,291,291,291,0,0,35,35,35,35,35,49,101,101,127,127,202,202,221,235,135,135,145,180,193,193,193,193,222,235,254,254,254,254,254,254,254,20,20],"floor_reached":55,"playtime":4644,"items_purged":["Writhe","Pain","Regret"],"score":2098,"play_id":"9823a1c0-357c-4784-989d-92c0873cefed","local_time":"20190504103527","is_ascension_mode":true,"campfire_choices":[{"floor":7.0,"key":"REST"},{"data":"Zap","floor":13.0,"key":"SMITH"},{"data":"Consume","floor":15.0,"key":"SMITH"},{"data":"Coolheaded","floor":24.0,"key":"SMITH"},{"data":"Coolheaded","floor":27.0,"key":"SMITH"},{"floor":32.0,"key":"REST"},{"floor":42.0,"key":"REST"},{"floor":44.0,"key":"RECALL"},{"floor":49.0,"key":"REST"},{"floor":53,"key":"REST"}],"neow_cost":"NONE","seed_source_timestamp":1005887753905837,"circlet_count":0,"master_deck":["AscendersBane","Strike_B","Strike_B","Strike_B","Defend_B","Defend_B","Zap+1","Dualcast","Compile Driver","Coolheaded+1","BootSequence","Ball Lightning","Ball Lightning","Cold Snap","Cold Snap","Consume+1","Machine Learning","Genetic Algorithm","Compile Driver+1","Coolheaded+1","Loop+1","Biased Cognition","Buffer","Conserve Battery+1","Compile Driver+1","Leap+1","Sweeping Beam+1","Go for the Eyes+1","Hologram","Hologram+1","Conserve Battery+1","Echo Form","Doom and Gloom+1","Coolheaded+1","Gash+1","Bandage Up"],"special_seed":0,"relics":["Cracked Core","Ancient Tea Set","Darkstone Periapt","Bag of Preparation","Lantern","Mango","Prayer Wheel","Cursed Key","MutagenicStrength","Thread and Needle","Potion Belt","Bag of Marbles","Question Card","Gremlin Horn","Inserter","Anchor","Ginger"],"potions_floor_usage":[55],"damage_taken":[{"damage":14.0,"enemies":"Jaw Worm","floor":1.0,"turns":4.0},{"damage":1.0,"enemies":"Cultist","floor":2.0,"turns":3.0},{"damage":0.0,"enemies":"Small Slimes","floor":5.0,"turns":2.0},{"damage":6.0,"enemies":"Lagavulin","floor":6.0,"turns":7.0},{"damage":11.0,"enemies":"Gremlin Nob","floor":8.0,"turns":3.0},{"damage":9.0,"enemies":"3 Sentries","floor":10.0,"turns":6.0},{"damage":2.0,"enemies":"Exordium Wildlife","floor":11.0,"turns":4.0},{"damage":18.0,"enemies":"Lagavulin","floor":12.0,"turns":6.0},{"damage":5.0,"enemies":"Gremlin Nob","floor":14.0,"turns":3.0},{"damage":18.0,"enemies":"Hexaghost","floor":16.0,"turns":7.0},{"damage":1.0,"enemies":"Spheric Guardian","floor":18.0,"turns":3.0},{"damage":4.0,"enemies":"Book of Stabbing","floor":23.0,"turns":5.0},{"damage":0.0,"enemies":"Chosen","floor":28.0,"turns":2.0},{"damage":39.0,"enemies":"Slavers","floor":31.0,"turns":6.0},{"damage":44.0,"enemies":"Automaton","floor":33.0,"turns":12.0},{"damage":43.0,"enemies":"3 Darklings","floor":35.0,"turns":6.0},{"damage":2.0,"enemies":"Orb Walker","floor":36.0,"turns":3.0},{"damage":19.0,"enemies":"Transient","floor":39.0,"turns":6.0},{"damage":5.0,"enemies":"Reptomancer","floor":40.0,"turns":5.0},{"damage":3.0,"enemies":"Maw","floor":41.0,"turns":8.0},{"damage":1.0,"enemies":"Nemesis","floor":45.0,"turns":7.0},{"damage":0.0,"enemies":"3 Darklings","floor":46.0,"turns":5.0},{"damage":0.0,"enemies":"Sphere and 2 Shapes","floor":47.0,"turns":1.0},{"damage":39.0,"enemies":"Time Eater","floor":50.0,"turns":14.0},{"damage":37,"enemies":"Awakened One","floor":51,"turns":14},{"damage":112,"enemies":"Shield and Spear","floor":55,"turns":8}],"seed_played":"-6956246405791652405","potions_obtained":[{"floor":8.0,"key":"Ancient Potion"},{"floor":10.0,"key":"Energy Potion"},{"floor":11.0,"key":"FearPotion"},{"floor":12.0,"key":"Strength Potion"},{"floor":14.0,"key":"Energy Potion"},{"floor":16.0,"key":"SpeedPotion"},{"floor":31.0,"key":"Ancient Potion"},{"floor":35.0,"key":"Ancient Potion"},{"floor":41.0,"key":"SpeedPotion"},{"floor":46.0,"key":"Weak Potion"}],"is_trial":false,"path_per_floor":["M","M","$","?","M","E","R","E","T","E","M","E","R","E","R","B",null,"M","?","?","$","$","E","R","?","T","R","M","T","?","E","R","B",null,"M","M","$","?","M","E","M","R","T","R","E","M","M","?","R","B","B",null,"R","$","E"],"character_chosen":"DEFECT","items_purchased":["BootSequence","FocusPotion","FocusPotion","Potion Belt","Explosive Potion","Block Potion","Strength Potion"],"campfire_rested":5,"item_purchase_floors":[3,3,3,21,21,54,54],"current_hp_per_floor":[50,49,49,49,49,43,64,53,53,44,42,38,38,33,33,15,68,67,67,73,73,73,69,69,69,75,75,75,81,81,42,72,28,84,41,39,39,39,20,15,12,42,42,42,41,41,41,41,71,36,3,78,103,103,0],"gold":20,"neow_bonus":"HUNDRED_GOLD","is_prod":false,"is_daily":false,"chose_seed":false,"campfire_upgraded":4,"win_rate":0,"timestamp":1556980527,"path_taken":["M","M","$","?","M","E","R","E","T","E","M","E","R","E","R","BOSS","M","?","?","?","$","E","R","?","T","R","?","?","?","E","R","BOSS","M","?","$","?","M","E","M","R","T","R","E","M","M","?","R","BOSS","BOSS","R","$","E"],"build_version":"2019-01-23","purchased_purges":3,"victory":false,"max_hp_per_floor":[71,71,71,71,71,71,71,71,71,71,71,85,85,85,85,85,85,85,85,91,91,91,91,91,91,97,97,97,103,103,103,103,103,103,103,103,103,103,103,103,103,103,103,103,103,103,103,103,103,103,103,103,103,103,103],"card_choices":[{"not_picked":["Rebound","Turbo"],"picked":"Compile Driver","floor":1.0},{"not_picked":["Turbo","Barrage"],"picked":"Coolheaded","floor":2.0},{"not_picked":["Auto Shields","Aggregate"],"picked":"Ball Lightning","floor":5.0},{"not_picked":["Fission","Sweeping Beam"],"picked":"Ball Lightning","floor":6.0},{"not_picked":["Beam Cell","Gash","Sweeping Beam"],"picked":"SKIP","floor":8.0},{"not_picked":["Lockon","Thunder Strike","Turbo"],"picked":"SKIP","floor":10.0},{"not_picked":["Reprogram","Compile Driver"],"picked":"Cold Snap","floor":11.0},{"not_picked":["Streamline","Ball Lightning"],"picked":"Cold Snap","floor":12.0},{"not_picked":["Cold Snap","Stack"],"picked":"Consume","floor":14.0},{"not_picked":["Amplify","All For One"],"picked":"Machine Learning","floor":16.0},{"not_picked":["Consume","Darkness"],"picked":"Genetic Algorithm","floor":18.0},{"not_picked":["Go for the Eyes","Beam Cell"],"picked":"Compile Driver+1","floor":18.0},{"not_picked":["Steam+1","BootSequence"],"picked":"Coolheaded","floor":23.0},{"not_picked":["Ball Lightning","Double Energy+1","Fusion"],"picked":"Loop","floor":28.0},{"not_picked":["Leap","Stack","Ball Lightning"],"picked":"Biased Cognition","floor":28.0},{"not_picked":["Stack","Rebound","Heatsinks","Melter"],"picked":"SKIP","floor":31.0},{"not_picked":["Meteor Strike","Reboot","Thunder Strike"],"picked":"Buffer","floor":33.0},{"not_picked":["Gash+1","Coolheaded","Compile Driver"],"picked":"Conserve Battery+1","floor":35.0},{"not_picked":["Coolheaded","Auto Shields","Hyperbeam"],"picked":"Compile Driver+1","floor":35.0},{"not_picked":["Fusion","Stack","Gash"],"picked":"Leap+1","floor":36.0},{"not_picked":["Stack","Cold Snap+1","Chaos"],"picked":"Sweeping Beam+1","floor":36.0},{"not_picked":["Double Energy","Melter","Reinforced Body"],"picked":"Go for the Eyes+1","floor":39.0},{"not_picked":["Leap","Hyperbeam","Sweeping Beam"],"picked":"Hologram","floor":39.0},{"not_picked":["Redo","Blizzard","Barrage"],"picked":"Hologram+1","floor":40.0},{"not_picked":["Melter","Redo","Go for the Eyes"],"picked":"Conserve Battery+1","floor":41.0},{"not_picked":["Rip and Tear+1","Turbo","Scrape","Skim"],"picked":"SKIP","floor":41.0},{"not_picked":["FTL","Hologram","Cold Snap"],"picked":"Echo Form","floor":45.0},{"not_picked":["Compile Driver","Turbo","Reprogram+1"],"picked":"Doom and Gloom+1","floor":46.0},{"not_picked":["Go for the Eyes","Darkness","Aggregate","Doom and Gloom"],"picked":"SKIP","floor":46.0},{"not_picked":["Streamline+1","Leap","Meteor Strike"],"picked":"Coolheaded+1","floor":47.0},{"not_picked":["Stack","Rebound","Compile Driver"],"picked":"Gash+1","floor":47.0},{"not_picked":["Mind Blast","Impatience","Jack Of All Trades"],"picked":"Bandage Up","floor":48.0}],"player_experience":2333191,"relics_obtained":[{"floor":6.0,"key":"Ancient Tea Set"},{"floor":8.0,"key":"Darkstone Periapt"},{"floor":9.0,"key":"Bag of Preparation"},{"floor":10.0,"key":"Lantern"},{"floor":12.0,"key":"Mango"},{"floor":14.0,"key":"Prayer Wheel"},{"floor":23.0,"key":"Bag of Marbles"},{"floor":26.0,"key":"Question Card"},{"floor":31.0,"key":"Gremlin Horn"},{"floor":40.0,"key":"Anchor"},{"floor":45.0,"key":"Ginger"}],"event_choices":[{"cards_removed":["Defend_B"],"damage_healed":0.0,"max_hp_gain":0.0,"max_hp_loss":0.0,"gold_gain":0.0,"event_name":"Purifier","player_choice":"Purged","floor":4.0,"gold_loss":0.0,"damage_taken":0.0},{"damage_healed":0.0,"max_hp_gain":0.0,"max_hp_loss":0.0,"gold_gain":0.0,"event_name":"Drug Dealer","player_choice":"Inject Mutagens","floor":19.0,"gold_loss":0.0,"damage_taken":0.0,"relics_obtained":["MutagenicStrength"]},{"damage_healed":0.0,"max_hp_gain":0.0,"max_hp_loss":0.0,"gold_gain":0.0,"event_name":"The Mausoleum","player_choice":"Opened","floor":20.0,"gold_loss":0.0,"damage_taken":0.0,"relics_obtained":["Thread and Needle"],"cards_obtained":["Writhe"]},{"cards_removed":["Strike_B"],"damage_healed":0.0,"max_hp_gain":0.0,"max_hp_loss":0.0,"gold_gain":0.0,"event_name":"Purifier","player_choice":"Purged","floor":25.0,"gold_loss":0.0,"damage_taken":0.0},{"damage_healed":0.0,"max_hp_gain":0.0,"max_hp_loss":0.0,"gold_gain":0.0,"event_name":"Upgrade Shrine","player_choice":"Upgraded","floor":30.0,"gold_loss":0.0,"damage_taken":0.0,"cards_upgraded":["Loop"]},{"cards_removed":["Defend_B"],"damage_healed":0.0,"max_hp_gain":0.0,"max_hp_loss":0.0,"gold_gain":0.0,"event_name":"Falling","player_choice":"Removed Skill","floor":38.0,"gold_loss":0.0,"damage_taken":0.0},{"damage_healed":0.0,"max_hp_gain":0.0,"max_hp_loss":0.0,"gold_gain":0.0,"event_name":"SensoryStone","player_choice":"Memory 1","floor":48.0,"gold_loss":0.0,"damage_taken":0.0}],"is_beta":false,"boss_relics":[{"not_picked":["Tiny House","Sozu"],"picked":"Cursed Key"},{"not_picked":["Busted Crown","Empty Cage"],"picked":"Inserter"}],"items_purged_floors":[21,37,54],"is_endless":false,"potions_floor_spawned":[8,10,11,12,14,16,31,35,41,46],"killed_by":"Shield and Spear","ascension_level":20}