{"path_per_floor":["M","$","$","?","M","R","E","?","T","E","R","M","M","?","R","B",null,"M","M","$","?","M","R","?","R","T","E","M","R","M","M","R","B",null,"M","?","M","M","?","R"],"character_chosen":"THE_SILENT","items_purchased":["Flash of Steel","Accuracy","Ancient Potion"],"gold_per_floor":[113,16,16,16,27,27,61,61,61,90,90,108,118,118,118,215,215,231,241,99,99,119,119,19,19,45,71,89,89,101,120,120,217,217,235,235,254,268,268,268],"floor_reached":41,"campfire_rested":3,"playtime":1991,"current_hp_per_floor":[63,63,63,63,63,63,39,39,39,51,51,47,46,69,69,20,58,23,23,23,45,32,32,32,67,67,46,36,67,64,61,61,33,59,55,47,30,20,20,55],"items_purged":["Parasite"],"gold":268,"score":657,"play_id":"1d79a5d5-7ee5-4e68-b0d1-09b0afece883","local_time":"20180317120515","is_prod":false,"is_daily":false,"is_ascension_mode":true,"campfire_upgraded":5,"timestamp":1521302715,"path_taken":["M","?","$","?","?","R","E","?","T","E","R","?","?","?","R","BOSS","M","M","$","?","M","R","?","R","T","E","M","R","M","M","R","BOSS","M","?","M","M","?","R","E"],"build_version":"2018-03-15v2","purchased_purges":1,"victory":false,"master_deck":["Defend_G","Defend_G","Defend_G","Defend_G","Defend_G","Strike_G","Strike_G","Strike_G","Strike_G","Strike_G","Survivor+1","Neutralize+1","Grand Finale","Flash of Steel+1","Footwork+1","Terror","Expertise","Dagger Spray+1","Adrenaline","Blade Dance+1","Dodge and Roll+1","Accuracy+1","Riddle With Holes","J.A.X.+1","Underhanded Strike+1","Slice","Accuracy","Acrobatics+1","Storm of Steel","Predator","Madness","Madness","All Out Attack+1","Dodge and Roll+1","Blade Dance+1"],"max_hp_per_floor":[70,70,70,70,70,70,70,70,70,70,70,70,70,70,70,70,70,70,70,67,67,67,67,67,67,67,67,67,67,67,67,67,67,67,67,67,67,67,67,67],"relics":["Ring of the Snake","Regal Pillow","Smiling Mask","Centennial Puzzle","Runic Dome","Bronze Scales","Pen Nib","Sozu"],"card_choices":[{"not_picked":["Dagger Spray","Underhanded Strike"],"picked":"Grand Finale"},{"not_picked":["Underhanded Strike","Venomology"],"picked":"Footwork"},{"not_picked":["Sucker Punch","Dagger Throw"],"picked":"Terror"},{"not_picked":["Calculated Gamble","Backflip"],"picked":"Expertise"},{"not_picked":["Riddle With Holes","Expertise"],"picked":"Dagger Spray"},{"not_picked":["Bullet Time","Doppelganger"],"picked":"Adrenaline"},{"not_picked":["Bane","Sucker Punch"],"picked":"Blade Dance"},{"not_picked":["Caltrops","Deadly Poison"],"picked":"Dodge and Roll"},{"not_picked":["Night Terror","Underhanded Strike"],"picked":"Riddle With Holes"},{"not_picked":["Prepared","Outmaneuver"],"picked":"Underhanded Strike"},{"not_picked":["Footwork","Masterful Stab"],"picked":"Slice"},{"not_picked":["Deadly Poison","Flying Knee"],"picked":"Accuracy"},{"not_picked":["Underhanded Strike","Deflect"],"picked":"Acrobatics"},{"not_picked":["A Thousand Cuts","Adrenaline"],"picked":"Storm of Steel"},{"not_picked":["Backstab","Sucker Punch"],"picked":"Predator"},{"not_picked":["Outmaneuver","Acrobatics"],"picked":"All Out Attack"},{"not_picked":["Underhanded Strike","Backflip"],"picked":"Dodge and Roll"}],"player_experience":529315,"potions_floor_usage":[10,28,31,33,33,35,38],"damage_taken":[{"damage":0,"enemies":"Cultist","floor":1,"turns":5},{"damage":0,"enemies":"2 Louse","floor":5,"turns":4},{"damage":24,"enemies":"Gremlin Nob","floor":7,"turns":5},{"damage":3,"enemies":"3 Sentries","floor":10,"turns":6},{"damage":4,"enemies":"Small Slimes","floor":12,"turns":5},{"damage":1,"enemies":"Blue Slaver","floor":13,"turns":5},{"damage":49,"enemies":"The Guardian","floor":16,"turns":20},{"damage":35,"enemies":"2 Thieves","floor":18,"turns":4},{"damage":0,"enemies":"3 Byrds","floor":19,"turns":7},{"damage":13,"enemies":"Centurion and Healer","floor":22,"turns":7},{"damage":21,"enemies":"Gremlin Leader","floor":27,"turns":4},{"damage":10,"enemies":"Snecko","floor":28,"turns":3},{"damage":3,"enemies":"Slaver and Parasite","floor":30,"turns":3},{"damage":3,"enemies":"Chosen and Byrds","floor":31,"turns":4},{"damage":28,"enemies":"Collector","floor":33,"turns":4},{"damage":4,"enemies":"Orb Walker","floor":35,"turns":2},{"damage":17,"enemies":"3 Shapes","floor":37,"turns":2},{"damage":10,"enemies":"3 Darklings","floor":38,"turns":4},{"damage":63,"enemies":"Nemesis","floor":41,"turns":4}],"event_choices":[{"event_name":"The Cleric","player_choice":"Leave","floor":4,"damage_taken":0},{"event_name":"Living Wall","player_choice":"Grow","floor":8,"damage_taken":0},{"event_name":"Big Fish","player_choice":"Banana","floor":14,"damage_taken":0},{"event_name":"The Library","player_choice":"Heal","floor":21,"damage_taken":0},{"event_name":"Drug Dealer","player_choice":"Got JAXXED","floor":24,"damage_taken":0},{"event_name":"Winding Halls","player_choice":"Embrace Madness","floor":36,"damage_taken":0},{"event_name":"Duplicator","player_choice":"One dupe","floor":39,"damage_taken":0}],"boss_relics":[{"not_picked":["Tiny House","Calling Bell"],"picked":"Runic Dome"},{"not_picked":["White Beast Statue","Astrolabe"],"picked":"Sozu"}],"potions_floor_spawned":[5,7,22,30,31,33,35,37],"seed_played":"1917770027831117937","killed_by":"Nemesis","ascension_level":10,"is_trial":false}