{"path_per_floor":["M","?","?","M","M","R","?","$","T","M","R","M","M","?","R","B",null,"M","M","?","?","M","R","E","R","T","R","M","R","M","M","R","B",null,"M","M","?","M","$","E","R","?","T","R","T","M","$","M","R","B"],"character_chosen":"IRONCLAD","items_purchased":["Omamori","Apotheosis","Paper Frog","Blue Candle","Fire Potion"],"gold_per_floor":[112,112,362,380,391,391,391,40,40,50,50,64,75,45,45,142,142,152,164,89,89,102,102,130,130,156,156,171,171,188,201,201,296,296,311,327,327,344,19,52,52,302,302,302,302,314,3,21,21,21],"floor_reached":51,"campfire_rested":1,"playtime":2693,"current_hp_per_floor":[79,79,79,75,72,72,72,72,72,70,70,51,51,51,51,39,80,80,76,76,76,73,73,56,56,56,56,50,50,41,39,39,28,80,64,58,78,43,43,48,48,48,48,48,48,7,7,3,29,40],"items_purged":["Doubt"],"gold":21,"score":564,"play_id":"085868db-f2e5-4d39-994f-dc59da8c7c8f","local_time":"20180305225441","is_prod":false,"is_daily":false,"is_ascension_mode":false,"campfire_upgraded":10,"timestamp":1520308481,"path_taken":["M","?","?","M","M","R","?","$","T","M","R","?","?","?","R","BOSS","M","M","?","?","M","R","E","R","T","R","M","R","M","?","R","BOSS","M","?","?","M","$","E","R","?","T","R","?","?","$","M","R","BOSS"],"build_version":"2018-03-01-PROD1","purchased_purges":1,"victory":true,"master_deck":["Strike_R","Strike_R","Strike_R","Strike_R","Defend_R","Defend_R","Defend_R","Defend_R","Bash+1","Hemokinesis+1","Iron Wave+1","Thunderclap+1","Apotheosis+1","Clash+1","Whirlwind+1","Flame Barrier+1","Demon Form+1","Searing Blow+1","Pommel Strike+1","Clash+1","Flame Barrier+1","Brutality+1","Limit Break+1","Hemokinesis+1","Cleave+1","Writhe","Shockwave+1","Regret","Writhe","Writhe","Body Slam+1"],"max_hp_per_floor":[80,80,80,80,80,80,80,80,80,80,80,80,80,80,80,80,80,80,80,80,80,80,80,80,80,80,80,80,80,80,80,80,80,80,80,80,80,80,80,87,87,87,87,87,87,87,87,87,87,87],"relics":["Cursed Key","Omamori","Du-Vu Doll","Runic Cube","Bird Faced Urn","Anchor","Lizard Tail","Paper Frog","Strawberry","Torii","Orichalcum","Blue Candle"],"card_choices":[{"not_picked":["Metallicize","Intimidate"],"picked":"Hemokinesis"},{"not_picked":["Rupture","Exhume"],"picked":"Iron Wave"},{"not_picked":["Burning Pact","Cleave"],"picked":"Thunderclap"},{"not_picked":["Thunderclap","Iron Wave"],"picked":"Clash"},{"not_picked":["Headbutt","Clash"],"picked":"Whirlwind"},{"not_picked":["Heavy Blade","Warcry"],"picked":"Flame Barrier"},{"not_picked":["Exhume","Impervious"],"picked":"Demon Form"},{"not_picked":["Anger","Shrug It Off"],"picked":"Searing Blow"},{"not_picked":["Ghostly Armor","Thunderclap"],"picked":"Pommel Strike"},{"not_picked":["Reckless Charge","True Grit"],"picked":"Clash"},{"not_picked":["Perfected Strike","Battle Trance"],"picked":"Flame Barrier"},{"not_picked":["Cleave","Clothesline"],"picked":"Brutality"},{"not_picked":["Impervious","Double Tap"],"picked":"Limit Break"},{"not_picked":["Thunderclap","Flex"],"picked":"Hemokinesis"},{"not_picked":["Havoc","Flex"],"picked":"Cleave"},{"not_picked":["Twin Strike","Entrench"],"picked":"Shockwave"},{"not_picked":["Rampage","Reckless Charge"],"picked":"Body Slam"}],"player_experience":412529,"potions_floor_usage":[10,16,16,24,24,31,35,38,40,40,50,50],"damage_taken":[{"damage":1,"enemies":"Cultist","floor":1,"turns":3},{"damage":4,"enemies":"2 Louse","floor":4,"turns":2},{"damage":3,"enemies":"Jaw Worm","floor":5,"turns":2},{"damage":2,"enemies":"Blue Slaver","floor":10,"turns":1},{"damage":19,"enemies":"Gremlin Gang","floor":12,"turns":3},{"damage":0,"enemies":"Exordium Wildlife","floor":13,"turns":2},{"damage":12,"enemies":"Slime Boss","floor":16,"turns":6},{"damage":0,"enemies":"3 Byrds","floor":18,"turns":3},{"damage":4,"enemies":"Spheric Guardian","floor":19,"turns":4},{"damage":3,"enemies":"Snake Plant","floor":22,"turns":4},{"damage":17,"enemies":"Book of Stabbing","floor":24,"turns":5},{"damage":8,"enemies":"Snecko","floor":28,"turns":3},{"damage":11,"enemies":"Centurion and Healer","floor":30,"turns":4},{"damage":2,"enemies":"Snake Plant","floor":31,"turns":1},{"damage":15,"enemies":"Champ","floor":33,"turns":8},{"damage":18,"enemies":"3 Darklings","floor":35,"turns":5},{"damage":10,"enemies":"3 Shapes","floor":36,"turns":4},{"damage":39,"enemies":"Maw","floor":38,"turns":7},{"damage":6,"enemies":"Giant Head","floor":40,"turns":5},{"damage":43,"enemies":"4 Shapes","floor":46,"turns":5},{"damage":6,"enemies":"Sphere and 2 Shapes","floor":48,"turns":2},{"damage":50,"enemies":"Time Eater","floor":50,"turns":7}],"event_choices":[{"event_name":"Living Wall","player_choice":"Grow","floor":2,"damage_taken":0},{"event_name":"Golden Shrine","player_choice":"Desecrate","floor":3,"damage_taken":0},{"event_name":"Wheel of Change","player_choice":"Card Removal","floor":7,"damage_taken":0},{"event_name":"The Woman in Blue","player_choice":"Bought 2 Potions","floor":14,"damage_taken":0},{"event_name":"Beggar","player_choice":"Gave Gold","floor":20,"damage_taken":0},{"event_name":"Accursed Blacksmith","player_choice":"Forge","floor":21,"damage_taken":0},{"event_name":"Winding Halls","player_choice":"Writhe","floor":37,"damage_taken":0},{"event_name":"Golden Shrine","player_choice":"Desecrate","floor":42,"damage_taken":0}],"boss_relics":[{"not_picked":["Runic Dome","Runic Pyramid"],"picked":"Runic Cube"},{"not_picked":["Velvet Choker","Orrery"],"picked":"Lizard Tail"}],"potions_floor_spawned":[1,13,18,28,30,33,36,38,48],"seed_played":"9145055285240404418","ascension_level":0,"is_trial":false}