{"path_per_floor":["M","?","?","?","$","R","?","E","T","M","R","E","R","M","R","B",null,"M","M"],"character_chosen":"IRONCLAD","items_purchased":["Bag of Marbles"],"gold_per_floor":[110,110,185,185,37,37,37,71,71,81,81,113,113,132,132,234,234,251,216,216],"floor_reached":20,"campfire_rested":2,"playtime":703,"current_hp_per_floor":[70,70,59,52,52,76,60,65,65,74,74,69,69,66,80,29,67,34,37,0],"items_purged":[],"gold":216,"score":288,"play_id":"febdacfe-87df-48a4-b027-9fac80207d94","local_time":"20180326170201","is_prod":false,"is_daily":false,"is_ascension_mode":true,"campfire_upgraded":2,"timestamp":1522098121,"path_taken":["M","?","?","?","$","R","?","E","T","M","R","E","R","?","R","BOSS","M","M","?"],"build_version":"2018-03-22v2","purchased_purges":0,"victory":false,"master_deck":["Strike_R","Strike_R","Strike_R+1","Strike_R","Strike_R","Defend_R+1","Defend_R+1","Defend_R+1","Defend_R+1","Bash+1","AscendersBane","Bludgeon+1","Bludgeon+1","Impervious+1","Shrug It Off+1","Inflame","Entrench+1"],"max_hp_per_floor":[80,80,80,80,80,80,80,80,80,80,80,80,80,80,80,80,80,80,80,80],"relics":["Burning Blood","War Paint","Bag of Marbles","Shuriken","Magic Flower","Toxic Egg 2","Orrery"],"card_choices":[{"not_picked":["Sword Boomerang","Infernal Blade"],"picked":"Bludgeon","floor":1},{"not_picked":["Clothesline","Second Wind"],"picked":"Bludgeon","floor":12},{"not_picked":["Immolate","Demon Form"],"picked":"Impervious","floor":16},{"not_picked":["Burning Pact","Cleave"],"picked":"Shrug It Off","floor":17},{"not_picked":["Heavy Blade","Uppercut"],"picked":"Inflame","floor":17},{"not_picked":["Warcry","Uppercut"],"picked":"Entrench","floor":18}],"player_experience":608149,"potions_floor_usage":[12,16],"damage_taken":[{"damage":8,"enemies":"Jaw Worm","floor":1,"turns":4},{"damage":1,"enemies":"Gremlin Nob","floor":8,"turns":3},{"damage":0,"enemies":"2 Louse","floor":10,"turns":2},{"damage":14,"enemies":"Lagavulin","floor":12,"turns":4},{"damage":12,"enemies":"Small Slimes","floor":14,"turns":2},{"damage":60,"enemies":"Hexaghost","floor":16,"turns":6},{"damage":42,"enemies":"3 Byrds","floor":18,"turns":8},{"damage":6,"enemies":"2 Thieves","floor":19,"turns":5},{"damage":46,"enemies":"Slaver and Parasite","floor":20,"turns":13}],"event_choices":[{"event_name":"Living Wall","player_choice":"Grow","floor":2,"damage_taken":0},{"event_name":"World of Goop","player_choice":"Gather Gold","floor":3,"damage_taken":0},{"event_name":"Scrap Ooze","player_choice":"success","floor":4,"damage_taken":7},{"event_name":"Shining Light","player_choice":"Entered Light","floor":7,"damage_taken":0}],"boss_relics":[{"not_picked":["Mark of Pain","Pandora\u0027s Box"],"picked":"Orrery"}],"potions_floor_spawned":[8,14],"seed_played":"8041403809136747696","killed_by":"Slaver and Parasite","ascension_level":12,"is_trial":false}