{"gold_per_floor":[115,127,202,215,215,215,241,256,256,256,162,180,180,199,199,304,304,317,327,182,200,215,215,232,232,232,232,159,159,193,220,220,220],"floor_reached":33,"playtime":1449,"items_purged":["Strike_G"],"score":267,"play_id":"1210ecc5-5d0e-46d0-a82f-747f9b826b54","local_time":"20190313110850","is_ascension_mode":false,"campfire_choices":[{"data":"Glass Knife","floor":6.0,"key":"SMITH"},{"floor":13.0,"key":"REST"},{"floor":15.0,"key":"REST"},{"data":"Accuracy","floor":23.0,"key":"SMITH"},{"floor":25.0,"key":"REST"},{"floor":29.0,"key":"REST"},{"data":"Accuracy","floor":32,"key":"SMITH"}],"neow_cost":"CURSE","seed_source_timestamp":0,"circlet_count":0,"master_deck":["Defend_G","Defend_G","Defend_G","Defend_G","Defend_G","Strike_G","Strike_G","Strike_G","Survivor","Neutralize","Glass Knife+1","Cloak And Dagger","Underhanded Strike","Tactician","Leg Sweep","All Out Attack","Heel Hook","Blade Dance","Infinite Blades","Terror","Acrobatics","Glass Knife","Dagger Throw","Slice","Accuracy+1","Corpse Explosion","Caltrops+1","Outmaneuver+1","Accuracy+1","Blade Dance"],"special_seed":0,"relics":["Ring of the Snake","Tough Bandages","Sundial","WristBlade","Red Mask","Pantograph"],"potions_floor_usage":[30,31],"damage_taken":[{"damage":4.0,"enemies":"2 Louse","floor":1.0,"turns":2.0},{"damage":0.0,"enemies":"Small Slimes","floor":2.0,"turns":3.0},{"damage":0.0,"enemies":"Cultist","floor":4.0,"turns":3.0},{"damage":38.0,"enemies":"Lagavulin","floor":7.0,"turns":6.0},{"damage":0.0,"enemies":"Looter","floor":8.0,"turns":4.0},{"damage":0.0,"enemies":"Red Slaver","floor":12.0,"turns":3.0},{"damage":0.0,"enemies":"Lots of Slimes","floor":14.0,"turns":1.0},{"damage":37.0,"enemies":"Hexaghost","floor":16.0,"turns":10.0},{"damage":0.0,"enemies":"Spheric Guardian","floor":18.0,"turns":3.0},{"damage":1.0,"enemies":"2 Thieves","floor":19.0,"turns":2.0},{"damage":17.0,"enemies":"Snecko","floor":21.0,"turns":4.0},{"damage":7.0,"enemies":"Centurion and Healer","floor":22.0,"turns":4.0},{"damage":22.0,"enemies":"Chosen and Byrds","floor":24.0,"turns":4.0},{"damage":0,"enemies":"Masked Bandits","floor":30,"turns":2},{"damage":27,"enemies":"Slavers","floor":31,"turns":6},{"damage":69,"enemies":"Champ","floor":33,"turns":9}],"seed_played":"4976085282367541083","potions_obtained":[{"floor":1.0,"key":"Strength Potion"},{"floor":14.0,"key":"Fire Potion"},{"floor":16.0,"key":"Energy Potion"},{"floor":18.0,"key":"Fire Potion"},{"floor":19.0,"key":"Poison Potion"},{"floor":22.0,"key":"FearPotion"},{"floor":30,"key":"Block Potion"}],"is_trial":false,"path_per_floor":["M","M","?","M","?","R","E","M","T","?","$","M","R","M","R","B",null,"M","M","$","M","M","R","M","R","T","?","$","R","?","E","R","B"],"character_chosen":"THE_SILENT","items_purchased":["Blade Dance","Infinite Blades","Accuracy","Accuracy"],"campfire_rested":4,"item_purchase_floors":[11,11,20,28],"current_hp_per_floor":[66,66,55,55,55,55,17,17,17,17,17,17,38,38,59,22,70,70,69,69,52,45,45,23,44,44,44,44,65,65,38,38,0],"gold":220,"neow_bonus":"THREE_RARE_CARDS","is_prod":false,"is_daily":false,"chose_seed":false,"campfire_upgraded":3,"win_rate":0,"timestamp":1552489730,"path_taken":["M","M","?","M","?","R","E","?","T","?","$","?","R","M","R","BOSS","M","M","$","M","?","R","M","R","T","?","$","R","?","E","R","BOSS"],"build_version":"2019-01-23","purchased_purges":1,"victory":false,"max_hp_per_floor":[70,70,70,70,70,70,70,70,70,70,70,70,70,70,70,70,70,70,70,70,70,70,70,70,70,70,70,70,70,70,70,70,70],"card_choices":[{"not_picked":["Wraith Form v2","A Thousand Cuts"],"picked":"Glass Knife","floor":0.0},{"not_picked":["Slice","Deadly Poison"],"picked":"Cloak And Dagger","floor":1.0},{"not_picked":["Noxious Fumes","Acrobatics"],"picked":"Underhanded Strike","floor":2.0},{"not_picked":["Escape Plan","Bane"],"picked":"Tactician","floor":4.0},{"not_picked":["Flying Knee","Dash"],"picked":"Leg Sweep","floor":7.0},{"not_picked":["Deadly Poison","Calculated Gamble"],"picked":"All Out Attack","floor":8.0},{"not_picked":["Well Laid Plans","Dagger Throw"],"picked":"Terror","floor":12.0},{"not_picked":["Noxious Fumes","Outmaneuver"],"picked":"Acrobatics","floor":14.0},{"not_picked":["Unload","Envenom"],"picked":"Glass Knife","floor":16.0},{"not_picked":["PiercingWail","Sucker Punch"],"picked":"Dagger Throw","floor":18.0},{"not_picked":["Dagger Spray+1","Crippling Poison"],"picked":"Slice","floor":19.0},{"not_picked":["Endless Agony","Masterful Stab+1"],"picked":"Corpse Explosion","floor":21.0},{"not_picked":["Dagger Throw","Flying Knee"],"picked":"Caltrops+1","floor":22.0},{"not_picked":["Predator+1","Deflect"],"picked":"Outmaneuver+1","floor":24.0},{"not_picked":["Skewer","Underhanded Strike"],"picked":"Blade Dance","floor":31}],"player_experience":661744,"relics_obtained":[{"floor":7.0,"key":"Tough Bandages"},{"floor":9.0,"key":"Sundial"},{"floor":30,"key":"Red Mask"},{"floor":31,"key":"Pantograph"}],"event_choices":[{"damage_healed":0.0,"max_hp_gain":0.0,"max_hp_loss":0.0,"gold_gain":75.0,"event_name":"World of Goop","player_choice":"Gather Gold","floor":3.0,"gold_loss":0.0,"damage_taken":11.0},{"cards_removed":["Writhe"],"damage_healed":0.0,"max_hp_gain":0.0,"max_hp_loss":0.0,"gold_gain":0.0,"event_name":"Fountain of Cleansing","player_choice":"Removed Curses","floor":5.0,"gold_loss":0.0,"damage_taken":0.0},{"damage_healed":0.0,"max_hp_gain":0.0,"max_hp_loss":0.0,"gold_gain":0.0,"cards_transformed":["Strike_G"],"event_name":"Transmorgrifier","player_choice":"Transformed","floor":10.0,"gold_loss":0.0,"damage_taken":0.0,"cards_obtained":["Heel Hook"]},{"damage_healed":0.0,"max_hp_gain":0.0,"max_hp_loss":0.0,"gold_gain":0.0,"event_name":"Cursed Tome","player_choice":"Ignored","floor":27.0,"gold_loss":0.0,"damage_taken":0.0},{"damage_healed":0,"gold_gain":0,"player_choice":"Fought Bandits","damage_taken":0,"max_hp_gain":0,"max_hp_loss":0,"event_name":"Masked Bandits","floor":30,"gold_loss":0}],"is_beta":false,"boss_relics":[{"not_picked":["Empty Cage","Runic Dome"],"picked":"WristBlade"}],"items_purged_floors":[20],"is_endless":false,"potions_floor_spawned":[1,14,16,18,19,22,30],"killed_by":"Champ","ascension_level":0}