{"gold_per_floor":[117,128,144,159,0,33,33,33,33,68,21,55,55,70,70,70],"floor_reached":16,"playtime":842,"items_purged":[],"score":240,"play_id":"56481549-2826-4061-ba2c-a2ca66c2594f","local_time":"20190502134105","is_ascension_mode":true,"campfire_choices":[{"data":"Finisher","floor":7,"key":"SMITH"},{"data":"Crippling Poison","floor":15,"key":"SMITH"}],"neow_cost":"NONE","seed_source_timestamp":848231534310794,"circlet_count":0,"master_deck":["AscendersBane","Defend_G","Defend_G","Defend_G","Defend_G","Defend_G","Strike_G","Strike_G","Strike_G","Strike_G","Strike_G","Survivor","Neutralize+1","Backstab","Cloak And Dagger","Skewer","Infinite Blades","Footwork","Crippling Poison+1","Finisher+1","Caltrops","Dagger Throw","Backflip"],"relics":["Ring of the Snake","Bag of Marbles","Paper Crane","Tough Bandages","Question Card"],"potions_floor_usage":[3,6,10,12],"damage_taken":[{"damage":0,"enemies":"Cultist","floor":1,"turns":4},{"damage":7,"enemies":"Jaw Worm","floor":2,"turns":4},{"damage":0,"enemies":"2 Louse","floor":3,"turns":3},{"damage":0,"enemies":"Looter","floor":4,"turns":3},{"damage":22,"enemies":"Gremlin Nob","floor":6,"turns":4},{"damage":11,"enemies":"Lagavulin","floor":10,"turns":6},{"damage":12,"enemies":"3 Sentries","floor":12,"turns":7},{"damage":0,"enemies":"3 Louse","floor":14,"turns":1},{"damage":12,"enemies":"Hexaghost","floor":16,"turns":9}],"seed_played":"-3874083225945478796","potions_obtained":[{"floor":1,"key":"Fruit Juice"},{"floor":2,"key":"Poison Potion"},{"floor":3,"key":"FearPotion"},{"floor":6,"key":"Energy Potion"}],"is_trial":false,"path_per_floor":["M","M","M","M","$","E","R","?","T","E","?","E","$","M","R","B"],"character_chosen":"THE_SILENT","items_purchased":["Footwork","Crippling Poison"],"campfire_rested":0,"item_purchase_floors":[5,5],"current_hp_per_floor":[59,52,57,57,57,35,35,35,35,24,24,12,12,12,12,0],"gold":70,"neow_bonus":"UPGRADE_CARD","is_prod":false,"is_daily":false,"chose_seed":false,"campfire_upgraded":2,"win_rate":0,"timestamp":1556818865,"path_taken":["M","M","M","M","$","E","R","?","T","E","?","E","?","M","R","BOSS"],"build_version":"2019-01-23","purchased_purges":0,"victory":false,"max_hp_per_floor":[66,66,71,71,71,71,71,71,71,71,71,71,71,71,71,71],"card_choices":[{"not_picked":["Poisoned Stab","Riddle With Holes"],"picked":"Backstab","floor":1},{"not_picked":["Setup","Sucker Punch"],"picked":"Cloak And Dagger","floor":2},{"not_picked":["Poisoned Stab","Backflip"],"picked":"Skewer","floor":3},{"not_picked":["Flying Knee","Dagger Throw"],"picked":"Infinite Blades","floor":4},{"not_picked":["Calculated Gamble","Dagger Throw"],"picked":"Finisher","floor":6},{"not_picked":["Deflect","Cloak And Dagger"],"picked":"Caltrops","floor":10},{"not_picked":["Backstab","Dagger Throw","Blade Dance"],"picked":"SKIP","floor":12},{"not_picked":["Backstab","Blade Dance"],"picked":"Dagger Throw","floor":12},{"not_picked":["Outmaneuver","Deflect","Flying Knee"],"picked":"Backflip","floor":14}],"player_experience":2257228,"relics_obtained":[{"floor":6,"key":"Bag of Marbles"},{"floor":9,"key":"Paper Crane"},{"floor":10,"key":"Tough Bandages"},{"floor":12,"key":"Question Card"}],"event_choices":[{"damage_healed":0,"gold_gain":0,"player_choice":"Ignored","damage_taken":0,"max_hp_gain":0,"max_hp_loss":0,"event_name":"Liars Game","floor":8,"gold_loss":0},{"damage_healed":0,"gold_gain":0,"player_choice":"Left Gold","damage_taken":0,"max_hp_gain":0,"max_hp_loss":0,"event_name":"World of Goop","floor":11,"gold_loss":47}],"is_beta":false,"boss_relics":[],"items_purged_floors":[],"is_endless":false,"potions_floor_spawned":[1,2,3,6],"killed_by":"Hexaghost","ascension_level":20}