{"gold_per_floor":[112,30,50,68,2,37,2,2,29,58,75,75,102,18,18,96,96,109,127,127,127,77,77,103,113,138,150,150,177,195,60,60,131,131,141,141,154,169,182,217,217,245,245,256,286,286,303,44,44,44,44,44,44,71,71],"floor_reached":55,"playtime":2408,"items_purged":["Strike_B","Strike_B+1","Strike_B+1","Strike_B+1"],"score":1391,"play_id":"86c27969-cd99-493d-b1ff-d49280d40404","local_time":"20190425000249","is_ascension_mode":true,"campfire_choices":[{"data":"Defragment","floor":8,"key":"SMITH"},{"data":"Hologram","floor":12,"key":"SMITH"},{"data":"Coolheaded","floor":15,"key":"SMITH"},{"data":"Dualcast","floor":23,"key":"SMITH"},{"data":"Defragment","floor":28,"key":"SMITH"},{"floor":32,"key":"REST"},{"floor":41,"key":"RECALL"},{"floor":49,"key":"REST"},{"floor":52,"key":"REST"}],"neow_cost":"NONE","seed_source_timestamp":1241379859639154,"circlet_count":0,"master_deck":["AscendersBane","Defend_B+1","Defend_B+1","Defend_B+1","Defend_B+1","Zap+1","Dualcast+1","Sweeping Beam","Defragment+1","Ball Lightning","Ball Lightning","Genetic Algorithm","Coolheaded+1","Glacier+1","Undo","Core Surge","Defragment+1","Tempest","Conserve Battery+1","Coolheaded","Loop","Electrodynamics","Turbo+1","Static Discharge","Thunder Strike","Apotheosis","Defragment"],"relics":["Cracked Core","Centennial Puzzle","Smiling Mask","Blood Vial","Lantern","Runic Pyramid","Red Mask","PreservedInsect","War Paint","Fusion Hammer","Singing Bowl","Boot","Letter Opener","Kunai"],"potions_floor_usage":[6,16,18,24,33,38,40,44,54],"damage_taken":[{"damage":2,"enemies":"Jaw Worm","floor":1,"turns":3},{"damage":0,"enemies":"Cultist","floor":3,"turns":3},{"damage":7,"enemies":"Small Slimes","floor":4,"turns":2},{"damage":25,"enemies":"3 Sentries","floor":6,"turns":4},{"damage":15,"enemies":"Gremlin Nob","floor":10,"turns":3},{"damage":4,"enemies":"2 Fungi Beasts","floor":11,"turns":3},{"damage":8,"enemies":"Lagavulin","floor":13,"turns":6},{"damage":2,"enemies":"The Guardian","floor":16,"turns":11},{"damage":2,"enemies":"3 Byrds","floor":18,"turns":6},{"damage":5,"enemies":"Shell Parasite","floor":19,"turns":7},{"damage":27,"enemies":"Masked Bandits","floor":24,"turns":6},{"damage":1,"enemies":"Snecko","floor":25,"turns":5},{"damage":0,"enemies":"Snake Plant","floor":27,"turns":3},{"damage":10,"enemies":"Slavers","floor":29,"turns":6},{"damage":0,"enemies":"Centurion and Healer","floor":30,"turns":7},{"damage":10,"enemies":"Automaton","floor":33,"turns":12},{"damage":0,"enemies":"Orb Walker","floor":35,"turns":4},{"damage":0,"enemies":"3 Darklings","floor":37,"turns":4},{"damage":13,"enemies":"Transient","floor":38,"turns":5},{"damage":0,"enemies":"Spire Growth","floor":39,"turns":7},{"damage":0,"enemies":"Reptomancer","floor":40,"turns":6},{"damage":0,"enemies":"Nemesis","floor":42,"turns":6},{"damage":35,"enemies":"Sphere and 2 Shapes","floor":44,"turns":5},{"damage":9,"enemies":"Giant Head","floor":45,"turns":12},{"damage":4,"enemies":"4 Shapes","floor":47,"turns":4},{"damage":30,"enemies":"Donu and Deca","floor":50,"turns":6},{"damage":33,"enemies":"Shield and Spear","floor":54,"turns":3},{"damage":48,"enemies":"The Heart","floor":55,"turns":9}],"seed_played":"-8258767551925589871","potions_obtained":[{"floor":3,"key":"Explosive Potion"},{"floor":4,"key":"Poison Potion"},{"floor":11,"key":"Block Potion"},{"floor":16,"key":"Block Potion"},{"floor":19,"key":"SteroidPotion"},{"floor":27,"key":"Explosive Potion"},{"floor":29,"key":"SkillPotion"},{"floor":37,"key":"Regen Potion"},{"floor":42,"key":"Energy Potion"},{"floor":44,"key":"Fire Potion"}],"is_trial":false,"path_per_floor":["M","$","M","M","?","E","?","R","T","E","M","R","E","$","R","B",null,"M","M","?","?","$","R","?","M","T","M","R","E","M","$","R","B",null,"M","?","M","M","M","E","R","E","T","M","E","?","M","$","R","B",null,"R","$","E","B"],"character_chosen":"DEFECT","items_purchased":["Defragment","Ball Lightning","Undo","Loop","PowerPotion","Apotheosis","Defragment"],"campfire_rested":3,"item_purchase_floors":[2,2,14,31,31,48,48],"current_hp_per_floor":[62,62,62,55,55,30,47,47,47,32,30,30,24,24,24,24,59,59,56,56,56,56,56,31,32,32,34,34,26,28,28,49,41,64,66,66,68,67,69,73,73,73,73,40,33,33,33,33,56,28,65,77,77,46,0],"gold":71,"neow_bonus":"UPGRADE_CARD","is_prod":false,"is_daily":false,"chose_seed":false,"campfire_upgraded":5,"win_rate":0,"timestamp":1556164969,"path_taken":["M","$","M","M","?","E","?","R","T","E","?","R","E","?","R","BOSS","M","M","?","?","$","R","?","M","T","M","R","E","M","$","R","BOSS","M","?","M","?","M","E","R","E","T","M","E","?","M","?","R","BOSS","R","$","E","BOSS"],"build_version":"2019-04-23","purchased_purges":4,"victory":false,"max_hp_per_floor":[71,71,71,71,71,71,71,71,71,71,71,71,71,71,71,71,71,71,71,71,71,71,71,71,71,71,71,71,71,71,71,71,71,71,71,71,71,71,71,73,73,73,73,75,75,75,77,77,77,77,77,77,77,79,79],"card_choices":[{"not_picked":["Stack","Scrape"],"picked":"Sweeping Beam","floor":1},{"not_picked":["Go for the Eyes","Streamline"],"picked":"Ball Lightning","floor":3},{"not_picked":["Recycle","Ball Lightning"],"picked":"Genetic Algorithm","floor":4},{"not_picked":["Turbo","Ball Lightning","Auto Shields"],"picked":"SKIP","floor":6},{"not_picked":["Beam Cell","Stack"],"picked":"Coolheaded","floor":10},{"not_picked":["Compile Driver","Recycle"],"picked":"Hologram","floor":11},{"not_picked":["Cold Snap","Hyperbeam"],"picked":"Glacier","floor":13},{"not_picked":["Amplify","All For One"],"picked":"Core Surge","floor":16},{"not_picked":["Undo","Ball Lightning"],"picked":"Defragment","floor":18},{"not_picked":["Hologram","Redo"],"picked":"Tempest","floor":19},{"not_picked":["Barrage","Beam Cell","Hologram"],"picked":"SKIP","floor":25},{"not_picked":["Fusion","Core Surge"],"picked":"Conserve Battery","floor":27},{"not_picked":["Stack","Rebound","Aggregate"],"picked":"SKIP","floor":29},{"not_picked":["Barrage","Lockon"],"picked":"Coolheaded","floor":30},{"not_picked":["Meteor Strike","Reboot"],"picked":"Electrodynamics","floor":33},{"not_picked":["Hologram","Compile Driver","Blizzard"],"picked":"SKIP","floor":35},{"not_picked":["Rebound","Ball Lightning","Aggregate+1"],"picked":"SKIP","floor":37},{"not_picked":["Sweeping Beam+1","Tempest","Steam"],"picked":"SKIP","floor":38},{"not_picked":["Conserve Battery","Rebound"],"picked":"Turbo+1","floor":39},{"not_picked":["Barrage","Force Field","Beam Cell+1"],"picked":"Singing Bowl","floor":40},{"not_picked":["Ball Lightning","Cold Snap"],"picked":"Static Discharge","floor":42},{"not_picked":["Doom and Gloom","Ball Lightning+1","Steam Power"],"picked":"Singing Bowl","floor":44},{"not_picked":["Storm","Stack+1"],"picked":"Thunder Strike","floor":45},{"not_picked":["Leap","Heatsinks+1","Conserve Battery"],"picked":"Singing Bowl","floor":47},{"not_picked":["Steam Power+1","Leap","Skim"],"picked":"Singing Bowl","floor":54}],"player_experience":2456085,"relics_obtained":[{"floor":6,"key":"Centennial Puzzle"},{"floor":9,"key":"Smiling Mask"},{"floor":10,"key":"Blood Vial"},{"floor":13,"key":"Lantern"},{"floor":24,"key":"Red Mask"},{"floor":26,"key":"PreservedInsect"},{"floor":29,"key":"War Paint"},{"floor":40,"key":"Singing Bowl"},{"floor":42,"key":"Boot"},{"floor":45,"key":"Letter Opener"},{"floor":54,"key":"Kunai"}],"event_choices":[{"damage_healed":0,"gold_gain":0,"player_choice":"Left Gold","damage_taken":0,"max_hp_gain":0,"max_hp_loss":0,"event_name":"World of Goop","floor":5,"gold_loss":66},{"damage_healed":17,"gold_gain":0,"player_choice":"Healed","damage_taken":0,"max_hp_gain":0,"max_hp_loss":0,"event_name":"The Cleric","floor":7,"gold_loss":35},{"damage_healed":0,"gold_gain":0,"player_choice":"Ignored","damage_taken":0,"max_hp_gain":0,"max_hp_loss":0,"event_name":"The Mausoleum","floor":20,"gold_loss":0},{"damage_healed":0,"gold_gain":0,"player_choice":"Simplicity","damage_taken":0,"max_hp_gain":0,"max_hp_loss":0,"event_name":"Back to Basics","floor":21,"gold_loss":0,"cards_upgraded":["Strike_B","Strike_B","Strike_B","Defend_B","Defend_B","Defend_B","Defend_B"]},{"damage_healed":0,"gold_gain":0,"player_choice":"Fought Bandits","damage_taken":0,"max_hp_gain":0,"max_hp_loss":0,"event_name":"Masked Bandits","floor":24,"gold_loss":0},{"damage_healed":0,"gold_gain":0,"player_choice":"Ignored","damage_taken":0,"max_hp_gain":0,"max_hp_loss":0,"event_name":"SecretPortal","floor":36,"gold_loss":0},{"cards_removed":["Hologram"],"damage_healed":0,"gold_gain":0,"player_choice":"Removed Skill","damage_taken":0,"max_hp_gain":0,"max_hp_loss":0,"event_name":"Falling","floor":46,"gold_loss":0}],"is_beta":true,"boss_relics":[{"not_picked":["FrozenCore","Eternal Feather"],"picked":"Runic Pyramid"},{"not_picked":["Runic Dome","Busted Crown"],"picked":"Fusion Hammer"}],"items_purged_floors":[14,22,31,48],"is_endless":false,"potions_floor_spawned":[3,4,11,16,19,27,29,37,42,44,45,47],"killed_by":"The Heart","ascension_level":15}