{"gold_per_floor":[110,124,142,142,162,237,237,237,286,256,315,325,325,325],"floor_reached":14,"playtime":589,"items_purged":[],"score":184,"play_id":"694c4301-cef3-4ce5-b79b-d36bb84e33ae","local_time":"20190423221350","is_ascension_mode":true,"campfire_choices":[{"data":"Poisoned Stab","floor":7,"key":"SMITH"},{"floor":13,"key":"REST"}],"neow_cost":"NONE","seed_source_timestamp":101601211574763,"circlet_count":0,"master_deck":["AscendersBane","Defend_G","Defend_G","Defend_G","Defend_G","Defend_G","Strike_G","Strike_G","Strike_G","Strike_G","Survivor","Neutralize","Backflip","Skewer","Cloak And Dagger","Poisoned Stab+1","Underhanded Strike","Malaise","Dagger Spray"],"relics":["Ring of the Snake","The Specimen","Pen Nib","Tiny Chest"],"potions_floor_usage":[3,5,14],"damage_taken":[{"damage":6,"enemies":"Cultist","floor":1,"turns":5},{"damage":1,"enemies":"Small Slimes","floor":2,"turns":5},{"damage":0,"enemies":"Jaw Worm","floor":3,"turns":4},{"damage":11,"enemies":"Lots of Slimes","floor":5,"turns":5},{"damage":1,"enemies":"Exordium Thugs","floor":10,"turns":4},{"damage":31,"enemies":"3 Sentries","floor":11,"turns":12},{"damage":0,"enemies":"Exordium Wildlife","floor":12,"turns":2},{"damage":25,"enemies":"Gremlin Nob","floor":14,"turns":4}],"seed_played":"593793274233759688","potions_obtained":[{"floor":1,"key":"EssenceOfSteel"},{"floor":2,"key":"Block Potion"},{"floor":3,"key":"Strength Potion"},{"floor":11,"key":"Strength Potion"},{"floor":12,"key":"Weak Potion"}],"is_trial":false,"path_per_floor":["M","M","M","T","M","?","R","?","T","M","E","M","R","E"],"character_chosen":"THE_SILENT","items_purchased":[],"campfire_rested":1,"item_purchase_floors":[],"current_hp_per_floor":[59,58,58,58,47,36,36,36,36,35,4,4,25,0],"gold":325,"neow_bonus":"TEN_PERCENT_HP_BONUS","is_prod":false,"is_daily":false,"chose_seed":false,"campfire_upgraded":1,"win_rate":0,"timestamp":1556072030,"path_taken":["M","?","M","?","?","?","R","?","T","?","E","M","R","E"],"build_version":"2019-01-23","purchased_purges":0,"victory":false,"max_hp_per_floor":[72,72,72,72,72,72,72,72,72,72,72,72,72,72],"card_choices":[{"not_picked":["Expertise","Acrobatics"],"picked":"Backflip","floor":1},{"not_picked":["Sucker Punch","Expertise"],"picked":"Skewer","floor":2},{"not_picked":["Bane","Accuracy"],"picked":"Cloak And Dagger","floor":3},{"not_picked":["Deflect","Sucker Punch"],"picked":"Poisoned Stab","floor":5},{"not_picked":["Calculated Gamble","Deflect"],"picked":"Malaise","floor":10},{"not_picked":["Concentrate","Underhanded Strike"],"picked":"Dagger Spray","floor":11},{"not_picked":["Quick Slash","Cloak And Dagger","Prepared"],"picked":"SKIP","floor":12}],"player_experience":1895807,"relics_obtained":[{"floor":4,"key":"The Specimen"},{"floor":9,"key":"Pen Nib"},{"floor":11,"key":"Tiny Chest"}],"event_choices":[{"damage_healed":0,"gold_gain":75,"player_choice":"Gather Gold","damage_taken":11,"max_hp_gain":0,"max_hp_loss":0,"event_name":"World of Goop","floor":6,"gold_loss":0},{"damage_healed":0,"gold_gain":0,"cards_transformed":["Strike_G"],"player_choice":"Transformed","damage_taken":0,"max_hp_gain":0,"max_hp_loss":0,"event_name":"Transmorgrifier","floor":8,"gold_loss":0,"cards_obtained":["Underhanded Strike"]}],"is_beta":false,"boss_relics":[],"items_purged_floors":[],"is_endless":false,"potions_floor_spawned":[1,2,3,11,12],"killed_by":"Gremlin Nob","ascension_level":20}