{"path_per_floor":["M","$","M","M","?","R","M","R","T","?","M","$","M","?","R","B",null,"M","?","$","?","M","M","?","?","T","M","M","R","M","M","R","B",null,"M","?","?","?","$","R","M","M","T","$","M","$","R","?","R"],"character_chosen":"THE_SILENT","items_purchased":["Caltrops","Noxious Fumes","Dexterity Potion","Ancient Potion"],"gold_per_floor":[20,20,33,50,50,50,68,68,68,68,85,10,27,102,102,203,203,218,218,43,43,48,63,63,63,63,82,94,94,114,124,124,225,225,242,242,242,242,46,46,60,79,102,0,12,12,12,12,12,12],"floor_reached":50,"campfire_rested":2,"playtime":1928,"current_hp_per_floor":[84,84,83,83,83,83,78,78,78,78,78,78,78,67,67,42,84,76,76,76,60,63,36,36,36,36,36,23,49,35,24,50,50,89,44,78,78,78,78,78,61,61,61,61,47,47,47,47,47,0],"items_purged":["Strike_G","Strike_G","Strike_G"],"gold":12,"score":534,"play_id":"97208e9a-f2e3-4436-8657-baa949e7deb7","local_time":"20180408143825","is_prod":false,"is_daily":false,"is_ascension_mode":false,"campfire_upgraded":6,"timestamp":1523212705,"path_taken":["M","?","M","M","?","R","M","R","T","?","?","?","M","?","R","BOSS","M","?","$","?","M","M","?","?","T","?","M","R","M","M","R","BOSS","M","?","?","?","$","R","M","M","T","$","?","?","R","?","R","BOSS"],"build_version":"2018-04-05v2","purchased_purges":3,"victory":false,"master_deck":["Defend_G","Defend_G","Defend_G","Defend_G","Defend_G","Strike_G","Strike_G","Survivor+1","Neutralize+1","Dagger Spray+1","Bouncing Flask+1","Catalyst+1","After Image+1","Blur+1","Caltrops","Blur+1","Deadly Poison+1","Blur+1","Footwork+1","Noxious Fumes+1"],"max_hp_per_floor":[84,84,84,84,84,84,84,84,84,84,84,84,84,84,84,84,84,84,84,84,89,89,89,89,89,89,89,89,89,89,89,89,89,89,89,78,78,78,78,78,78,78,78,78,78,78,78,78,78,78],"relics":["Ring of the Snake"],"card_choices":[{"not_picked":["Dagger Throw","All Out Attack"],"picked":"Dagger Spray","floor":1},{"not_picked":["Footwork","Flying Knee"],"picked":"Bouncing Flask","floor":3},{"not_picked":["Sucker Punch","Choke"],"picked":"Catalyst","floor":11},{"not_picked":["Grand Finale","Die Die Die"],"picked":"After Image","floor":16},{"not_picked":["Prepared","Quick Slash"],"picked":"Blur","floor":18},{"not_picked":["Dagger Throw","Dagger Spray"],"picked":"Blur","floor":22},{"not_picked":["Escape Plan","Flying Knee"],"picked":"Deadly Poison","floor":23},{"not_picked":["Predator","Outmaneuver"],"picked":"Blur","floor":31},{"not_picked":["Cloak And Dagger","Deadly Poison"],"picked":"Footwork","floor":35}],"player_experience":756788,"potions_floor_usage":[13,18,22,23,27,30,31,33,45,45,50],"damage_taken":[{"damage":0,"enemies":"Cultist","floor":1,"turns":5},{"damage":1,"enemies":"2 Louse","floor":3,"turns":3},{"damage":0,"enemies":"Jaw Worm","floor":4,"turns":3},{"damage":5,"enemies":"Looter","floor":7,"turns":3},{"damage":0,"enemies":"3 Louse","floor":11,"turns":2},{"damage":0,"enemies":"Gremlin Gang","floor":13,"turns":1},{"damage":25,"enemies":"The Guardian","floor":16,"turns":5},{"damage":8,"enemies":"Chosen","floor":18,"turns":5},{"damage":12,"enemies":"2 Thieves","floor":22,"turns":5},{"damage":27,"enemies":"Cultist and Chosen","floor":23,"turns":8},{"damage":0,"enemies":"Snecko","floor":27,"turns":4},{"damage":13,"enemies":"Snake Plant","floor":28,"turns":5},{"damage":14,"enemies":"Cultist and Chosen","floor":30,"turns":7},{"damage":11,"enemies":"Sentry and Sphere","floor":31,"turns":6},{"damage":0,"enemies":"Champ","floor":33,"turns":15},{"damage":45,"enemies":"3 Darklings","floor":35,"turns":9},{"damage":17,"enemies":"Orb Walker","floor":41,"turns":5},{"damage":0,"enemies":"Maw","floor":42,"turns":6},{"damage":14,"enemies":"4 Shapes","floor":45,"turns":9},{"damage":51,"enemies":"Time Eater","floor":50,"turns":12}],"event_choices":[{"event_name":"Living Wall","player_choice":"Grow","floor":5,"damage_taken":0},{"event_name":"Accursed Blacksmith","player_choice":"Forge","floor":10,"damage_taken":0},{"event_name":"World of Goop","player_choice":"Gather Gold","floor":14,"damage_taken":0},{"event_name":"Addict","player_choice":"Ignored","floor":19,"damage_taken":0},{"event_name":"Forgotten Altar","player_choice":"Shed Blood","floor":21,"damage_taken":0},{"event_name":"Cursed Tome","player_choice":"Ignored","floor":24,"damage_taken":0},{"event_name":"The Mausoleum","player_choice":"No","floor":25,"damage_taken":0},{"event_name":"The Moai Head","player_choice":"Heal","floor":36,"damage_taken":0},{"event_name":"Tomb of Lord Red Mask","player_choice":"Ignored","floor":37,"damage_taken":0},{"event_name":"Upgrade Shrine","player_choice":"Upgraded","floor":38,"damage_taken":0},{"event_name":"Mysterious Sphere","player_choice":"Ignore","floor":48,"damage_taken":0}],"boss_relics":[{"not_picked":["Orrery","Tiny House","Pandora\u0027s Box"]},{"not_picked":["Orrery","Tiny House","Pandora\u0027s Box"]}],"potions_floor_spawned":[3,4,7,16,18,23,30,31,33,42],"seed_played":"9068276939520198203","killed_by":"Time Eater","ascension_level":0,"is_trial":false}