{"gold_per_floor":[20,40,5,15,34,63,63,24,54,54,74,85,85,104,104,104],"floor_reached":16,"playtime":567,"items_purged":[],"score":208,"play_id":"d606b037-37db-47e4-b5c8-00accc38db43","local_time":"20190318154018","is_ascension_mode":true,"campfire_choices":[{"data":"1","floor":7,"key":"LIFT"},{"data":"2","floor":10,"key":"LIFT"},{"data":"3","floor":13,"key":"LIFT"},{"data":"Flame Barrier","floor":15,"key":"SMITH"}],"neow_cost":"NO_GOLD","seed_source_timestamp":137121240025345,"circlet_count":0,"master_deck":["AscendersBane","Strike_R","Strike_R","Strike_R","Strike_R","Strike_R","Defend_R","Defend_R","Defend_R","Defend_R","Bash","Flame Barrier+1","Headbutt","Cleave","Pommel Strike","Uppercut","Hemokinesis","Pommel Strike","Shrug It Off"],"relics":["Burning Blood","Girya","Red Skull","Tiny Chest"],"potions_floor_usage":[5,6,16],"damage_taken":[{"damage":14,"enemies":"Jaw Worm","floor":1,"turns":4},{"damage":0,"enemies":"2 Louse","floor":2,"turns":4},{"damage":8,"enemies":"Small Slimes","floor":4,"turns":4},{"damage":12,"enemies":"Red Slaver","floor":5,"turns":5},{"damage":54,"enemies":"Gremlin Nob","floor":6,"turns":5},{"damage":0,"enemies":"Looter","floor":11,"turns":2},{"damage":11,"enemies":"Large Slime","floor":12,"turns":4},{"damage":0,"enemies":"2 Fungi Beasts","floor":14,"turns":2},{"damage":43,"enemies":"The Guardian","floor":16,"turns":7}],"seed_played":"3005214446006757312","potions_obtained":[{"floor":1,"key":"SpeedPotion"},{"floor":2,"key":"GamblersBrew"},{"floor":14,"key":"Regen Potion"}],"is_trial":false,"path_per_floor":["M","M","?","M","M","E","R","$","T","R","M","M","R","M","R","B"],"character_chosen":"IRONCLAD","items_purchased":["Uppercut"],"campfire_rested":0,"item_purchase_floors":[8],"current_hp_per_floor":[60,66,75,73,67,19,19,19,19,19,25,20,20,26,26,0],"gold":104,"neow_bonus":"ONE_RARE_RELIC","is_prod":false,"is_daily":false,"chose_seed":false,"campfire_upgraded":1,"win_rate":0,"timestamp":1552938018,"path_taken":["M","M","?","M","M","E","R","?","T","R","M","M","R","M","R","BOSS"],"build_version":"2019-01-23","purchased_purges":0,"victory":false,"max_hp_per_floor":[75,75,75,75,75,75,75,75,75,75,75,75,75,75,75,75],"card_choices":[{"not_picked":["Heavy Blade","Warcry"],"picked":"Flame Barrier","floor":1},{"not_picked":["Power Through","Flex"],"picked":"Headbutt","floor":2},{"not_picked":["Wild Strike","Warcry"],"picked":"Cleave","floor":4},{"not_picked":["Blood for Blood","Havoc","Cleave"],"picked":"SKIP","floor":5},{"not_picked":["Clash","Anger"],"picked":"Pommel Strike","floor":6},{"not_picked":["Combust","Searing Blow"],"picked":"Hemokinesis","floor":11},{"not_picked":["Thunderclap","Havoc"],"picked":"Pommel Strike","floor":12},{"not_picked":["Clash","Exhume"],"picked":"Shrug It Off","floor":14}],"player_experience":1217454,"relics_obtained":[{"floor":6,"key":"Red Skull"},{"floor":9,"key":"Tiny Chest"}],"event_choices":[{"damage_healed":18,"gold_gain":0,"player_choice":"Healed","damage_taken":0,"max_hp_gain":0,"max_hp_loss":0,"event_name":"The Cleric","floor":3,"gold_loss":35}],"is_beta":false,"boss_relics":[],"items_purged_floors":[],"is_endless":false,"potions_floor_spawned":[1,2,14],"killed_by":"The Guardian","ascension_level":20}