{"gold_per_floor":[109,73,129,140,44,44,72,72,72,106,163,163,17,35,35,136,136,156,156,156,156,170,200,7,7],"floor_reached":25,"playtime":1294,"items_purged":[],"score":338,"play_id":"76e897c6-3d88-476e-8c7c-770fdb113686","local_time":"20190430130714","is_ascension_mode":true,"campfire_choices":[{"data":"Neutralize","floor":6,"key":"SMITH"},{"data":"Cloak And Dagger","floor":8,"key":"SMITH"},{"data":"Finisher","floor":15,"key":"SMITH"}],"neow_cost":"CURSE","seed_source_timestamp":1624387872114475,"circlet_count":0,"master_deck":["Defend_G+1","Defend_G+1","Defend_G+1","Defend_G+1","Defend_G+1","Strike_G+1","Strike_G+1","Strike_G+1","Strike_G+1","Strike_G+1","Survivor","Neutralize+1","Regret","Finisher+1","Dash","Endless Agony","Cloak And Dagger+1","Well Laid Plans","Dagger Throw","Underhanded Strike","Dodge and Roll","Outmaneuver","Doppelganger","Shame","Riddle With Holes","PiercingWail+1"],"relics":["Ring of the Snake","Du-Vu Doll","Frozen Egg 2","Pantograph","Sundial","Dodecahedron","Paper Crane","Bag of Preparation","Fusion Hammer","Art of War","Gremlin Horn","Medical Kit"],"potions_floor_usage":[10,16,25],"damage_taken":[{"damage":3,"enemies":"Cultist","floor":1,"turns":4},{"damage":0,"enemies":"Jaw Worm","floor":4,"turns":2},{"damage":7,"enemies":"Gremlin Nob","floor":7,"turns":4},{"damage":0,"enemies":"3 Sentries","floor":10,"turns":4},{"damage":10,"enemies":"Lagavulin Event","floor":11,"turns":5},{"damage":0,"enemies":"Small Slimes","floor":14,"turns":3},{"damage":46,"enemies":"Hexaghost","floor":16,"turns":10},{"damage":1,"enemies":"Chosen","floor":18,"turns":6},{"damage":0,"enemies":"Shell Parasite","floor":22,"turns":2},{"damage":20,"enemies":"Slavers","floor":23,"turns":5},{"damage":37,"enemies":"Gremlin Leader","floor":25,"turns":4}],"seed_played":"2898253507382826089","potions_obtained":[{"floor":1,"key":"Strength Potion"},{"floor":4,"key":"Ancient Potion"},{"floor":14,"key":"Poison Potion"},{"floor":22,"key":"Block Potion"}],"is_trial":false,"path_per_floor":["M","$","?","M","$","R","E","R","T","E","?","T","$","M","R","B",null,"M","?","?","?","M","E","$","E"],"character_chosen":"THE_SILENT","items_purchased":["Dash","Cloak And Dagger","Well Laid Plans","Bag of Preparation","Medical Kit"],"campfire_rested":0,"item_purchase_floors":[2,5,5,13,24],"current_hp_per_floor":[60,60,60,60,60,60,53,53,53,53,43,43,43,43,43,22,58,57,57,57,57,57,37,37,0],"gold":7,"neow_bonus":"ONE_RARE_RELIC","is_prod":false,"is_daily":false,"chose_seed":false,"campfire_upgraded":3,"win_rate":0,"timestamp":1556626034,"path_taken":["M","?","?","M","$","R","E","R","T","E","?","?","?","M","R","BOSS","M","?","?","?","?","E","$","E"],"build_version":"2019-01-23","purchased_purges":0,"victory":false,"max_hp_per_floor":[70,70,70,70,70,70,70,70,70,70,70,70,70,70,70,70,70,70,70,70,70,70,70,70,70],"card_choices":[{"not_picked":["Predator","Acrobatics"],"picked":"Finisher","floor":1},{"not_picked":["Expertise","Blade Dance"],"picked":"Endless Agony","floor":4},{"not_picked":["Prepared","Finisher"],"picked":"Dagger Throw","floor":7},{"not_picked":["Bane","Night Terror"],"picked":"Underhanded Strike","floor":10},{"not_picked":["Bouncing Flask","Dash"],"picked":"Dodge and Roll","floor":11},{"not_picked":["Catalyst","Choke"],"picked":"Outmaneuver","floor":14},{"not_picked":["Glass Knife","Corpse Explosion"],"picked":"Doppelganger","floor":16},{"not_picked":["Catalyst","Underhanded Strike+1","Flechettes"],"picked":"SKIP","floor":18},{"not_picked":["Dagger Spray","Prepared"],"picked":"Riddle With Holes","floor":22},{"not_picked":["Caltrops+1","Skewer+1"],"picked":"PiercingWail+1","floor":23}],"player_experience":257351,"relics_obtained":[{"floor":7,"key":"Frozen Egg 2"},{"floor":9,"key":"Pantograph"},{"floor":10,"key":"Sundial"},{"floor":11,"key":"Dodecahedron"},{"floor":12,"key":"Paper Crane"},{"floor":23,"key":"Gremlin Horn"}],"event_choices":[{"damage_healed":0,"gold_gain":56,"player_choice":"Gained Gold","damage_taken":0,"max_hp_gain":0,"max_hp_loss":0,"event_name":"Golden Wing","floor":3,"gold_loss":0},{"damage_healed":0,"gold_gain":0,"player_choice":"Searched \u00271\u0027 times","damage_taken":0,"max_hp_gain":0,"max_hp_loss":0,"event_name":"Dead Adventurer","floor":11,"gold_loss":0},{"damage_healed":0,"gold_gain":0,"player_choice":"Simplicity","damage_taken":0,"max_hp_gain":0,"max_hp_loss":0,"event_name":"Back to Basics","floor":19,"gold_loss":0,"cards_upgraded":["Defend_G","Defend_G","Defend_G","Defend_G","Defend_G","Strike_G","Strike_G","Strike_G","Strike_G","Strike_G"]},{"damage_healed":0,"gold_gain":0,"player_choice":"Stole Relic","damage_taken":0,"relics_obtained":["Art of War"],"max_hp_gain":0,"max_hp_loss":0,"event_name":"Addict","floor":20,"gold_loss":0,"cards_obtained":["Shame"]},{"damage_healed":0,"gold_gain":0,"player_choice":"Ignored","damage_taken":0,"max_hp_gain":0,"max_hp_loss":0,"event_name":"Vampires","floor":21,"gold_loss":0}],"is_beta":false,"boss_relics":[{"not_picked":["Orrery","Philosopher\u0027s Stone"],"picked":"Fusion Hammer"}],"items_purged_floors":[],"is_endless":false,"potions_floor_spawned":[1,4,14,22],"killed_by":"Gremlin Leader","ascension_level":7}