{"gold_per_floor":[119,138,288,288,307,307,319,353,353,370,370,400,400,433,433,507,507,524,524,524,302,320,320,332,362,431,443,443,462,48,48,48,121,121,132,148,148,172,394,394,394],"floor_reached":41,"playtime":1815,"items_purged":[],"score":918,"play_id":"fe46ae48-7488-4215-bdb8-7042d0e17b94","local_time":"20190414225314","is_ascension_mode":true,"campfire_choices":[{"data":"Neutralize","floor":6,"key":"SMITH"},{"floor":11,"key":"REST"},{"data":"Catalyst","floor":15,"key":"SMITH"},{"floor":23,"key":"DIG"},{"floor":28,"key":"DIG"},{"floor":32,"key":"DIG"},{"floor":40,"key":"DIG"}],"neow_cost":"NONE","seed_source_timestamp":273946229590134,"circlet_count":0,"master_deck":["AscendersBane","Defend_G","Defend_G","Defend_G","Defend_G","Defend_G","Survivor","Neutralize+1","Poisoned Stab","PiercingWail","Noxious Fumes","Dagger Spray","Catalyst+1","Noxious Fumes","Leg Sweep","Leg Sweep","Wraith Form v2","Backstab","Bite","Bite","Bite","Bite","Bite","Caltrops","Glass Knife","Backflip","Backstab","Dodge and Roll","Backstab","Deadly Poison+1","Night Terror","Caltrops","Malaise","PiercingWail","Leg Sweep+1","Writhe"],"relics":["Ring of the Snake","Ornamental Fan","Question Card","Bag of Preparation","Shovel","Runic Dome","MutagenicStrength","Bronze Scales","Red Mask","Pear","Blood Vial","Lantern","Orichalcum","WristBlade","Omamori","Sundial"],"potions_floor_usage":[8,12,12,12,16,24,29],"damage_taken":[{"damage":4,"enemies":"Small Slimes","floor":1,"turns":5},{"damage":2,"enemies":"2 Louse","floor":2,"turns":4},{"damage":4,"enemies":"Jaw Worm","floor":5,"turns":6},{"damage":14,"enemies":"Large Slime","floor":7,"turns":6},{"damage":24,"enemies":"3 Sentries","floor":8,"turns":7},{"damage":0,"enemies":"2 Fungi Beasts","floor":10,"turns":3},{"damage":11,"enemies":"Gremlin Nob","floor":12,"turns":5},{"damage":18,"enemies":"3 Sentries","floor":14,"turns":5},{"damage":18,"enemies":"The Guardian","floor":16,"turns":10},{"damage":32,"enemies":"Chosen","floor":18,"turns":6},{"damage":10,"enemies":"Shell Parasite","floor":22,"turns":6},{"damage":6,"enemies":"Snake Plant","floor":24,"turns":4},{"damage":0,"enemies":"Masked Bandits","floor":25,"turns":3},{"damage":2,"enemies":"Snecko","floor":27,"turns":4},{"damage":0,"enemies":"3 Cultists","floor":29,"turns":5},{"damage":41,"enemies":"Collector","floor":33,"turns":8},{"damage":0,"enemies":"3 Shapes","floor":35,"turns":4},{"damage":32,"enemies":"3 Darklings","floor":36,"turns":6},{"damage":54,"enemies":"Reptomancer","floor":41,"turns":3}],"seed_played":"131367107869870508","potions_obtained":[{"floor":7,"key":"Fire Potion"},{"floor":8,"key":"EntropicBrew"},{"floor":10,"key":"EssenceOfSteel"},{"floor":14,"key":"EssenceOfSteel"},{"floor":18,"key":"GamblersBrew"},{"floor":27,"key":"FearPotion"},{"floor":33,"key":"SpeedPotion"}],"is_trial":false,"path_per_floor":["M","M","?","?","M","R","M","E","T","M","R","E","?","E","R","B",null,"M","?","?","$","M","R","M","?","T","M","R","M","$","?","R","B",null,"M","M","?","T","?","R","E"],"character_chosen":"THE_SILENT","items_purchased":["Caltrops","Glass Knife","Night Terror","Lantern","Caltrops"],"campfire_rested":1,"item_purchase_floors":[21,21,30,30,30],"current_hp_per_floor":[61,59,59,59,55,55,41,17,17,17,38,27,51,33,33,15,58,26,26,26,26,28,28,28,36,46,52,52,60,60,44,44,17,53,59,35,48,48,48,48,0],"gold":394,"neow_bonus":"TEN_PERCENT_HP_BONUS","is_prod":false,"is_daily":false,"chose_seed":false,"campfire_upgraded":2,"win_rate":0,"timestamp":1555296794,"path_taken":["M","M","?","?","M","R","M","E","T","M","R","E","?","E","R","BOSS","M","?","?","$","M","R","M","?","T","M","R","M","$","?","R","BOSS","M","M","?","?","?","R","E"],"build_version":"2019-01-23","purchased_purges":0,"victory":false,"max_hp_per_floor":[72,72,72,72,72,72,72,72,72,72,72,72,72,72,72,72,72,72,72,50,50,50,50,50,50,60,60,60,60,60,65,65,65,65,65,65,65,65,65,65,65],"card_choices":[{"not_picked":["Dagger Throw","Flechettes"],"picked":"Poisoned Stab","floor":1},{"not_picked":["Blur","Dagger Spray"],"picked":"PiercingWail","floor":2},{"not_picked":["Bane","Poisoned Stab"],"picked":"Noxious Fumes","floor":5},{"not_picked":["Blade Dance","Blur"],"picked":"Dagger Spray","floor":7},{"not_picked":["Prepared","Well Laid Plans"],"picked":"Catalyst","floor":8},{"not_picked":["Calculated Gamble","Choke","Blade Dance"],"picked":"Noxious Fumes","floor":10},{"not_picked":["Escape Plan","Prepared","Unload"],"picked":"Leg Sweep","floor":12},{"not_picked":["Expertise","Cloak And Dagger","Glass Knife"],"picked":"Leg Sweep","floor":14},{"not_picked":["Storm of Steel","Glass Knife","Phantasmal Killer"],"picked":"Wraith Form v2","floor":16},{"not_picked":["Dagger Spray","Calculated Gamble","Backflip"],"picked":"Backstab","floor":18},{"not_picked":["Cloak And Dagger","Finisher","Blade Dance"],"picked":"Backflip","floor":22},{"not_picked":["Outmaneuver","Crippling Poison","Flying Knee"],"picked":"Backstab","floor":24},{"not_picked":["Bane","Quick Slash","Dagger Throw"],"picked":"Dodge and Roll","floor":25},{"not_picked":["Deflect","Acrobatics","Catalyst"],"picked":"Backstab","floor":27},{"not_picked":["Underhanded Strike+1","Escape Plan","Cloak And Dagger"],"picked":"Deadly Poison+1","floor":29},{"not_picked":["Bullet Time","Tools of the Trade","Doppelganger"],"picked":"Malaise","floor":33},{"not_picked":["Underhanded Strike","Flying Knee","Deadly Poison"],"picked":"PiercingWail","floor":35},{"not_picked":["Flechettes","Cloak And Dagger","Terror"],"picked":"Leg Sweep+1","floor":36}],"player_experience":1841986,"relics_obtained":[{"floor":8,"key":"Ornamental Fan"},{"floor":9,"key":"Question Card"},{"floor":12,"key":"Bag of Preparation"},{"floor":14,"key":"Shovel"},{"floor":23,"key":"Bronze Scales"},{"floor":25,"key":"Red Mask"},{"floor":26,"key":"Pear"},{"floor":28,"key":"Blood Vial"},{"floor":32,"key":"Orichalcum"},{"floor":38,"key":"Omamori"},{"floor":40,"key":"Sundial"}],"event_choices":[{"damage_healed":0,"gold_gain":150,"player_choice":"AGREE","damage_taken":0,"max_hp_gain":0,"max_hp_loss":0,"event_name":"Liars Game","floor":3,"gold_loss":0,"cards_obtained":["Doubt"]},{"cards_removed":["Doubt"],"damage_healed":0,"gold_gain":0,"player_choice":"Forget","damage_taken":0,"max_hp_gain":0,"max_hp_loss":0,"event_name":"Living Wall","floor":4,"gold_loss":0},{"damage_healed":24,"gold_gain":0,"player_choice":"Banana","damage_taken":0,"max_hp_gain":0,"max_hp_loss":0,"event_name":"Big Fish","floor":13,"gold_loss":0},{"damage_healed":0,"gold_gain":0,"player_choice":"Inject Mutagens","damage_taken":0,"relics_obtained":["MutagenicStrength"],"max_hp_gain":0,"max_hp_loss":0,"event_name":"Drug Dealer","floor":19,"gold_loss":0},{"damage_healed":0,"gold_gain":0,"player_choice":"Became a vampire","damage_taken":0,"max_hp_gain":0,"max_hp_loss":22,"event_name":"Vampires","floor":20,"gold_loss":0,"cards_obtained":["Bite","Bite","Bite","Bite","Bite"]},{"damage_healed":0,"gold_gain":0,"player_choice":"Fought Bandits","damage_taken":0,"max_hp_gain":0,"max_hp_loss":0,"event_name":"Masked Bandits","floor":25,"gold_loss":0},{"damage_healed":0,"gold_gain":0,"player_choice":"Shed Blood","damage_taken":21,"max_hp_gain":5,"max_hp_loss":0,"event_name":"Forgotten Altar","floor":31,"gold_loss":0},{"damage_healed":13,"gold_gain":0,"player_choice":"Writhe","damage_taken":0,"max_hp_gain":0,"max_hp_loss":0,"event_name":"Winding Halls","floor":37,"gold_loss":0,"cards_obtained":["Writhe"]},{"damage_healed":0,"gold_gain":222,"player_choice":"Wore Mask","damage_taken":0,"max_hp_gain":0,"max_hp_loss":0,"event_name":"Tomb of Lord Red Mask","floor":39,"gold_loss":0}],"is_beta":false,"boss_relics":[{"not_picked":["Lizard Tail","White Beast Statue"],"picked":"Runic Dome"},{"not_picked":["Pandora\u0027s Box","Eternal Feather"],"picked":"WristBlade"}],"items_purged_floors":[],"is_endless":false,"potions_floor_spawned":[7,8,10,14,18,22,27,33,35],"killed_by":"Reptomancer","ascension_level":20}