{"gold_per_floor":[209,50,50,61,80,80,94,120,145,145,60,89,109,136,136,209,209,221,44,44,61,81,114,114,146,146,146,146,146,160,35,35,108,108,126,171,171,186,196,196,222,234,534,563,563,563,255,265,265,265,265,265,265,51,51],"floor_reached":55,"playtime":3896,"items_purged":["Strike_G","Strike_G","Pain","Writhe","Strike_G"],"score":2146,"play_id":"ba0104fe-587e-4ddd-8316-53b2c52cedb2","local_time":"20190509143538","is_ascension_mode":true,"campfire_choices":[{"data":"Crippling Poison","floor":6,"key":"SMITH"},{"data":"Footwork","floor":10,"key":"SMITH"},{"data":"Crippling Poison","floor":15,"key":"SMITH"},{"floor":24,"key":"REST"},{"floor":27,"key":"REST"},{"data":"Well Laid Plans","floor":32,"key":"SMITH"},{"floor":40,"key":"REST"},{"floor":46,"key":"RECALL"},{"floor":49,"key":"REST"},{"floor":53,"key":"REST"}],"neow_cost":"NONE","seed_source_timestamp":189734456755451,"circlet_count":0,"master_deck":["AscendersBane","Defend_G","Defend_G","Defend_G","Defend_G","Defend_G+1","Strike_G","Survivor+1","Neutralize","Dagger Spray","Quick Slash","Crippling Poison+1","Escape Plan","Footwork+1","Blur","Crippling Poison+1","Backflip","Die Die Die","Glass Knife","Catalyst","Footwork","Dash","Well Laid Plans+1","Footwork+1","Poisoned Stab","Burst","Footwork+1","Deflect+1","Corpse Explosion","Acrobatics","Dodge and Roll+1","Footwork+1","PiercingWail+1","Noxious Fumes+1","Escape Plan"],"relics":["Ring of the Snake","Odd Mushroom","Vajra","War Paint","FossilizedHelix","Black Star","Pantograph","Bag of Preparation","Frozen Egg 2","Pear","Darkstone Periapt","WarpedTongs","Fusion Hammer","The Specimen","Tingsha","Ornamental Fan","Old Coin","Snake Skull","Smiling Mask","Art of War"],"potions_floor_usage":[8,12,14,14,23,23,44,55],"damage_taken":[{"damage":3,"enemies":"Small Slimes","floor":1,"turns":5},{"damage":2,"enemies":"Jaw Worm","floor":4,"turns":5},{"damage":0,"enemies":"Cultist","floor":5,"turns":4},{"damage":4,"enemies":"Exordium Wildlife","floor":7,"turns":3},{"damage":3,"enemies":"The Mushroom Lair","floor":8,"turns":3},{"damage":25,"enemies":"Gremlin Nob","floor":12,"turns":4},{"damage":0,"enemies":"Looter","floor":13,"turns":5},{"damage":1,"enemies":"Lagavulin","floor":14,"turns":9},{"damage":4,"enemies":"The Guardian","floor":16,"turns":20},{"damage":12,"enemies":"3 Byrds","floor":18,"turns":4},{"damage":11,"enemies":"2 Thieves","floor":21,"turns":4},{"damage":7,"enemies":"Centurion and Healer","floor":22,"turns":8},{"damage":24,"enemies":"Book of Stabbing","floor":23,"turns":7},{"damage":35,"enemies":"Slavers","floor":25,"turns":4},{"damage":1,"enemies":"Snake Plant","floor":30,"turns":6},{"damage":57,"enemies":"Collector","floor":33,"turns":12},{"damage":0,"enemies":"3 Shapes","floor":35,"turns":5},{"damage":19,"enemies":"2 Orb Walkers","floor":36,"turns":5},{"damage":0,"enemies":"Orb Walker","floor":38,"turns":5},{"damage":0,"enemies":"Spire Growth","floor":39,"turns":4},{"damage":27,"enemies":"Giant Head","floor":41,"turns":9},{"damage":0,"enemies":"Jaw Worm Horde","floor":42,"turns":4},{"damage":0,"enemies":"Nemesis","floor":44,"turns":7},{"damage":0,"enemies":"Writhing Mass","floor":48,"turns":5},{"damage":0,"enemies":"Awakened One","floor":50,"turns":23},{"damage":17,"enemies":"Donu and Deca","floor":51,"turns":9},{"damage":96,"enemies":"Shield and Spear","floor":55,"turns":5}],"seed_played":"1724813702986522858","potions_obtained":[{"floor":7,"key":"Fruit Juice"},{"floor":8,"key":"Regen Potion"},{"floor":12,"key":"Regen Potion"},{"floor":14,"key":"AttackPotion"},{"floor":16,"key":"LiquidBronze"},{"floor":18,"key":"PowerPotion"},{"floor":22,"key":"GhostInAJar"},{"floor":30,"key":"FearPotion"},{"floor":33,"key":"Swift Potion"},{"floor":35,"key":"SpeedPotion"},{"floor":36,"key":"Regen Potion"}],"is_trial":false,"path_per_floor":["M","$","?","M","M","R","M","?","T","R","$","E","M","E","R","B",null,"M","$","?","M","M","E","R","E","T","R","?","?","M","$","R","B",null,"M","?","?","M","M","R","E","M","T","E","?","R","$","M","R","B","B",null,"R","$","E"],"character_chosen":"THE_SILENT","items_purchased":["Fire Potion","Quick Slash","Crippling Poison","Footwork","Footwork+1","Art of War","Noxious Fumes+1","Escape Plan"],"campfire_rested":5,"item_purchase_floors":[2,2,11,19,47,47,54,54],"current_hp_per_floor":[56,56,56,54,54,54,50,52,52,52,52,27,27,71,71,67,70,58,58,58,47,40,16,37,12,12,36,42,48,47,47,47,15,74,74,55,55,55,55,82,55,55,55,70,70,70,70,70,88,88,71,84,88,88,0],"gold":51,"neow_bonus":"HUNDRED_GOLD","is_prod":false,"is_daily":false,"chose_seed":false,"campfire_upgraded":4,"win_rate":0,"timestamp":1557437738,"path_taken":["M","$","?","M","M","R","M","?","T","R","?","E","M","E","R","BOSS","M","$","?","M","?","E","R","E","T","R","?","?","?","$","R","BOSS","M","?","?","?","M","R","E","M","T","E","?","R","$","M","R","BOSS","BOSS","R","$","E"],"build_version":"2019-05-07","purchased_purges":5,"victory":false,"max_hp_per_floor":[66,66,66,66,66,66,66,71,71,71,71,71,71,71,71,71,71,71,71,71,71,71,71,71,81,81,81,87,93,93,93,93,93,93,93,93,93,93,93,93,93,93,93,93,88,88,88,88,88,88,88,88,88,88,88],"card_choices":[{"not_picked":["Prepared","Quick Slash"],"picked":"Dagger Spray","floor":1},{"not_picked":["Underhanded Strike","Flying Knee"],"picked":"Crippling Poison","floor":4},{"not_picked":["Riddle With Holes","Slice"],"picked":"Escape Plan","floor":5},{"not_picked":["Concentrate","Dodge and Roll"],"picked":"Footwork","floor":7},{"not_picked":["Expertise","Dagger Throw"],"picked":"Blur","floor":8},{"not_picked":["Dagger Throw","Endless Agony","A Thousand Cuts"],"picked":"SKIP","floor":12},{"not_picked":["Blur","Tactician"],"picked":"Backflip","floor":13},{"not_picked":["Choke","Blade Dance"],"picked":"Die Die Die","floor":14},{"not_picked":["Envenom","Phantasmal Killer"],"picked":"Glass Knife","floor":16},{"not_picked":["Finisher","Cloak And Dagger"],"picked":"Catalyst","floor":18},{"not_picked":["Acrobatics","Quick Slash","Dash"],"picked":"SKIP","floor":21},{"not_picked":["Flying Knee","Cloak And Dagger"],"picked":"Well Laid Plans","floor":22},{"not_picked":["Heel Hook","Flying Knee","Acrobatics"],"picked":"SKIP","floor":23},{"not_picked":["Prepared","Predator+1"],"picked":"Footwork","floor":25},{"not_picked":["Blade Dance","Finisher"],"picked":"Poisoned Stab","floor":30},{"not_picked":["Venomology","Envenom+1"],"picked":"Burst","floor":33},{"not_picked":["Bane","Quick Slash+1","Dagger Spray+1"],"picked":"SKIP","floor":35},{"not_picked":["Bane","Quick Slash+1","Dagger Spray+1"],"picked":"SKIP","floor":35},{"not_picked":["Blur","Caltrops+1"],"picked":"Deflect+1","floor":38},{"not_picked":["Flying Knee","Choke"],"picked":"Corpse Explosion","floor":39},{"not_picked":["Poisoned Stab","Dagger Throw","Dagger Spray"],"picked":"SKIP","floor":41},{"not_picked":["Dagger Spray","Setup"],"picked":"Acrobatics","floor":42},{"not_picked":["Quick Slash","Dash"],"picked":"Dodge and Roll+1","floor":44},{"not_picked":["Backflip","Underhanded Strike"],"picked":"PiercingWail+1","floor":48}],"player_experience":6311249,"relics_obtained":[{"floor":8,"key":"Odd Mushroom"},{"floor":9,"key":"Vajra"},{"floor":12,"key":"War Paint"},{"floor":14,"key":"FossilizedHelix"},{"floor":23,"key":"Pantograph"},{"floor":23,"key":"Bag of Preparation"},{"floor":25,"key":"Frozen Egg 2"},{"floor":25,"key":"Pear"},{"floor":36,"key":"The Specimen"},{"floor":41,"key":"Tingsha"},{"floor":41,"key":"Ornamental Fan"},{"floor":43,"key":"Old Coin"},{"floor":44,"key":"Snake Skull"},{"floor":44,"key":"Smiling Mask"}],"event_choices":[{"damage_healed":0,"gold_gain":0,"player_choice":"Ignored","damage_taken":0,"max_hp_gain":0,"max_hp_loss":0,"event_name":"Liars Game","floor":3,"gold_loss":0},{"damage_healed":0,"gold_gain":0,"player_choice":"Fought Mushrooms","damage_taken":0,"max_hp_gain":0,"max_hp_loss":0,"event_name":"Mushrooms","floor":8,"gold_loss":0},{"damage_healed":0,"gold_gain":0,"cards_transformed":["Strike_G"],"player_choice":"Transformed","damage_taken":0,"max_hp_gain":0,"max_hp_loss":0,"event_name":"Transmorgrifier","floor":20,"gold_loss":0,"cards_obtained":["Dash"]},{"damage_healed":0,"gold_gain":0,"player_choice":"Opened","damage_taken":0,"relics_obtained":["Darkstone Periapt"],"max_hp_gain":0,"max_hp_loss":0,"event_name":"The Mausoleum","floor":28,"gold_loss":0,"cards_obtained":["Writhe"]},{"damage_healed":0,"gold_gain":0,"player_choice":"Rummage","damage_taken":0,"relics_obtained":["WarpedTongs"],"max_hp_gain":0,"max_hp_loss":0,"event_name":"Accursed Blacksmith","floor":29,"gold_loss":0,"cards_obtained":["Pain"]},{"damage_healed":0,"gold_gain":0,"player_choice":"Fight","damage_taken":0,"max_hp_gain":0,"max_hp_loss":0,"event_name":"Mysterious Sphere","floor":36,"gold_loss":0},{"damage_healed":0,"gold_gain":0,"player_choice":"Copied","damage_taken":0,"max_hp_gain":0,"max_hp_loss":0,"event_name":"Duplicator","floor":37,"gold_loss":0,"cards_obtained":["Footwork"]},{"damage_healed":0,"gold_gain":0,"player_choice":"Max HP","damage_taken":0,"max_hp_gain":0,"max_hp_loss":5,"event_name":"Winding Halls","floor":45,"gold_loss":0}],"is_beta":true,"boss_relics":[{"not_picked":["WristBlade","White Beast Statue"],"picked":"Black Star"},{"not_picked":["Pandora\u0027s Box","Lizard Tail"],"picked":"Fusion Hammer"}],"items_purged_floors":[2,19,31,47,54],"is_endless":false,"potions_floor_spawned":[7,8,12,14,16,18,22,30,33,35,36,39,42],"killed_by":"Shield and Spear","ascension_level":20}