{"path_per_floor":["M","$","?","M","M","E","?","M","T","R","E","?","M","M","R","B",null,"M","M","?","?","$","E","R","E","T","M","R","M","?","M","R"],"character_chosen":"IRONCLAD","items_purchased":["Molten Egg 2","Twin Strike","Ginger","Pommel Strike","Wild Strike"],"gold_per_floor":[360,11,11,28,48,78,253,265,289,289,314,314,329,342,342,444,474,489,508,508,508,18,52,52,82,105,119,119,135,135,153,153],"floor_reached":33,"campfire_rested":1,"playtime":2445,"current_hp_per_floor":[80,80,80,80,80,72,72,74,74,74,69,69,75,80,80,56,85,85,84,84,84,84,68,68,31,31,22,47,56,85,85,85],"items_purged":["Pain","Normality"],"gold":153,"play_id":"ee68682e-e5f8-4587-afb5-2966c12fe691","is_prod":false,"is_daily":false,"is_ascension_mode":false,"campfire_upgraded":2,"path_taken":["M","$","?","?","M","E","?","M","T","R","E","?","M","?","R","BOSS","M","M","?","?","$","E","R","E","T","M","R","M","?","M","R","BOSS"],"build_version":"2018-02-01-PROD3","purchased_purges":4,"victory":false,"master_deck":["Strike_R","Strike_R","Strike_R","Strike_R","Strike_R","Defend_R","Defend_R","Defend_R","Defend_R","Bash","Twin Strike+1","Perfected Strike+1","Shrug It Off","Thunderclap+1","Wild Strike+1","Rupture+1","Brutality+1","Perfected Strike+1","Heavy Blade+1","Perfected Strike+1","Pommel Strike+1","Wild Strike+1","Combust","Twin Strike+1","Heavy Blade+1","Pummel+1","Perfected Strike+1"],"max_hp_per_floor":[80,80,80,80,80,80,80,80,80,80,80,80,80,80,80,80,85,85,85,85,85,85,85,85,85,85,85,85,85,85,85,85],"relics":["Burning Blood","Molten Egg 2","Peace Pipe","Vajra","Bronze Scales","Magic Flower","Matryoshka","Tiny House","Ginger","Ornamental Fan","Prayer Wheel","Mercury Hourglass","Omamori"],"card_choices":[{"not_picked":["Flex","Whirlwind"],"picked":"Disarm"},{"not_picked":["Corruption","Uppercut"],"picked":"Perfected Strike"},{"not_picked":["Evolve","Flex"],"picked":"Shrug It Off"},{"not_picked":["Dual Wield","Flex"],"picked":"Thunderclap"},{"not_picked":["Thunderclap","Hemokinesis"],"picked":"Wild Strike"},{"not_picked":["Spot Weakness","Armaments"],"picked":"Rupture"},{"not_picked":["Dark Embrace","Berserk"],"picked":"Brutality"},{"not_picked":["Twin Strike","Sword Boomerang"],"picked":"Perfected Strike"},{"not_picked":["Sever Soul","Whirlwind"],"picked":"Heavy Blade"},{"not_picked":["Twin Strike","Armaments"],"picked":"Combust"},{"not_picked":["Clash","Juggernaut"],"picked":"Twin Strike"},{"not_picked":["Wild Strike","Warcry"],"picked":"Heavy Blade"},{"not_picked":["Pommel Strike","Intimidate"],"picked":"Pummel"},{"not_picked":["Warcry","Body Slam"],"picked":"Perfected Strike"}],"player_experience":86408,"potions_floor_usage":[6,6,16,18,18,25,33],"damage_taken":[{"damage":5,"enemies":"Small Slimes","floor":1,"turns":4},{"damage":5,"enemies":"Blue Slaver","floor":4,"turns":5},{"damage":0,"enemies":"2 Louse","floor":5,"turns":2},{"damage":14,"enemies":"Gremlin Nob","floor":6,"turns":3},{"damage":4,"enemies":"Lots of Slimes","floor":8,"turns":4},{"damage":11,"enemies":"3 Sentries","floor":11,"turns":5},{"damage":3,"enemies":"Large Slime","floor":13,"turns":2},{"damage":4,"enemies":"2 Fungi Beasts","floor":14,"turns":3},{"damage":33,"enemies":"Slime Boss","floor":16,"turns":10},{"damage":20,"enemies":"Shell Parasite","floor":18,"turns":4},{"damage":10,"enemies":"Spheric Guardian","floor":19,"turns":2},{"damage":25,"enemies":"Slavers","floor":23,"turns":4},{"damage":46,"enemies":"Gremlin Leader","floor":25,"turns":6},{"damage":18,"enemies":"Centurion and Healer","floor":27,"turns":3},{"damage":0,"enemies":"Snake Plant","floor":29,"turns":2},{"damage":6,"enemies":"3 Cultists","floor":31,"turns":3},{"damage":85,"enemies":"Automaton","floor":33,"turns":7}],"event_choices":[{"event_name":"Accursed Blacksmith","player_choice":"Rummage","floor":3,"damage_taken":0},{"event_name":"Liars Game","player_choice":"agreed","floor":7,"damage_taken":0},{"event_name":"Big Fish","player_choice":"Box","floor":12,"damage_taken":0},{"event_name":"The Library","player_choice":"Read","floor":20,"damage_taken":0},{"event_name":"Vampires","player_choice":"Ignored","floor":21,"damage_taken":0},{"event_name":"Bonfire Elementals","player_choice":"UNCOMMON","floor":30,"damage_taken":0}],"boss_relics":[{"not_picked":["Lizard Tail","Calling Bell"],"picked":"Tiny House"}],"potions_floor_spawned":[1,5,11,16,18,25],"seed_played":"1513268270718002863","killed_by":"Automaton","ascension_level":0,"is_trial":false}