{"path_per_floor":["M","M","?","M","T","E","M","R","T","$","M","?","R","?","R","B",null,"M","?","?","M","M","R"],"character_chosen":"IRONCLAD","items_purchased":["Panacea"],"gold_per_floor":[18,30,30,44,44,78,89,89,89,2,18,18,18,18,18,116,116,136,351,251,271,289,289],"floor_reached":24,"campfire_rested":0,"playtime":1307,"current_hp_per_floor":[80,80,80,80,80,54,49,49,49,49,54,38,38,31,31,30,80,58,58,58,45,45,45],"items_purged":[],"gold":289,"score":225,"play_id":"46e64aed-75fe-454b-af44-36340d7220ee","is_prod":false,"is_daily":false,"is_ascension_mode":true,"campfire_upgraded":4,"path_taken":["M","M","?","M","?","E","M","R","T","?","?","?","R","?","R","BOSS","M","?","?","?","M","R","E"],"build_version":"2018-02-08-PROD1","purchased_purges":0,"victory":false,"master_deck":["Strike_R+1","Strike_R","Strike_R","Strike_R","Defend_R+1","Defend_R+1","Defend_R","Defend_R","Bash+1","Pommel Strike","Perfected Strike+1","Metallicize+1","Spot Weakness","Panacea+1","Inflame+1","Feed","J.A.X.","Twin Strike","Warcry+1"],"max_hp_per_floor":[80,80,80,80,80,80,80,80,80,80,80,80,80,80,80,80,80,83,83,83,83,86,86],"relics":["Burning Blood","Ice Cream","Dead Branch","War Paint","Du-Vu Doll","Mark of Pain","Old Coin"],"card_choices":[{"not_picked":["Shrug It Off","Cleave"],"picked":"Pommel Strike"},{"not_picked":["Carnage","Barricade"],"picked":"Perfected Strike"},{"not_picked":["Bloodletting","True Grit"],"picked":"Metallicize"},{"not_picked":["Havoc","Feel No Pain"],"picked":"Spot Weakness"},{"not_picked":["Battle Trance","Carnage"],"picked":"Inflame"},{"not_picked":["Barricade","Reaper"],"picked":"Feed"},{"not_picked":["Iron Wave","Clothesline"],"picked":"Twin Strike"},{"not_picked":["Pommel Strike","Flex"],"picked":"Warcry"}],"player_experience":208417,"potions_floor_usage":[7,11,16,22],"damage_taken":[{"damage":2,"enemies":"Small Slimes","floor":1,"turns":4},{"damage":2,"enemies":"Jaw Worm","floor":2,"turns":3},{"damage":6,"enemies":"2 Louse","floor":4,"turns":2},{"damage":32,"enemies":"Gremlin Nob","floor":6,"turns":4},{"damage":11,"enemies":"Exordium Thugs","floor":7,"turns":3},{"damage":1,"enemies":"Exordium Wildlife","floor":11,"turns":5},{"damage":7,"enemies":"The Guardian","floor":16,"turns":6},{"damage":31,"enemies":"2 Thieves","floor":18,"turns":4},{"damage":19,"enemies":"Chosen","floor":21,"turns":4},{"damage":9,"enemies":"3 Cultists","floor":22,"turns":5},{"damage":47,"enemies":"Slavers","floor":24,"turns":4}],"event_choices":[{"event_name":"The Cleric","player_choice":"Leave","floor":3,"damage_taken":0},{"event_name":"Shining Light","player_choice":"Entered Light","floor":12,"damage_taken":0},{"event_name":"Golden Wing","player_choice":"Card Removal","floor":14,"damage_taken":0},{"event_name":"Addict","player_choice":"Obtained Relic","floor":19,"damage_taken":0},{"event_name":"Drug Dealer","player_choice":"Got JAXXED","floor":20,"damage_taken":0}],"boss_relics":[{"not_picked":["Calling Bell","Runic Cube"],"picked":"Mark of Pain"}],"potions_floor_spawned":[6,7,11,18],"seed_played":"3631229295829105470","killed_by":"Slavers","ascension_level":3,"is_trial":false}