{"path_per_floor":["M","?","?","M","M","R","M","R","T","R","M","$","R","M","R","B",null,"M","?","?","M","M","R","M","M","T","M","?","R","?","?","R","B",null,"M","?","$","?","M","R","M","R","T","R","$","M","M","M","R","B"],"character_chosen":"IRONCLAD","items_purchased":[],"gold_per_floor":[17,17,17,32,51,51,69,69,69,69,87,12,12,23,23,99,99,117,117,117,134,153,153,163,183,183,201,116,116,116,116,116,189,189,200,200,100,100,120,120,132,132,132,132,7,25,39,57,57,57],"floor_reached":51,"campfire_rested":2,"playtime":1515,"current_hp_per_floor":[75,75,59,58,52,52,39,39,39,39,35,35,35,41,41,38,70,48,74,74,79,48,48,21,25,25,9,9,33,33,17,41,46,72,78,68,68,68,55,55,46,46,60,60,60,67,54,38,38,12],"items_purged":["Defend_R","Madness","Madness"],"gold":57,"score":1117,"play_id":"d33769f0-a2aa-4414-9fcb-5d86a4c7016f","local_time":"20180329174910","is_prod":false,"is_daily":false,"is_ascension_mode":true,"campfire_upgraded":8,"timestamp":1522360150,"path_taken":["M","?","?","M","?","R","M","R","T","R","M","?","R","M","R","BOSS","M","?","?","M","M","R","M","M","T","?","?","R","?","?","R","BOSS","M","?","$","?","M","R","M","R","T","R","?","?","M","?","R","BOSS"],"build_version":"2018-03-22v2","purchased_purges":3,"victory":true,"master_deck":["Strike_R+1","Strike_R+1","Strike_R+1","Strike_R+1","Bash+1","AscendersBane","Perfected Strike+1","Perfected Strike+1","Inflame+1","Demon Form+1","Heavy Blade+1","Pommel Strike","Perfected Strike","Twin Strike","Perfected Strike+1","Necronomicurse","Limit Break+1","Evolve+1","Inflame+1","Perfected Strike+1"],"max_hp_per_floor":[80,80,80,80,80,80,80,80,80,80,80,80,80,80,80,80,80,80,80,80,80,80,80,80,80,80,80,80,80,80,80,80,80,80,80,80,80,80,80,80,80,80,94,94,94,94,94,94,94,94],"relics":["Burning Blood","Shovel","Gambling Chip","Pantograph","Runic Dome","Bird Faced Urn","Matryoshka","Necronomicon","Mark of Pain","Dream Catcher","Mango"],"card_choices":[{"not_picked":["Sword Boomerang","Wild Strike"],"picked":"Perfected Strike","floor":1},{"not_picked":["Blood for Blood","Spot Weakness"],"picked":"Perfected Strike","floor":7},{"not_picked":["Thunderclap","Armaments"],"picked":"Inflame","floor":14},{"not_picked":["Barricade","Brutality"],"picked":"Demon Form","floor":16},{"not_picked":["Warcry","Anger"],"picked":"Heavy Blade","floor":18},{"not_picked":["Shrug It Off","Evolve"],"picked":"Pommel Strike","floor":22},{"not_picked":["Twin Strike","Blood for Blood"],"picked":"Perfected Strike","floor":24},{"not_picked":["Armaments","Pommel Strike"],"picked":"Twin Strike","floor":25},{"not_picked":["Headbutt","Armaments"],"picked":"Perfected Strike","floor":27},{"not_picked":["Fiend Fire","Feed"],"picked":"Limit Break","floor":33},{"not_picked":["Flame Barrier","Sword Boomerang"],"picked":"Evolve","floor":35},{"not_picked":["Combust","Blood for Blood"],"picked":"Inflame","floor":39},{"not_picked":["Seeing Red","Pummel"],"picked":"Perfected Strike","floor":48}],"player_experience":626098,"potions_floor_usage":[11,16,21,33,33,33,35,50,50,50],"damage_taken":[{"damage":3,"enemies":"2 Louse","floor":1,"turns":4},{"damage":7,"enemies":"Small Slimes","floor":4,"turns":3},{"damage":12,"enemies":"Jaw Worm","floor":5,"turns":3},{"damage":19,"enemies":"Exordium Wildlife","floor":7,"turns":4},{"damage":10,"enemies":"Gremlin Gang","floor":11,"turns":2},{"damage":0,"enemies":"Exordium Thugs","floor":14,"turns":3},{"damage":46,"enemies":"Slime Boss","floor":16,"turns":10},{"damage":28,"enemies":"3 Byrds","floor":18,"turns":5},{"damage":1,"enemies":"Spheric Guardian","floor":21,"turns":3},{"damage":37,"enemies":"Centurion and Healer","floor":22,"turns":4},{"damage":33,"enemies":"Sentry and Sphere","floor":24,"turns":4},{"damage":2,"enemies":"Snecko","floor":25,"turns":3},{"damage":24,"enemies":"Slaver and Parasite","floor":27,"turns":3},{"damage":40,"enemies":"Automaton","floor":33,"turns":5},{"damage":0,"enemies":"Orb Walker","floor":35,"turns":1},{"damage":23,"enemies":"3 Darklings","floor":39,"turns":3},{"damage":21,"enemies":"Sphere and 2 Shapes","floor":41,"turns":3},{"damage":5,"enemies":"Maw","floor":46,"turns":4},{"damage":25,"enemies":"3 Darklings","floor":47,"turns":2},{"damage":26,"enemies":"4 Shapes","floor":48,"turns":3},{"damage":65,"enemies":"Time Eater","floor":50,"turns":4}],"event_choices":[{"event_name":"Living Wall","player_choice":"Forget","floor":2,"damage_taken":0},{"event_name":"Shining Light","player_choice":"Entered Light","floor":3,"damage_taken":0},{"event_name":"The Library","player_choice":"Heal","floor":19,"damage_taken":0},{"event_name":"Back to Basics","player_choice":"Simplicity","floor":20,"damage_taken":0},{"event_name":"Addict","player_choice":"Obtained Relic","floor":28,"damage_taken":0},{"event_name":"The Lab","player_choice":"Got Potions","floor":30,"damage_taken":0},{"event_name":"Cursed Tome","player_choice":"Obtained Book","floor":31,"damage_taken":0},{"event_name":"Winding Halls","player_choice":"Embrace Madness","floor":36,"damage_taken":0}],"boss_relics":[{"not_picked":["Snecko Eye","Pandora\u0027s Box"],"picked":"Runic Dome"},{"not_picked":["Tiny House","Lizard Tail"],"picked":"Mark of Pain"}],"potions_floor_spawned":[1,14,18,22,33,35,41,48],"seed_played":"5856230150032424969","ascension_level":13,"is_trial":false}