{"gold_per_floor":[114,79,37,57,76,76,108,108,108,127,161,173,186,186],"floor_reached":14,"playtime":699,"items_purged":[],"score":204,"play_id":"8c24c35a-57d9-4dbb-ac47-31834cd4d0dc","local_time":"20190407053032","is_ascension_mode":true,"campfire_choices":[{"data":"Poisoned Stab","floor":6,"key":"SMITH"},{"data":"Noxious Fumes","floor":8,"key":"SMITH"}],"neow_cost":"NONE","seed_source_timestamp":501271545149344,"circlet_count":0,"master_deck":["AscendersBane","Defend_G","Defend_G","Defend_G","Defend_G","Defend_G","Strike_G","Strike_G","Strike_G+1","Strike_G","Strike_G+1","Survivor","Neutralize","Deadly Poison","Poisoned Stab+1","Leg Sweep","Deadly Poison","Noxious Fumes+1","Cloak And Dagger","Backflip"],"relics":["Ring of the Snake","Ancient Tea Set","Whetstone"],"potions_floor_usage":[7,12,13,14],"damage_taken":[{"damage":7,"enemies":"Small Slimes","floor":1,"turns":4},{"damage":0,"enemies":"2 Louse","floor":4,"turns":6},{"damage":0,"enemies":"Jaw Worm","floor":5,"turns":3},{"damage":10,"enemies":"Lagavulin","floor":7,"turns":5},{"damage":6,"enemies":"Large Slime","floor":10,"turns":6},{"damage":32,"enemies":"Gremlin Nob","floor":11,"turns":4},{"damage":1,"enemies":"Lots of Slimes","floor":12,"turns":5},{"damage":6,"enemies":"Gremlin Gang","floor":13,"turns":5},{"damage":11,"enemies":"3 Sentries","floor":14,"turns":4}],"seed_played":"799734471122083917","potions_obtained":[{"floor":4,"key":"AttackPotion"},{"floor":5,"key":"Energy Potion"},{"floor":7,"key":"FearPotion"},{"floor":13,"key":"Explosive Potion"}],"is_trial":false,"path_per_floor":["M","?","$","M","M","R","E","R","T","M","E","M","M","E"],"character_chosen":"THE_SILENT","items_purchased":["Leg Sweep"],"campfire_rested":0,"item_purchase_floors":[3],"current_hp_per_floor":[52,66,66,66,66,66,56,56,56,50,18,17,11,0],"gold":186,"neow_bonus":"THREE_CARDS","is_prod":false,"is_daily":false,"chose_seed":false,"campfire_upgraded":2,"win_rate":0,"timestamp":1554629432,"path_taken":["M","?","$","M","M","R","E","R","T","M","E","M","M","E"],"build_version":"2019-01-23","purchased_purges":0,"victory":false,"max_hp_per_floor":[66,66,66,66,66,66,66,66,66,66,66,66,66,66],"card_choices":[{"not_picked":["Dodge and Roll","Flying Knee"],"picked":"Deadly Poison","floor":0},{"not_picked":["Acrobatics","Bane"],"picked":"Poisoned Stab","floor":1},{"not_picked":["Concentrate","Backflip","Finisher"],"picked":"SKIP","floor":4},{"not_picked":["Leg Sweep","Outmaneuver"],"picked":"Deadly Poison","floor":5},{"not_picked":["Skewer","Riddle With Holes"],"picked":"Noxious Fumes","floor":7},{"not_picked":["Acrobatics","Underhanded Strike","Flying Knee"],"picked":"SKIP","floor":10},{"not_picked":["Finisher","Expertise","Calculated Gamble"],"picked":"SKIP","floor":11},{"not_picked":["Dagger Spray","Quick Slash"],"picked":"Cloak And Dagger","floor":12},{"not_picked":["Setup","Riddle With Holes"],"picked":"Backflip","floor":13}],"player_experience":1691379,"relics_obtained":[{"floor":7,"key":"Ancient Tea Set"},{"floor":11,"key":"Whetstone"}],"event_choices":[{"damage_healed":16,"gold_gain":0,"player_choice":"Healed","damage_taken":0,"max_hp_gain":0,"max_hp_loss":0,"event_name":"The Cleric","floor":2,"gold_loss":35}],"is_beta":false,"boss_relics":[],"items_purged_floors":[],"is_endless":false,"potions_floor_spawned":[4,5,7,11,13],"killed_by":"3 Sentries","ascension_level":20}