{"path_per_floor":["M","M","?","M","M","R","?","?","T","R","?","T","M","M","R","B",null,"M","M","?","M","?","R","M","R","T","E"],"character_chosen":"THE_SILENT","items_purchased":[],"gold_per_floor":[109,128,128,147,166,166,166,166,166,166,166,244,267,285,285,406,406,426,442,442,457,457,457,472,472,520,558],"floor_reached":28,"campfire_rested":1,"playtime":1526,"current_hp_per_floor":[63,59,64,64,61,61,54,54,54,54,54,54,41,40,40,40,62,57,49,49,40,40,40,18,38,38,10],"items_purged":[],"gold":558,"score":364,"play_id":"f7811d68-265e-49f6-93f9-6800b5885294","is_prod":false,"is_daily":false,"is_ascension_mode":true,"campfire_upgraded":4,"path_taken":["M","M","?","M","M","R","?","?","T","R","?","?","M","M","R","BOSS","M","M","?","M","?","R","M","R","T","E","M"],"build_version":"2018-02-22-PROD2","purchased_purges":0,"victory":false,"master_deck":["Defend_G+1","Defend_G+1","Defend_G+1","Defend_G+1","Defend_G+1","Strike_G+1","Strike_G+1","Strike_G+1","Strike_G+1","Survivor","Neutralize+1","Predator","Blur+1","Deadly Poison+1","Bouncing Flask+1","Bouncing Flask+1","Corpse Explosion","Leg Sweep","Dash+1"],"max_hp_per_floor":[70,70,75,75,75,75,75,75,75,75,69,69,69,69,69,69,69,69,69,69,69,69,69,69,69,69,69],"relics":["Ring of the Snake","Juzu Bracelet","Golden Idol","Shuriken","Sozu","Nloth\u0027s Gift","Bronze Scales","Dodecahedron"],"card_choices":[{"not_picked":["Poisoned Stab","Cloak And Dagger"],"picked":"Predator"},{"not_picked":["Infinite Blades","Bane"],"picked":"Blur"},{"not_picked":["Dagger Throw","Slice"],"picked":"Bouncing Flask"},{"not_picked":["Predator","Dagger Throw"],"picked":"Bouncing Flask"},{"not_picked":["Bullet Time","After Image"],"picked":"Corpse Explosion"},{"not_picked":["Tactician","Deadly Poison"],"picked":"Leg Sweep"},{"not_picked":["Acrobatics","Storm of Steel"],"picked":"Dash"}],"player_experience":396925,"potions_floor_usage":[16],"damage_taken":[{"damage":0,"enemies":"2 Louse","floor":1,"turns":3},{"damage":4,"enemies":"Jaw Worm","floor":2,"turns":7},{"damage":0,"enemies":"Small Slimes","floor":4,"turns":3},{"damage":3,"enemies":"Blue Slaver","floor":5,"turns":6},{"damage":13,"enemies":"Exordium Thugs","floor":13,"turns":6},{"damage":1,"enemies":"3 Louse","floor":14,"turns":4},{"damage":0,"enemies":"The Guardian","floor":16,"turns":8},{"damage":5,"enemies":"Shell Parasite","floor":18,"turns":4},{"damage":8,"enemies":"Chosen","floor":19,"turns":5},{"damage":9,"enemies":"Snake Plant","floor":21,"turns":3},{"damage":22,"enemies":"Slaver and Parasite","floor":24,"turns":4},{"damage":28,"enemies":"Slavers","floor":27,"turns":6},{"damage":22,"enemies":"Cultist and Chosen","floor":28,"turns":4}],"event_choices":[{"event_name":"Big Fish","player_choice":"Donut","floor":3,"damage_taken":0},{"event_name":"Scrap Ooze","player_choice":"success","floor":7,"damage_taken":7},{"event_name":"Transmorgrifier","player_choice":"Transform","floor":8,"damage_taken":0},{"event_name":"Golden Idol","player_choice":"Lose Max HP","floor":11,"damage_taken":0},{"event_name":"N\u0027loth","player_choice":"Traded a Du-Vu Doll","floor":20,"damage_taken":0},{"event_name":"Back to Basics","player_choice":"Simplicity","floor":22,"damage_taken":0}],"boss_relics":[{"not_picked":["Pandora\u0027s Box","Question Card"],"picked":"Sozu"}],"potions_floor_spawned":[5,13,14,16,19,21],"seed_played":"-2253977490353384295","killed_by":"Cultist and Chosen","ascension_level":6,"is_trial":false}