{"path_per_floor":["M","M","M","M","M","R","M","R","T","R","M","M","R","?","R","B",null,"M","M","$","M","?","E","R","E","T","R","?","R","E","M","R"],"character_chosen":"IRONCLAD","items_purchased":["Immolate","Whirlwind","Gremlin Horn","Strength Potion"],"gold_per_floor":[118,136,152,166,186,186,203,203,227,227,246,262,262,437,437,539,539,556,575,31,43,43,77,77,105,105,105,105,105,131,147,147],"floor_reached":33,"campfire_rested":1,"playtime":1143,"current_hp_per_floor":[72,72,72,65,53,53,49,49,49,49,55,61,61,61,61,27,61,67,45,45,19,19,22,58,61,61,61,50,50,50,50,50],"items_purged":["Doubt"],"gold":147,"score":496,"play_id":"5d6bb9cd-5e80-4484-b583-d3e7ea0333fb","local_time":"20180315001243","is_prod":false,"is_daily":false,"is_ascension_mode":true,"campfire_upgraded":8,"timestamp":1521087163,"path_taken":["M","?","M","M","M","R","?","R","T","R","M","M","R","?","R","BOSS","M","M","$","M","?","E","R","E","T","R","?","R","E","M","R","BOSS"],"build_version":"2018-03-09","purchased_purges":1,"victory":false,"master_deck":["Defend_R","Defend_R","Defend_R","Defend_R","Bash+1","Bludgeon+1","Uppercut","Metallicize+1","Thunderclap+1","Whirlwind+1","Double Tap+1","Bloodletting","Immolate","Whirlwind+1","Inflame+1","Bludgeon+1","Second Wind+1","Bite","Bite","Bite","Bite","Bite","True Grit+1"],"max_hp_per_floor":[72,72,72,72,72,72,72,72,72,72,72,72,72,72,72,72,72,72,72,72,72,72,72,72,72,72,72,50,50,50,50,50],"relics":["Burning Blood","Bag of Preparation","Mark of Pain","Gremlin Horn","Regal Pillow","Bottled Lightning","Thread and Needle","Charon\u0027s Ashes"],"card_choices":[{"not_picked":["Dark Embrace","Berserk"],"picked":"Bludgeon"},{"not_picked":["Shrug It Off","Heavy Blade"],"picked":"Uppercut"},{"not_picked":["Uppercut","Inflame"],"picked":"Metallicize"},{"not_picked":["True Grit","Pommel Strike"],"picked":"Thunderclap"},{"not_picked":["Corruption","Feel No Pain"],"picked":"Whirlwind"},{"not_picked":["Barricade","Brutality"],"picked":"Double Tap"},{"not_picked":["Shrug It Off","Heavy Blade"],"picked":"Bloodletting"},{"not_picked":["Armaments","Iron Wave"],"picked":"Inflame"},{"not_picked":["Spot Weakness","Wild Strike"],"picked":"Second Wind"},{"not_picked":["Disarm","Clothesline"],"picked":"True Grit"}],"player_experience":511624,"potions_floor_usage":[7,12,16,16,25,33],"damage_taken":[{"damage":6,"enemies":"Cultist","floor":1,"turns":3},{"damage":2,"enemies":"Jaw Worm","floor":2,"turns":3},{"damage":4,"enemies":"Small Slimes","floor":3,"turns":2},{"damage":13,"enemies":"3 Louse","floor":4,"turns":4},{"damage":18,"enemies":"Exordium Thugs","floor":5,"turns":7},{"damage":10,"enemies":"Red Slaver","floor":7,"turns":4},{"damage":0,"enemies":"2 Fungi Beasts","floor":11,"turns":2},{"damage":0,"enemies":"3 Louse","floor":12,"turns":2},{"damage":40,"enemies":"The Guardian","floor":16,"turns":9},{"damage":0,"enemies":"Spheric Guardian","floor":18,"turns":1},{"damage":28,"enemies":"Shell Parasite","floor":19,"turns":7},{"damage":32,"enemies":"Snake Plant","floor":21,"turns":3},{"damage":3,"enemies":"Gremlin Leader","floor":23,"turns":5},{"damage":3,"enemies":"Slavers","floor":25,"turns":1},{"damage":0,"enemies":"Gremlin Leader","floor":30,"turns":3},{"damage":0,"enemies":"Centurion and Healer","floor":31,"turns":2},{"damage":76,"enemies":"Automaton","floor":33,"turns":6}],"event_choices":[{"event_name":"Liars Game","player_choice":"agreed","floor":14,"damage_taken":0},{"event_name":"Duplicator","player_choice":"One dupe","floor":22,"damage_taken":0},{"event_name":"Vampires","player_choice":"Became a vampire","floor":28,"damage_taken":0}],"boss_relics":[{"not_picked":["Philosopher\u0027s Stone","Runic Dome"],"picked":"Mark of Pain"}],"potions_floor_spawned":[1,5,11,12,23,30],"seed_played":"361200131118081155","killed_by":"Automaton","ascension_level":9,"is_trial":false}