{"gold_per_floor":[111,71,91,91,106,131,142,177,177,142,142,177,197,222,222,294,294,312,330,330,330,341,341,366,366],"floor_reached":25,"playtime":1119,"items_purged":[],"score":505,"play_id":"7d0f0b3a-7d5e-4397-9523-4b67ccee7971","local_time":"20190326081014","is_ascension_mode":true,"campfire_choices":[{"data":"Electrodynamics","floor":11,"key":"SMITH"},{"data":"Go for the Eyes","floor":15,"key":"SMITH"},{"data":"Storm","floor":23,"key":"SMITH"}],"neow_cost":"NONE","seed_source_timestamp":800855926409593,"circlet_count":0,"master_deck":["AscendersBane","Strike_B","Strike_B","Strike_B","Defend_B","Defend_B","Defend_B","Defend_B","Zap","Dualcast","Cold Snap","Capacitor","Go for the Eyes+1","Ball Lightning","Electrodynamics+1","Auto Shields","BootSequence","Creative AI","Go for the Eyes","Conserve Battery","Thunder Strike","Loop","Storm+1","Ghostly","Ghostly","Ghostly","Reinforced Body","Seek","Stack+1"],"relics":["Cracked Core","NeowsBlessing","Boot","Potion Belt","Bottled Tornado","Pocketwatch","Odd Mushroom","Nuclear Battery","Dream Catcher"],"potions_floor_usage":[6,8,24],"damage_taken":[{"damage":0,"enemies":"Jaw Worm","floor":1,"turns":1},{"damage":0,"enemies":"Cultist","floor":3,"turns":1},{"damage":0,"enemies":"2 Louse","floor":5,"turns":1},{"damage":29,"enemies":"Lagavulin","floor":6,"turns":7},{"damage":9,"enemies":"Looter","floor":7,"turns":3},{"damage":6,"enemies":"Gremlin Nob","floor":8,"turns":3},{"damage":0,"enemies":"3 Sentries","floor":12,"turns":3},{"damage":0,"enemies":"Blue Slaver","floor":13,"turns":2},{"damage":0,"enemies":"The Mushroom Lair","floor":14,"turns":2},{"damage":30,"enemies":"Slime Boss","floor":16,"turns":7},{"damage":19,"enemies":"Spheric Guardian","floor":18,"turns":4},{"damage":0,"enemies":"3 Byrds","floor":19,"turns":2},{"damage":1,"enemies":"Snake Plant","floor":22,"turns":5},{"damage":30,"enemies":"Book of Stabbing","floor":24,"turns":7},{"damage":7,"enemies":"Shelled Parasite and Fungi","floor":25,"turns":6}],"seed_played":"-7266083659719580257","potions_obtained":[{"floor":3,"key":"FearPotion"},{"floor":4,"key":"Dexterity Potion"},{"floor":6,"key":"Energy Potion"},{"floor":7,"key":"PowerPotion"},{"floor":22,"key":"GamblersBrew"}],"is_trial":false,"path_per_floor":["M","$","M","?","M","E","M","E","T","?","R","E","M","?","R","B",null,"M","M","?","?","M","R","E","M"],"character_chosen":"DEFECT","items_purchased":["Capacitor"],"campfire_rested":0,"item_purchase_floors":[2],"current_hp_per_floor":[64,64,64,64,64,35,26,20,20,37,37,37,37,37,37,7,55,36,36,35,35,34,34,4,0],"gold":366,"neow_bonus":"THREE_ENEMY_KILL","is_prod":false,"is_daily":false,"chose_seed":false,"campfire_upgraded":3,"win_rate":0,"timestamp":1553602214,"path_taken":["M","$","M","?","?","E","M","E","T","?","R","E","M","?","R","BOSS","M","M","?","?","M","R","E","M"],"build_version":"2019-01-23","purchased_purges":0,"victory":false,"max_hp_per_floor":[71,71,71,71,71,71,71,71,71,71,71,71,71,71,71,71,71,71,71,35,35,35,35,35,35],"card_choices":[{"not_picked":["Gash","Hologram"],"picked":"Cold Snap","floor":1},{"not_picked":["Hologram","Rebound"],"picked":"Go for the Eyes","floor":3},{"not_picked":["Redo","Hello World"],"picked":"Ball Lightning","floor":5},{"not_picked":["Conserve Battery","Streamline"],"picked":"Electrodynamics","floor":6},{"not_picked":["Leap","Go for the Eyes"],"picked":"Auto Shields","floor":7},{"not_picked":["Redo","Cold Snap"],"picked":"BootSequence","floor":8},{"not_picked":["Double Energy","Beam Cell"],"picked":"Creative AI","floor":12},{"not_picked":["Rebound","Steam"],"picked":"Go for the Eyes","floor":13},{"not_picked":["Rebound","Redo"],"picked":"Conserve Battery","floor":14},{"not_picked":["Seek","Reboot"],"picked":"Thunder Strike","floor":16},{"not_picked":["Stack","Ball Lightning"],"picked":"Loop","floor":18},{"not_picked":["Go for the Eyes","Compile Driver+1"],"picked":"Storm","floor":19},{"not_picked":["Sunder","Stack"],"picked":"Seek","floor":22},{"not_picked":["Leap","Conserve Battery"],"picked":"Stack+1","floor":24}],"player_experience":1430489,"relics_obtained":[{"floor":6,"key":"Boot"},{"floor":8,"key":"Potion Belt"},{"floor":9,"key":"Bottled Tornado"},{"floor":12,"key":"Pocketwatch"},{"floor":14,"key":"Odd Mushroom"},{"floor":24,"key":"Dream Catcher"}],"event_choices":[{"damage_healed":0,"gold_gain":0,"player_choice":"Got Potions","damage_taken":0,"max_hp_gain":0,"max_hp_loss":0,"event_name":"Lab","floor":4,"gold_loss":0},{"damage_healed":17,"gold_gain":0,"player_choice":"Healed","damage_taken":0,"max_hp_gain":0,"max_hp_loss":0,"event_name":"The Cleric","floor":10,"gold_loss":35},{"damage_healed":0,"gold_gain":0,"player_choice":"Fought Mushrooms","damage_taken":0,"max_hp_gain":0,"max_hp_loss":0,"event_name":"Mushrooms","floor":14,"gold_loss":0},{"damage_healed":0,"gold_gain":0,"player_choice":"Became a Ghost","damage_taken":0,"max_hp_gain":0,"max_hp_loss":36,"event_name":"Ghosts","floor":20,"gold_loss":0,"cards_obtained":["Ghostly","Ghostly","Ghostly"]},{"damage_healed":0,"gold_gain":0,"cards_transformed":["Strike_B"],"player_choice":"Transformed","damage_taken":0,"max_hp_gain":0,"max_hp_loss":0,"event_name":"Transmorgrifier","floor":21,"gold_loss":0,"cards_obtained":["Reinforced Body"]}],"is_beta":false,"boss_relics":[{"not_picked":["Snecko Eye","Eternal Feather"],"picked":"Nuclear Battery"}],"items_purged_floors":[],"is_endless":false,"potions_floor_spawned":[3,6,7,22],"killed_by":"Shelled Parasite and Fungi","ascension_level":18}