{"path_per_floor":["M","M","?","M","M","R","M","$","T","M","?","?","M","M","R","B",null,"M","M","$","M","M","R","M","?","T","M","R","$","R","M","R"],"character_chosen":"THE_SILENT","items_purchased":["Strength Potion","Glass Knife"],"gold_per_floor":[117,137,137,153,166,166,177,54,54,70,70,70,80,98,98,203,203,220,239,66,78,91,91,108,108,188,198,198,73,73,88,88,88],"floor_reached":33,"campfire_rested":2,"playtime":1467,"current_hp_per_floor":[70,61,54,54,51,51,50,50,50,64,69,69,67,52,52,27,75,66,64,64,56,44,44,42,34,34,24,46,46,46,39,61,0],"items_purged":["Strike_G","Strike_G","Injury"],"gold":88,"score":245,"play_id":"8a0ec7d2-adee-4be3-85bb-9c9dd03d1c7e","local_time":"20180408131742","is_prod":false,"is_daily":false,"is_ascension_mode":false,"campfire_upgraded":4,"timestamp":1523207862,"path_taken":["M","M","?","M","M","R","M","?","T","?","?","?","M","M","R","BOSS","M","M","$","M","M","R","?","?","T","M","R","$","R","M","R","BOSS"],"build_version":"2018-04-05v2","purchased_purges":4,"victory":false,"master_deck":["Defend_G","Defend_G","Defend_G","Defend_G","Defend_G","Strike_G","Strike_G","Survivor","Neutralize+1","Deadly Poison","Dodge and Roll","PiercingWail","Crippling Poison+1","Predator","Clumsy","Malaise+1","Bane","PiercingWail","Die Die Die","Predator+1","Dagger Spray","Glass Knife+1","Acrobatics+1"],"max_hp_per_floor":[70,70,70,70,70,70,70,70,70,70,75,75,75,75,75,75,75,75,75,75,75,75,75,75,75,75,75,75,75,75,75,75,75],"relics":["Cursed Key"],"card_choices":[{"not_picked":["PiercingWail","Prepared"],"picked":"Deadly Poison","floor":1},{"not_picked":["Outmaneuver","Quick Slash"],"picked":"Dodge and Roll","floor":2},{"not_picked":["Dodge and Roll","Riddle With Holes"],"picked":"PiercingWail","floor":4},{"not_picked":["Underhanded Strike","Deadly Poison"],"picked":"Crippling Poison","floor":5},{"not_picked":["Deflect","Dagger Throw"],"picked":"Predator","floor":7},{"not_picked":["Well Laid Plans","Flying Knee"],"picked":"Malaise","floor":10},{"not_picked":["Masterful Stab","Dagger Throw"],"picked":"Bane","floor":13},{"not_picked":["Flechettes","Expertise"],"picked":"PiercingWail","floor":14},{"not_picked":["Glass Knife","Grand Finale"],"picked":"Die Die Die","floor":16},{"not_picked":["Dagger Throw","Slice"],"picked":"Predator","floor":18},{"not_picked":["Prepared","Predator"],"picked":"Dagger Spray","floor":19},{"not_picked":["Choke","Footwork"],"picked":"Acrobatics","floor":31}],"player_experience":752494,"potions_floor_usage":[10,16,19,21,24,27,27],"damage_taken":[{"damage":0,"enemies":"Small Slimes","floor":1,"turns":3},{"damage":9,"enemies":"Cultist","floor":2,"turns":4},{"damage":0,"enemies":"Jaw Worm","floor":4,"turns":3},{"damage":3,"enemies":"Looter","floor":5,"turns":4},{"damage":1,"enemies":"2 Fungi Beasts","floor":7,"turns":4},{"damage":1,"enemies":"Blue Slaver","floor":10,"turns":5},{"damage":2,"enemies":"Large Slime","floor":13,"turns":7},{"damage":15,"enemies":"Lots of Slimes","floor":14,"turns":5},{"damage":25,"enemies":"Slime Boss","floor":16,"turns":13},{"damage":9,"enemies":"2 Thieves","floor":18,"turns":5},{"damage":2,"enemies":"Chosen","floor":19,"turns":6},{"damage":8,"enemies":"Snecko","floor":21,"turns":4},{"damage":12,"enemies":"Cultist and Chosen","floor":22,"turns":6},{"damage":2,"enemies":"3 Cultists","floor":24,"turns":4},{"damage":10,"enemies":"Snecko","floor":27,"turns":5},{"damage":7,"enemies":"Chosen and Byrds","floor":31,"turns":6},{"damage":68,"enemies":"Champ","floor":33,"turns":9}],"event_choices":[{"event_name":"Golden Wing","player_choice":"Card Removal","floor":3,"damage_taken":0},{"event_name":"Big Fish","player_choice":"Donut","floor":11,"damage_taken":0},{"event_name":"Scrap Ooze","player_choice":"unsuccessful","floor":12,"damage_taken":0},{"event_name":"Knowing Skull","player_choice":"","floor":25,"damage_taken":0}],"boss_relics":[{"not_picked":["Orrery","Tiny House","Pandora\u0027s Box"]}],"potions_floor_spawned":[5,7,16,18,19,22,24],"seed_played":"6105667914864597032","killed_by":"Champ","ascension_level":0,"is_trial":false}