{"path_per_floor":["M","M","M","M","M","R","E","?","T","R","?","M","E","M","R","B",null,"M","?","M","?","?","R","M","R","T","R","?","R","M","$","R","B",null,"M","$","M","?","?","R","E","?","T","R","M","M","M","M","R","B"],"character_chosen":"DEFECT","items_purchased":["Magnetism","Capacitor","Blaster","Capacitor"],"gold_per_floor":[115,129,143,161,178,178,213,213,238,238,238,253,287,302,302,431,431,452,377,393,393,393,393,408,408,462,462,462,462,474,167,167,268,268,282,236,249,349,349,349,375,375,375,375,386,398,410,429,429,429],"floor_reached":51,"campfire_rested":3,"playtime":2071,"current_hp_per_floor":[68,63,61,35,33,33,7,7,7,27,27,16,16,12,12,8,65,45,45,45,37,37,37,29,29,41,41,41,41,10,10,32,23,74,74,74,69,74,70,70,57,57,57,57,64,62,64,47,73,32],"items_purged":[],"gold":429,"score":814,"play_id":"c9a03137-3c46-4ad5-9e77-de2436e09ecc","local_time":"20180428144234","is_prod":false,"is_daily":false,"chose_seed":false,"is_ascension_mode":true,"campfire_upgraded":8,"timestamp":1524951754,"path_taken":["M","M","?","M","?","R","E","?","T","R","?","M","E","M","R","BOSS","M","?","M","?","?","R","M","R","T","R","?","R","M","$","R","BOSS","M","$","M","?","?","R","E","?","T","R","M","M","M","M","R","BOSS"],"build_version":"2018-04-27v3","seed_source_timestamp":248398032560821,"purchased_purges":0,"victory":true,"master_deck":["Strike_B","Strike_B","Strike_B","Defend_B","Defend_B","Defend_B","Defend_B","Zap+1","Echo Form+1","Sweeping Beam","Leap","Sunder","Force Field+1","Leap+1","All For One","Cold Snap","Static Discharge+1","Defragment+1","Rebound+1","Defragment+1","Creative AI+1","Magnetism+1","Capacitor","Blaster","Seek","Cold Snap+1","Capacitor","Ball Lightning+1","Coolheaded+1"],"max_hp_per_floor":[68,68,68,68,68,68,68,68,68,68,63,63,63,63,63,65,65,65,65,65,65,65,65,67,67,74,74,74,74,74,74,74,74,74,74,74,76,76,82,82,84,84,84,84,86,86,86,88,88,88],"relics":["Cracked Core","Toolbox","Vajra","Bloody Idol","Singing Bowl","Sozu","Strawberry","Cursed Key","Orichalcum"],"card_choices":[{"not_picked":["Machine Learning","Meteor Strike"],"picked":"Echo Form","floor":0},{"not_picked":["Streamline","Stack"],"picked":"Sweeping Beam","floor":1},{"not_picked":["Axe Kick","Blaster"],"picked":"Leap","floor":2},{"not_picked":["Sweeping Beam","Capacitor"],"picked":"Sunder","floor":3},{"not_picked":["Coolheaded","Chaos"],"picked":"Force Field","floor":4},{"not_picked":["Turbo","Coolheaded"],"picked":"Leap","floor":5},{"not_picked":["Coolheaded","Capacitor"],"picked":"All For One","floor":7},{"not_picked":["Darkness","Storm"],"picked":"Cold Snap","floor":12},{"not_picked":["Seek","Flux Capacitor"],"picked":"Static Discharge","floor":13},{"not_picked":["Heatsinks","Cold Snap"],"picked":"Defragment","floor":14},{"not_picked":["Double Energy","Skim"],"picked":"Rebound","floor":18},{"not_picked":["Rip and Tear","Impulse"],"picked":"Defragment","floor":20},{"not_picked":["Turbo","Undo"],"picked":"Creative AI","floor":30},{"not_picked":["Rainbow","Fission"],"picked":"Seek","floor":33},{"not_picked":["Beam Cell","Self Repair"],"picked":"Cold Snap","floor":35},{"not_picked":["Reinforced Body","Impulse"],"picked":"Ball Lightning","floor":46},{"not_picked":["Axe Kick","Beam Cell"],"picked":"Coolheaded","floor":47}],"player_experience":542443,"potions_floor_usage":[5,13,16,33,46],"damage_taken":[{"damage":0,"enemies":"Cultist","floor":1,"turns":5},{"damage":5,"enemies":"Small Slimes","floor":2,"turns":4},{"damage":2,"enemies":"Jaw Worm","floor":3,"turns":4},{"damage":26,"enemies":"Large Slime","floor":4,"turns":5},{"damage":11,"enemies":"Blue Slaver","floor":5,"turns":3},{"damage":26,"enemies":"Gremlin Nob","floor":7,"turns":4},{"damage":11,"enemies":"Exordium Thugs","floor":12,"turns":4},{"damage":0,"enemies":"3 Sentries","floor":13,"turns":7},{"damage":4,"enemies":"Looter","floor":14,"turns":3},{"damage":6,"enemies":"Hexaghost","floor":16,"turns":10},{"damage":20,"enemies":"3 Byrds","floor":18,"turns":4},{"damage":0,"enemies":"Shell Parasite","floor":20,"turns":4},{"damage":19,"enemies":"Snecko","floor":24,"turns":5},{"damage":36,"enemies":"3 Cultists","floor":30,"turns":4},{"damage":14,"enemies":"Automaton","floor":33,"turns":10},{"damage":0,"enemies":"3 Shapes","floor":35,"turns":5},{"damage":16,"enemies":"Flame Bruiser 1 Orb","floor":37,"turns":7},{"damage":20,"enemies":"Giant Head","floor":41,"turns":9},{"damage":0,"enemies":"Maw","floor":45,"turns":6},{"damage":7,"enemies":"Flame Bruiser 2 Orb","floor":46,"turns":5},{"damage":3,"enemies":"4 Shapes","floor":47,"turns":3},{"damage":24,"enemies":"Maw","floor":48,"turns":7},{"damage":41,"enemies":"Time Eater","floor":50,"turns":13}],"event_choices":[{"event_name":"Living Wall","player_choice":"Forget","floor":8,"damage_taken":0},{"event_name":"Golden Idol","player_choice":"Lose Max HP","floor":11,"damage_taken":0},{"event_name":"Beggar","player_choice":"Gave Gold","floor":19,"damage_taken":0},{"event_name":"Knowing Skull","player_choice":"","floor":21,"damage_taken":0},{"event_name":"Forgotten Altar","player_choice":"Gave Idol","floor":22,"damage_taken":0},{"event_name":"Drug Dealer","player_choice":"Ignored","floor":28,"damage_taken":0},{"event_name":"Golden Shrine","player_choice":"Pray","floor":38,"damage_taken":0},{"event_name":"SensoryStone","player_choice":"Memory 3","floor":39,"damage_taken":0},{"event_name":"The Lab","player_choice":"Got Potions","floor":42,"damage_taken":0}],"boss_relics":[{"not_picked":["Philosopher\u0027s Stone","Tiny House"],"picked":"Sozu"},{"not_picked":["Runic Dome","Calling Bell"],"picked":"Cursed Key"}],"potions_floor_spawned":[4,7,12,13,16,20,24,33,35,37,41],"seed_played":"-7322515596954174346","ascension_level":3,"is_trial":false}