{"gold_per_floor":[112,130,145,164,239,239,254,254,254,310,310,310,387,412,412,531,531,551,551,282,282,305,349,121,121,175,202,202,202,216,126,126,256,256,277,277,70,91,91,91],"floor_reached":40,"playtime":3115,"items_purged":["Catalyst","Injury","Strike_G"],"score":404,"play_id":"2066e2ee-6eb2-469e-81fe-54841675d566","local_time":"20190511171132","is_ascension_mode":false,"campfire_choices":[{"data":"Backflip","floor":6,"key":"SMITH"},{"data":"Skewer","floor":8,"key":"SMITH"},{"data":"Footwork","floor":12,"key":"SMITH"},{"floor":15,"key":"REST"},{"data":"Tactician","floor":25,"key":"SMITH"},{"data":"Acrobatics","floor":28,"key":"SMITH"},{"floor":32,"key":"REST"}],"neow_cost":"NONE","seed_source_timestamp":591312719879768,"circlet_count":0,"master_deck":["Defend_G","Defend_G","Defend_G","Defend_G+1","Defend_G","Strike_G","Strike_G","Strike_G","Survivor","Neutralize+1","Skewer+1","Backflip+1","Caltrops","Backstab","Footwork+1","Acrobatics+1","Doppelganger","Flying Knee","RitualDagger","Predator+1","Crippling Poison","Tactician+1","Well Laid Plans","Night Terror","Tactician+1","Calculated Gamble","Expertise"],"relics":["Ring of the Serpent","Pantograph","Tiny Chest","Golden Idol","Question Card","HoveringKite","Sling","Ice Cream","Snake Skull","Juzu Bracelet","Gambling Chip"],"potions_floor_usage":[10,16,22,23,33,39,39,40],"damage_taken":[{"damage":1,"enemies":"Cultist","floor":1,"turns":4},{"damage":1,"enemies":"2 Louse","floor":2,"turns":3},{"damage":1,"enemies":"Jaw Worm","floor":3,"turns":4},{"damage":8,"enemies":"2 Fungi Beasts","floor":4,"turns":4},{"damage":12,"enemies":"Looter","floor":7,"turns":3},{"damage":7,"enemies":"Gremlin Nob","floor":10,"turns":4},{"damage":11,"enemies":"Exordium Wildlife","floor":14,"turns":5},{"damage":28,"enemies":"The Guardian","floor":16,"turns":12},{"damage":10,"enemies":"Shell Parasite","floor":18,"turns":5},{"damage":5,"enemies":"2 Thieves","floor":22,"turns":4},{"damage":20,"enemies":"Gremlin Leader","floor":23,"turns":6},{"damage":9,"enemies":"Snecko","floor":30,"turns":4},{"damage":40,"enemies":"Champ","floor":33,"turns":12},{"damage":20,"enemies":"3 Shapes","floor":35,"turns":4},{"damage":9,"enemies":"Orb Walker","floor":38,"turns":5},{"damage":15,"enemies":"Transient","floor":39,"turns":3},{"damage":45,"enemies":"Nemesis","floor":40,"turns":8}],"seed_played":"6070590818010986998","potions_obtained":[{"floor":1,"key":"Explosive Potion"},{"floor":2,"key":"Weak Potion"},{"floor":7,"key":"SpeedPotion"},{"floor":16,"key":"Swift Potion"},{"floor":18,"key":"Explosive Potion"},{"floor":22,"key":"GhostInAJar"},{"floor":33,"key":"SmokeBomb"}],"is_trial":false,"path_per_floor":["M","M","M","M","?","R","M","R","T","E","?","R","T","M","R","B",null,"M","?","$","?","M","E","$","R","T","T","R","?","M","?","R","B",null,"M","T","$","M","M","E"],"character_chosen":"THE_SILENT","items_purchased":["Sling","Tactician","Dexterity Potion","Calculated Gamble"],"campfire_rested":2,"item_purchase_floors":[20,24,24,37],"current_hp_per_floor":[69,68,67,59,48,48,36,36,36,29,29,29,29,18,39,36,70,60,54,54,54,49,29,29,29,29,29,29,29,20,20,41,26,70,50,50,50,41,26,0],"gold":91,"neow_bonus":"UPGRADE_CARD","is_prod":false,"is_daily":false,"chose_seed":false,"campfire_upgraded":5,"win_rate":0.0,"timestamp":1557612692,"path_taken":["M","M","?","M","?","R","M","R","T","E","?","R","?","M","R","BOSS","M","?","$","?","M","E","$","R","T","?","R","?","M","?","R","BOSS","M","?","$","M","M","E"],"build_version":"2019-01-23","purchased_purges":3,"victory":false,"max_hp_per_floor":[70,70,70,70,70,70,70,70,70,70,70,70,70,70,70,70,70,70,70,70,70,70,70,70,70,70,70,70,70,70,70,70,70,70,70,70,70,70,70,70],"card_choices":[{"not_picked":["Flechettes","Poisoned Stab"],"picked":"Skewer","floor":1},{"not_picked":["Leg Sweep","Slice"],"picked":"Catalyst","floor":2},{"not_picked":["Backstab","Dodge and Roll"],"picked":"Backflip","floor":3},{"not_picked":["Accuracy","Sucker Punch"],"picked":"Caltrops","floor":4},{"not_picked":["All Out Attack","Endless Agony"],"picked":"Backstab","floor":7},{"not_picked":["Finisher","Cloak And Dagger"],"picked":"Footwork","floor":10},{"not_picked":["Masterful Stab","Bane","Sucker Punch"],"picked":"Acrobatics","floor":14},{"not_picked":["Night Terror","Malaise","Unload"],"picked":"Doppelganger","floor":16},{"not_picked":["Underhanded Strike","Dodge and Roll","Deadly Poison"],"picked":"Flying Knee","floor":18},{"not_picked":["Crippling Poison+1","Cloak And Dagger","Blade Dance"],"picked":"Predator+1","floor":22},{"not_picked":["Caltrops","Dagger Throw","Leg Sweep"],"picked":"Crippling Poison","floor":23},{"not_picked":["Catalyst","Endless Agony+1","Poisoned Stab"],"picked":"Well Laid Plans","floor":30},{"not_picked":["A Thousand Cuts","Glass Knife","Malaise"],"picked":"Night Terror","floor":33},{"not_picked":["Dagger Throw+1","Backstab","Flechettes+1"],"picked":"Tactician+1","floor":35},{"not_picked":["Endless Agony+1","Sucker Punch","Deadly Poison"],"picked":"Expertise","floor":38}],"player_experience":34686,"relics_obtained":[{"floor":9,"key":"Pantograph"},{"floor":10,"key":"Tiny Chest"},{"floor":13,"key":"Question Card"},{"floor":23,"key":"Ice Cream"},{"floor":26,"key":"Snake Skull"},{"floor":27,"key":"Juzu Bracelet"},{"floor":36,"key":"Gambling Chip"}],"event_choices":[{"damage_healed":0,"gold_gain":75,"player_choice":"Gather Gold","damage_taken":11,"max_hp_gain":0,"max_hp_loss":0,"event_name":"World of Goop","floor":5,"gold_loss":0},{"damage_healed":0,"gold_gain":0,"player_choice":"Take Wound","damage_taken":0,"relics_obtained":["Golden Idol"],"max_hp_gain":0,"max_hp_loss":0,"event_name":"Golden Idol","floor":11,"gold_loss":0,"cards_obtained":["Injury"]},{"damage_healed":0,"gold_gain":0,"player_choice":"Joined the Cult","damage_taken":6,"max_hp_gain":0,"max_hp_loss":0,"event_name":"Nest","floor":19,"gold_loss":0,"cards_obtained":["RitualDagger"]},{"damage_healed":0,"gold_gain":0,"player_choice":"Ignored","damage_taken":0,"max_hp_gain":0,"max_hp_loss":0,"event_name":"Cursed Tome","floor":21,"gold_loss":0},{"damage_healed":0,"gold_gain":0,"player_choice":"Ignored","damage_taken":0,"max_hp_gain":0,"max_hp_loss":0,"event_name":"Ghosts","floor":29,"gold_loss":0},{"cards_removed":["Strike_G"],"damage_healed":0,"gold_gain":0,"player_choice":"Upgrade and Remove","damage_taken":0,"max_hp_gain":0,"max_hp_loss":0,"event_name":"Designer","floor":31,"gold_loss":90,"cards_upgraded":["Defend_G"]}],"is_beta":false,"boss_relics":[{"not_picked":["Busted Crown","Runic Dome"],"picked":"HoveringKite"},{"not_picked":["WristBlade","Fusion Hammer"],"picked":"Ring of the Serpent"}],"items_purged_floors":[20,24,37],"is_endless":false,"potions_floor_spawned":[1,2,7,16,18,22,33,39],"killed_by":"Nemesis","ascension_level":0}