{"path_per_floor":["M","M","?","M","?","R","E","R","T","R","M","?","E","T","R","B",null,"M","?","?","?"],"character_chosen":"IRONCLAD","items_purchased":[],"gold_per_floor":[117,133,83,96,96,96,130,130,206,206,216,216,257,257,257,350,350,364,364,364,364,334],"floor_reached":22,"campfire_rested":1,"playtime":704,"current_hp_per_floor":[68,62,62,57,43,43,33,33,33,33,37,37,15,15,35,8,54,31,31,31,15,0],"items_purged":[],"gold":334,"score":314,"play_id":"3fea0259-84fe-4e8d-ab9a-ba3f97339353","local_time":"20180412155948","is_prod":false,"is_daily":false,"is_ascension_mode":true,"campfire_upgraded":3,"timestamp":1523573988,"path_taken":["M","?","?","M","?","R","E","R","T","R","M","?","E","?","R","BOSS","M","?","?","?","?"],"build_version":"2018-04-05v2","purchased_purges":0,"victory":false,"master_deck":["Strike_R","Strike_R","Strike_R+1","Strike_R+1","Defend_R","Defend_R","Defend_R","Defend_R","Bash+1","AscendersBane","Double Tap+1","Sword Boomerang","Warcry","Perfected Strike","Rampage+1","Corruption","Feed","Necronomicurse"],"max_hp_per_floor":[72,72,72,72,72,72,72,72,72,72,72,67,69,69,69,69,69,71,71,71,71,71],"relics":["Burning Blood","Torii","Tiny Chest","Golden Idol","Singing Bowl","Thread and Needle","Runic Pyramid","Necronomicon"],"card_choices":[{"not_picked":["Limit Break","Fiend Fire"],"picked":"Double Tap","floor":0},{"not_picked":["Thunderclap","True Grit"],"picked":"Sword Boomerang","floor":1},{"not_picked":["Heavy Blade","True Grit"],"picked":"Warcry","floor":2},{"not_picked":["Havoc","True Grit"],"picked":"Perfected Strike","floor":4},{"not_picked":["Body Slam","Armaments"],"picked":"Rampage","floor":7},{"not_picked":["Power Through","Anger"],"picked":"Corruption","floor":11},{"not_picked":["Brutality","Bludgeon"],"picked":"Feed","floor":16}],"player_experience":437224,"potions_floor_usage":[7,16],"damage_taken":[{"damage":10,"enemies":"Cultist","floor":1,"turns":4},{"damage":12,"enemies":"2 Louse","floor":2,"turns":3},{"damage":11,"enemies":"Jaw Worm","floor":4,"turns":4},{"damage":16,"enemies":"Gremlin Nob","floor":7,"turns":3},{"damage":2,"enemies":"Blue Slaver","floor":11,"turns":3},{"damage":30,"enemies":"Lagavulin","floor":13,"turns":5},{"damage":33,"enemies":"The Guardian","floor":16,"turns":11},{"damage":31,"enemies":"Shell Parasite","floor":18,"turns":6},{"damage":17,"enemies":"2 Thieves","floor":22,"turns":1}],"event_choices":[{"event_name":"The Cleric","player_choice":"Card Removal","floor":3,"damage_taken":0},{"event_name":"Shining Light","player_choice":"Entered Light","floor":5,"damage_taken":0},{"event_name":"Golden Idol","player_choice":"Lose Max HP","floor":12,"damage_taken":0},{"event_name":"N\u0027loth","player_choice":"Ignored","floor":19,"damage_taken":0},{"event_name":"Vampires","player_choice":"Ignored","floor":20,"damage_taken":0},{"event_name":"Cursed Tome","player_choice":"Obtained Book","floor":21,"damage_taken":0}],"boss_relics":[{"not_picked":["Orrery","White Beast Statue"],"picked":"Runic Pyramid"}],"potions_floor_spawned":[2,13],"seed_played":"-1415365262621736601","killed_by":"2 Thieves","ascension_level":13,"is_trial":false}