{"gold_per_floor":[118,118,118,141,166,166,209,209,263,263,263,263,287,10,10,99,99,115,138,61,77,2,2],"floor_reached":23,"playtime":879,"items_purged":[],"score":378,"play_id":"a3acdd2e-bb35-45e2-9607-3b3278e07f78","local_time":"20190429064758","is_ascension_mode":true,"campfire_choices":[{"data":"Sweeping Beam","floor":6,"key":"SMITH"},{"data":"Barrage","floor":8,"key":"SMITH"},{"floor":11,"key":"REST"},{"data":"Loop","floor":15,"key":"SMITH"}],"neow_cost":"CURSE","seed_source_timestamp":564182443660182,"circlet_count":0,"master_deck":["AscendersBane","Strike_B","Strike_B","Strike_B","Defend_B","Defend_B","Defend_B","Defend_B","Zap+1","Dualcast","Go for the Eyes","Coolheaded","Sweeping Beam+1","Barrage+1","Conserve Battery","Loop+1","Core Surge","Ball Lightning","Hologram","Echo Form","Sunder+1"],"relics":["Cracked Core","Golden Idol","Potion Belt","Strawberry","Cursed Key"],"potions_floor_usage":[7,7,16,16,16,21,21,23],"damage_taken":[{"damage":7,"enemies":"Jaw Worm","floor":1,"turns":3},{"damage":4,"enemies":"2 Louse","floor":4,"turns":3},{"damage":0,"enemies":"Cultist","floor":5,"turns":5},{"damage":60,"enemies":"Gremlin Nob","floor":7,"turns":5},{"damage":4,"enemies":"2 Fungi Beasts","floor":13,"turns":2},{"damage":16,"enemies":"Slime Boss","floor":16,"turns":8},{"damage":19,"enemies":"Chosen","floor":18,"turns":4},{"damage":12,"enemies":"Spheric Guardian","floor":19,"turns":4},{"damage":0,"enemies":"3 Cultists","floor":21,"turns":3},{"damage":44,"enemies":"Slavers","floor":23,"turns":3}],"seed_played":"1190096575285522800","potions_obtained":[{"floor":4,"key":"LiquidBronze"},{"floor":5,"key":"SpeedPotion"},{"floor":19,"key":"FocusPotion"}],"is_trial":false,"path_per_floor":["M","?","?","M","M","R","E","R","T","?","R","?","M","$","R","B",null,"M","M","$","M","?","E"],"character_chosen":"DEFECT","items_purchased":["Conserve Battery","AttackPotion","EntropicBrew","Loop","Echo Form"],"campfire_rested":1,"item_purchase_floors":[14,14,14,14,20],"current_hp_per_floor":[71,76,76,72,72,72,12,12,19,12,37,37,33,33,33,17,68,49,37,37,37,37,0],"gold":2,"neow_bonus":"TWENTY_PERCENT_HP_BONUS","is_prod":false,"is_daily":false,"chose_seed":false,"campfire_upgraded":3,"win_rate":0,"timestamp":1556534878,"path_taken":["M","?","?","M","M","R","E","R","T","?","R","?","?","$","R","BOSS","M","?","$","M","?","E"],"build_version":"2019-01-23","purchased_purges":0,"victory":false,"max_hp_per_floor":[85,90,81,81,81,81,81,81,88,85,85,85,85,85,85,85,85,85,85,85,85,85,85],"card_choices":[{"not_picked":["Sweeping Beam","Capacitor"],"picked":"Go for the Eyes","floor":1},{"not_picked":["Sweeping Beam","Go for the Eyes"],"picked":"Coolheaded","floor":4},{"not_picked":["Undo","Turbo"],"picked":"Sweeping Beam","floor":5},{"not_picked":["Hello World","Self Repair"],"picked":"Barrage","floor":7},{"not_picked":["Stack","Redo","Beam Cell"],"picked":"SKIP","floor":13},{"not_picked":["Reboot","Seek"],"picked":"Core Surge","floor":16},{"not_picked":["Genetic Algorithm","Rebound"],"picked":"Ball Lightning","floor":18},{"not_picked":["Gash","Streamline"],"picked":"Hologram","floor":19},{"not_picked":["Hello World","Double Energy"],"picked":"Sunder+1","floor":21}],"player_experience":2085273,"relics_obtained":[{"floor":7,"key":"Potion Belt"},{"floor":9,"key":"Strawberry"}],"event_choices":[{"damage_healed":0,"gold_gain":0,"player_choice":"Donut","damage_taken":0,"max_hp_gain":5,"max_hp_loss":0,"event_name":"Big Fish","floor":2,"gold_loss":0},{"damage_healed":0,"gold_gain":0,"player_choice":"Lose Max HP","damage_taken":0,"relics_obtained":["Golden Idol"],"max_hp_gain":0,"max_hp_loss":9,"event_name":"Golden Idol","floor":3,"gold_loss":0},{"cards_removed":["Parasite"],"damage_healed":0,"gold_gain":0,"player_choice":"Card Removal","damage_taken":7,"max_hp_gain":0,"max_hp_loss":0,"event_name":"Golden Wing","floor":10,"gold_loss":0},{"damage_healed":0,"gold_gain":0,"player_choice":"Grow","damage_taken":0,"max_hp_gain":0,"max_hp_loss":0,"event_name":"Living Wall","floor":12,"gold_loss":0,"cards_upgraded":["Zap"]},{"cards_removed":["Strike_B"],"damage_healed":0,"gold_gain":0,"player_choice":"Gave Gold","damage_taken":0,"max_hp_gain":0,"max_hp_loss":0,"event_name":"Beggar","floor":22,"gold_loss":75}],"is_beta":false,"boss_relics":[{"not_picked":["Pandora\u0027s Box","Lizard Tail"],"picked":"Cursed Key"}],"items_purged_floors":[],"is_endless":false,"potions_floor_spawned":[4,5,19],"killed_by":"Slavers","ascension_level":20}