{"gold_per_floor":[115,31,42,42,4,39,39,68,68,87,119,130,141,176,176,252,252,252,9,0,0,0,0,0,0,0,0,0,0,0,0,0,0,0,0,0,0,0,0,0,0],"floor_reached":41,"playtime":1352,"items_purged":["Strike_B"],"score":865,"play_id":"5c4a66fd-26d3-44a4-a96f-53efe1dceb85","local_time":"20190420004922","is_ascension_mode":true,"campfire_choices":[{"data":"Defragment","floor":7,"key":"SMITH"},{"data":"Loop","floor":15,"key":"SMITH"},{"data":"Coolheaded","floor":23,"key":"SMITH"},{"floor":27,"key":"REST"},{"floor":32,"key":"REST"}],"neow_cost":"NONE","seed_source_timestamp":813200689737687,"circlet_count":0,"master_deck":["AscendersBane","Strike_B+1","Defend_B+1","Defend_B+1","Defend_B+1","Defend_B+1","Zap","Dualcast","Capacitor","Defragment+1","Ball Lightning","Doom and Gloom","Self Repair","Cold Snap","Coolheaded+1","Loop+1","Electrodynamics","Genetic Algorithm","Apotheosis","Steam Power","Gash","Biased Cognition","Hologram+1","Fission","Glacier+1","Undo"],"relics":["Cracked Core","NeowsBlessing","Singing Bowl","Question Card","Bottled Flame","Sundial","Oddly Smooth Stone","Blue Candle","Ectoplasm","Shuriken","Anchor","Eternal Feather","Mercury Hourglass"],"potions_floor_usage":[8,21,24,33,40],"damage_taken":[{"damage":0,"enemies":"Jaw Worm","floor":1,"turns":1},{"damage":0,"enemies":"Cultist","floor":3,"turns":1},{"damage":0,"enemies":"Gremlin Nob","floor":6,"turns":1},{"damage":22,"enemies":"3 Sentries","floor":8,"turns":5},{"damage":1,"enemies":"2 Louse","floor":10,"turns":3},{"damage":7,"enemies":"Lagavulin","floor":11,"turns":7},{"damage":0,"enemies":"Large Slime","floor":12,"turns":4},{"damage":4,"enemies":"2 Fungi Beasts","floor":13,"turns":3},{"damage":24,"enemies":"3 Sentries","floor":14,"turns":6},{"damage":4,"enemies":"Slime Boss","floor":16,"turns":7},{"damage":28,"enemies":"3 Byrds","floor":18,"turns":4},{"damage":4,"enemies":"Chosen","floor":21,"turns":4},{"damage":45,"enemies":"Slavers","floor":24,"turns":3},{"damage":15,"enemies":"Snake Plant","floor":28,"turns":3},{"damage":8,"enemies":"Centurion and Healer","floor":31,"turns":7},{"damage":11,"enemies":"Collector","floor":33,"turns":9},{"damage":5,"enemies":"Orb Walker","floor":35,"turns":3},{"damage":7,"enemies":"3 Shapes","floor":36,"turns":4},{"damage":0,"enemies":"Maw","floor":38,"turns":9},{"damage":56,"enemies":"Reptomancer","floor":40,"turns":10},{"damage":39,"enemies":"Jaw Worm Horde","floor":41,"turns":2}],"seed_played":"-8251238618421762969","potions_obtained":[{"floor":3,"key":"Ancient Potion"},{"floor":6,"key":"AttackPotion"},{"floor":13,"key":"SpeedPotion"},{"floor":14,"key":"Dexterity Potion"},{"floor":16,"key":"PowerPotion"},{"floor":21,"key":"AttackPotion"},{"floor":24,"key":"Dexterity Potion"},{"floor":28,"key":"Block Potion"},{"floor":40,"key":"Weak Potion"}],"is_trial":false,"path_per_floor":["M","$","M","?","$","E","R","E","T","M","E","M","M","E","R","B",null,"M","$","?","M","?","R","E","?","T","R","M","?","?","M","R","B",null,"M","M","$","M","?","E","M"],"character_chosen":"DEFECT","items_purchased":["Defragment","Ball Lightning","Self Repair","Apotheosis"],"campfire_rested":2,"item_purchase_floors":[2,2,5,19],"current_hp_per_floor":[64,64,64,64,64,64,64,51,51,57,59,59,64,42,42,45,71,43,43,43,48,48,48,13,13,13,37,32,32,32,36,60,56,76,73,76,76,87,83,34,0],"gold":0,"neow_bonus":"THREE_ENEMY_KILL","is_prod":false,"is_daily":false,"chose_seed":false,"campfire_upgraded":3,"win_rate":0,"timestamp":1555735762,"path_taken":["M","$","M","?","$","E","R","E","T","M","E","?","M","E","R","BOSS","M","$","?","M","?","R","E","?","T","R","M","?","?","M","R","BOSS","M","M","$","M","?","E","M"],"build_version":"2019-04-04","purchased_purges":1,"victory":false,"max_hp_per_floor":[71,71,71,71,71,71,71,73,73,73,75,75,77,79,79,79,79,79,79,79,81,81,81,81,81,81,81,81,81,81,83,83,83,83,85,85,85,87,83,83,83],"card_choices":[{"not_picked":["Turbo","Barrage"],"picked":"Capacitor","floor":1},{"not_picked":["Double Energy","Blizzard"],"picked":"Doom and Gloom","floor":3},{"not_picked":["Go for the Eyes","Double Energy"],"picked":"Cold Snap","floor":6},{"not_picked":["Hello World","Skim","Sweeping Beam","Capacitor"],"picked":"Singing Bowl","floor":8},{"not_picked":["BootSequence","Hologram","Redo"],"picked":"Coolheaded","floor":10},{"not_picked":["Meteor Strike","Blizzard","Recycle","Scrape"],"picked":"Singing Bowl","floor":11},{"not_picked":["Steam","Streamline","Cold Snap"],"picked":"Loop","floor":12},{"not_picked":["Self Repair","BootSequence","Steam","Cold Snap"],"picked":"Singing Bowl","floor":13},{"not_picked":["Rebound","Chaos","Cold Snap","Ball Lightning"],"picked":"Singing Bowl","floor":14},{"not_picked":["Thunder Strike","Multi-Cast","Biased Cognition"],"picked":"Electrodynamics","floor":16},{"not_picked":["Loop","Melter","Redo"],"picked":"Genetic Algorithm","floor":18},{"not_picked":["Go for the Eyes","Barrage","Steam","Streamline"],"picked":"Singing Bowl","floor":21},{"not_picked":["Hologram+1","Conserve Battery","Stack"],"picked":"Biased Cognition","floor":24},{"not_picked":["Steam","Gash","Self Repair"],"picked":"Hologram+1","floor":28},{"not_picked":["Barrage","Reprogram","Lockon","Rebound"],"picked":"Singing Bowl","floor":31},{"not_picked":["Thunder Strike","Amplify","Buffer"],"picked":"Fission","floor":33},{"not_picked":["Blizzard","Coolheaded+1","Steam","Ball Lightning"],"picked":"Singing Bowl","floor":35},{"not_picked":["Stack","Consume+1","Coolheaded+1"],"picked":"Glacier+1","floor":36},{"not_picked":["Ball Lightning+1","Redo","Hologram","Stack"],"picked":"Singing Bowl","floor":38},{"not_picked":["Reinforced Body","Compile Driver","All For One"],"picked":"Undo","floor":40}],"player_experience":2431331,"relics_obtained":[{"floor":6,"key":"Question Card"},{"floor":8,"key":"Bottled Flame"},{"floor":9,"key":"Sundial"},{"floor":11,"key":"Oddly Smooth Stone"},{"floor":14,"key":"Blue Candle"},{"floor":24,"key":"Shuriken"},{"floor":26,"key":"Anchor"},{"floor":40,"key":"Mercury Hourglass"}],"event_choices":[{"damage_healed":0,"gold_gain":0,"player_choice":"Gave Potion","damage_taken":0,"relics_obtained":["Singing Bowl"],"max_hp_gain":0,"max_hp_loss":0,"event_name":"WeMeetAgain","floor":4,"gold_loss":0},{"damage_healed":0,"gold_gain":0,"player_choice":"Paid Fearfully","damage_taken":0,"max_hp_gain":0,"max_hp_loss":0,"event_name":"Masked Bandits","floor":20,"gold_loss":9},{"damage_healed":0,"gold_gain":0,"cards_transformed":["Strike_B","Strike_B"],"player_choice":"Became Test Subject","damage_taken":0,"max_hp_gain":0,"max_hp_loss":0,"event_name":"Drug Dealer","floor":22,"gold_loss":0,"cards_obtained":["Steam Power","Gash"]},{"damage_healed":0,"gold_gain":0,"player_choice":"Ignored","damage_taken":0,"max_hp_gain":0,"max_hp_loss":0,"event_name":"The Mausoleum","floor":25,"gold_loss":0},{"damage_healed":0,"gold_gain":0,"player_choice":"Ignored","damage_taken":0,"max_hp_gain":0,"max_hp_loss":0,"event_name":"Cursed Tome","floor":29,"gold_loss":0},{"damage_healed":0,"gold_gain":0,"player_choice":"Simplicity","damage_taken":0,"max_hp_gain":0,"max_hp_loss":0,"event_name":"Back to Basics","floor":30,"gold_loss":0,"cards_upgraded":["Strike_B","Defend_B","Defend_B","Defend_B","Defend_B"]},{"damage_healed":0,"gold_gain":0,"player_choice":"Max HP","damage_taken":0,"max_hp_gain":0,"max_hp_loss":4,"event_name":"Winding Halls","floor":39,"gold_loss":0}],"is_beta":true,"boss_relics":[{"not_picked":["Orrery","Black Star"],"picked":"Ectoplasm"},{"not_picked":["Busted Crown","Runic Dome"],"picked":"Eternal Feather"}],"items_purged_floors":[19],"is_endless":false,"potions_floor_spawned":[3,6,13,14,16,21,24,28,31,40],"killed_by":"Jaw Worm Horde","ascension_level":15}