{"path_per_floor":["M","?","M","M","M","E","M","M","T","?"],"character_chosen":"DEFECT","items_purchased":[],"gold_per_floor":[211,161,174,193,209,240,251,266,318,318,318],"floor_reached":11,"campfire_rested":0,"playtime":945,"item_purchase_floors":[],"current_hp_per_floor":[68,68,68,56,42,17,9,3,3,3,0],"items_purged":[],"gold":318,"score":123,"play_id":"2ef121cc-7ad6-4214-a383-8862b773417b","local_time":"20180612202350","is_prod":false,"is_daily":false,"chose_seed":false,"is_ascension_mode":true,"campfire_upgraded":0,"win_rate":0,"timestamp":1528860230,"campfire_choices":[],"path_taken":["M","?","M","?","M","E","?","M","T","?","M"],"build_version":"2018-06-11","seed_source_timestamp":210921413145807,"purchased_purges":0,"victory":false,"master_deck":["Strike_B","Strike_B","Strike_B","Defend_B","Defend_B","Defend_B","Defend_B","Zap","Dualcast","AscendersBane","Sunder","White Noise","Gash","Stack","Ball Lightning","Cold Snap"],"max_hp_per_floor":[75,75,75,75,75,75,75,75,75,75,75],"special_seed":0,"relics":["Cracked Core","Blood Vial","Oddly Smooth Stone"],"card_choices":[{"not_picked":["Capacitor","Barrage"],"picked":"Sunder","floor":1.0},{"not_picked":["Compile Driver","Blizzard"],"picked":"White Noise","floor":3},{"not_picked":["Streamline","Rebound"],"picked":"Gash","floor":4},{"not_picked":["Compile Driver","Undo","Skim"],"picked":"SKIP","floor":5},{"not_picked":["Barrage","Turbo"],"picked":"Stack","floor":6},{"not_picked":["Sunder","Compile Driver"],"picked":"Ball Lightning","floor":7},{"not_picked":["Stack","Rebound"],"picked":"Cold Snap","floor":8}],"player_experience":646595,"potions_floor_usage":[],"damage_taken":[{"damage":0.0,"enemies":"Cultist","floor":1.0,"turns":3.0},{"damage":0,"enemies":"Small Slimes","floor":3,"turns":2},{"damage":12,"enemies":"Jaw Worm","floor":4,"turns":2},{"damage":14,"enemies":"Red Slaver","floor":5,"turns":3},{"damage":25,"enemies":"Lagavulin","floor":6,"turns":5},{"damage":10,"enemies":"Gremlin Gang","floor":7,"turns":4},{"damage":8,"enemies":"Blue Slaver","floor":8,"turns":2},{"damage":12,"enemies":"Exordium Wildlife","floor":11,"turns":1}],"relics_obtained":[{"floor":6,"key":"Blood Vial"},{"floor":9,"key":"Oddly Smooth Stone"}],"event_choices":[{"event_name":"The Cleric","player_choice":"Card Removal","floor":2,"damage_taken":0},{"event_name":"Dead Adventurer","player_choice":"Searched \u00270\u0027 times","floor":10,"damage_taken":0}],"boss_relics":[],"items_purged_floors":[],"potions_floor_spawned":[1,4,5,6,8],"seed_played":"7944624200956980839","killed_by":"Exordium Wildlife","ascension_level":12,"potions_obtained":[{"floor":1.0,"key":"Swift Potion"},{"floor":4,"key":"Weak Potion"},{"floor":6,"key":"Dexterity Potion"}],"is_trial":false}