{"gold_per_floor":[360,377,244,244,256,256,256,256,279,279,293,323,341,13,13,84,84,84,84,84,9,9,9,9],"floor_reached":24,"playtime":934,"items_purged":[],"score":388,"play_id":"7659136f-5878-4268-b2cd-2adfdacd9d1b","local_time":"20190508140325","is_ascension_mode":true,"campfire_choices":[{"data":"Neutralize","floor":6.0,"key":"SMITH"},{"data":"Survivor","floor":8.0,"key":"SMITH"},{"data":"Flying Knee","floor":10.0,"key":"SMITH"},{"floor":15.0,"key":"REST"},{"floor":23,"key":"REST"}],"neow_cost":"PERCENT_DAMAGE","seed_source_timestamp":1367616096776352,"circlet_count":0,"master_deck":["AscendersBane","Defend_G","Defend_G","Defend_G","Defend_G","Defend_G","Strike_G","Strike_G","Strike_G","Strike_G","Survivor+1","Neutralize+1","Flying Knee+1","Poisoned Stab+1","Dagger Throw","Dagger Spray","Noxious Fumes","Riddle With Holes","Corpse Explosion","Catalyst"],"special_seed":0,"relics":["Ring of the Snake","Tiny Chest","Strawberry","Vajra","Happy Flower","Incense Burner","Ectoplasm"],"potions_floor_usage":[24],"damage_taken":[{"damage":2.0,"enemies":"Cultist","floor":1.0,"turns":4.0},{"damage":4.0,"enemies":"Small Slimes","floor":2.0,"turns":5.0},{"damage":0.0,"enemies":"2 Louse","floor":5.0,"turns":3.0},{"damage":2.0,"enemies":"Exordium Wildlife","floor":11.0,"turns":3.0},{"damage":20.0,"enemies":"3 Sentries","floor":12.0,"turns":7.0},{"damage":14.0,"enemies":"Red Slaver","floor":13.0,"turns":4.0},{"damage":26.0,"enemies":"Slime Boss","floor":16.0,"turns":8.0},{"damage":25,"enemies":"Spheric Guardian","floor":18,"turns":4},{"damage":27,"enemies":"Shell Parasite","floor":20,"turns":4},{"damage":28,"enemies":"Gremlin Leader","floor":24,"turns":4}],"seed_played":"4184459786151025596","potions_obtained":[{"floor":11.0,"key":"LiquidBronze"},{"floor":12.0,"key":"EssenceOfSteel"},{"floor":16.0,"key":"Dexterity Potion"}],"is_trial":false,"path_per_floor":["M","M","$","T","M","R","?","R","T","R","M","E","M","$","R","B",null,"M","T","M","?","$","R","E"],"character_chosen":"THE_SILENT","items_purchased":["Tiny Chest","Incense Burner"],"campfire_rested":2,"item_purchase_floors":[3,14],"current_hp_per_floor":[42,38,38,45,45,45,45,45,45,45,43,23,9,9,30,4,56,31,31,4,4,4,25,0],"gold":9,"neow_bonus":"TWO_FIFTY_GOLD","is_prod":false,"is_daily":false,"chose_seed":false,"campfire_upgraded":3,"win_rate":0,"timestamp":1557338605,"path_taken":["M","M","$","?","M","R","?","R","T","R","M","E","?","$","R","BOSS","M","?","?","?","?","R","E"],"build_version":"2019-01-23","purchased_purges":0,"victory":false,"max_hp_per_floor":[66,66,66,73,73,73,73,73,73,73,73,73,73,73,73,73,73,73,73,73,73,73,73,73],"card_choices":[{"not_picked":["Escape Plan","Bane"],"picked":"Flying Knee","floor":1.0},{"not_picked":["Prepared","Underhanded Strike"],"picked":"Poisoned Stab","floor":2.0},{"not_picked":["Outmaneuver","Escape Plan"],"picked":"Dagger Throw","floor":5.0},{"not_picked":["Concentrate","Blur"],"picked":"Dagger Spray","floor":11.0},{"not_picked":["Eviscerate","Die Die Die"],"picked":"Noxious Fumes","floor":12.0},{"not_picked":["Slice","Poisoned Stab"],"picked":"Riddle With Holes","floor":13.0},{"not_picked":["Doppelganger","Burst"],"picked":"Corpse Explosion","floor":16.0},{"not_picked":["Setup","Bouncing Flask"],"picked":"Catalyst","floor":18},{"not_picked":["Slice","Bane","Skewer"],"picked":"SKIP","floor":20}],"player_experience":2473794,"relics_obtained":[{"floor":4.0,"key":"Strawberry"},{"floor":9.0,"key":"Vajra"},{"floor":12.0,"key":"Happy Flower"}],"event_choices":[{"damage_healed":0.0,"max_hp_gain":0.0,"max_hp_loss":0.0,"gold_gain":0.0,"event_name":"Upgrade Shrine","player_choice":"Upgraded","floor":7.0,"gold_loss":0.0,"damage_taken":0.0,"cards_upgraded":["Poisoned Stab"]},{"cards_removed":["Strike_G"],"damage_healed":0,"gold_gain":0,"player_choice":"Gave Gold","damage_taken":0,"max_hp_gain":0,"max_hp_loss":0,"event_name":"Beggar","floor":21,"gold_loss":75}],"is_beta":false,"boss_relics":[{"not_picked":["Runic Dome","Black Star"],"picked":"Ectoplasm"}],"items_purged_floors":[],"is_endless":false,"potions_floor_spawned":[11,12,16],"killed_by":"Gremlin Leader","ascension_level":20}