{"gold_per_floor":[113,113,127,147,166,166,183,183,183,202,221,221,249,29,29,106,106,121,221,221,232,232,232,29,29,79,79],"floor_reached":27,"playtime":1268,"items_purged":[],"score":426,"play_id":"9bfcea54-c2f6-4686-aa7d-8e6b33b0bcf6","local_time":"20190508112003","is_ascension_mode":true,"campfire_choices":[{"data":"Neutralize","floor":6.0,"key":"SMITH"},{"data":"Poisoned Stab","floor":8.0,"key":"SMITH"},{"data":"Crippling Poison","floor":12.0,"key":"SMITH"},{"data":"Malaise","floor":15.0,"key":"SMITH"},{"data":"Corpse Explosion","floor":23,"key":"SMITH"},{"data":"Noxious Fumes","floor":25,"key":"SMITH"}],"neow_cost":"TEN_PERCENT_HP_LOSS","seed_source_timestamp":1357666027412190,"circlet_count":0,"master_deck":["AscendersBane","Defend_G","Defend_G","Defend_G","Defend_G","Defend_G","Strike_G","Strike_G","Strike_G","Strike_G","Strike_G","Survivor","Neutralize+1","Malaise+1","Poisoned Stab+1","Masterful Stab","Poisoned Stab+1","Dash","Crippling Poison+1","Corpse Explosion+1","PiercingWail","PiercingWail","Decay","Noxious Fumes+1"],"special_seed":0,"relics":["Ring of the Snake","Letter Opener","TwistedFunnel","Snecko Eye","Nunchaku","Dodecahedron","Bag of Marbles","Snake Skull"],"potions_floor_usage":[16,16,21],"damage_taken":[{"damage":4.0,"enemies":"Small Slimes","floor":1.0,"turns":6.0},{"damage":0.0,"enemies":"Cultist","floor":3.0,"turns":4.0},{"damage":0.0,"enemies":"2 Louse","floor":4.0,"turns":3.0},{"damage":3.0,"enemies":"Blue Slaver","floor":5.0,"turns":3.0},{"damage":4.0,"enemies":"3 Louse","floor":7.0,"turns":4.0},{"damage":0.0,"enemies":"Exordium Thugs","floor":10.0,"turns":4.0},{"damage":0.0,"enemies":"Blue Slaver","floor":11.0,"turns":2.0},{"damage":24.0,"enemies":"Gremlin Nob","floor":13.0,"turns":4.0},{"damage":19,"enemies":"Slime Boss","floor":16,"turns":12},{"damage":14,"enemies":"2 Thieves","floor":18,"turns":3},{"damage":18,"enemies":"Colosseum Slavers","floor":19,"turns":3},{"damage":4,"enemies":"Colosseum Nobs","floor":19,"turns":3},{"damage":4,"enemies":"Shell Parasite","floor":21,"turns":4},{"damage":18,"enemies":"Slavers","floor":27,"turns":1}],"seed_played":"-4041132898588988500","potions_obtained":[{"floor":4.0,"key":"SpeedPotion"},{"floor":5.0,"key":"Block Potion"},{"floor":13.0,"key":"Block Potion"},{"floor":19,"key":"Dexterity Potion"},{"floor":21,"key":"LiquidBronze"}],"is_trial":false,"path_per_floor":["M","?","M","M","M","R","M","R","T","M","M","R","E","$","R","B",null,"M","?","?","M","?","R","$","R","T","E"],"character_chosen":"THE_SILENT","items_purchased":["TwistedFunnel","Noxious Fumes","Bag of Marbles"],"campfire_rested":0,"item_purchase_floors":[14,24,24],"current_hp_per_floor":[55,55,55,55,52,52,48,48,48,48,48,48,24,24,24,5,46,32,10,10,6,18,18,18,18,18,0],"gold":79,"neow_bonus":"THREE_RARE_CARDS","is_prod":false,"is_daily":false,"chose_seed":false,"campfire_upgraded":6,"win_rate":0,"timestamp":1557328803,"path_taken":["M","?","M","?","M","R","M","R","T","M","M","R","E","$","R","BOSS","M","?","?","M","?","R","$","R","T","E"],"build_version":"2019-01-23","purchased_purges":0,"victory":false,"max_hp_per_floor":[60,60,60,60,60,60,60,60,60,60,60,60,60,60,60,60,60,60,60,60,60,60,60,60,60,60,60],"card_choices":[{"not_picked":["Wraith Form v2","Bullet Time"],"picked":"Malaise","floor":0.0},{"not_picked":["Flying Knee","Reflex"],"picked":"Poisoned Stab","floor":1.0},{"not_picked":["Sucker Punch","Heel Hook"],"picked":"Masterful Stab","floor":3.0},{"not_picked":["Finisher","Flying Knee"],"picked":"Poisoned Stab","floor":4.0},{"not_picked":["Slice","Sucker Punch"],"picked":"Dash","floor":5.0},{"not_picked":["Finisher","Poisoned Stab","Accuracy"],"picked":"SKIP","floor":7.0},{"not_picked":["Prepared","Malaise"],"picked":"Crippling Poison","floor":10.0},{"not_picked":["Backstab","Acrobatics","Blade Dance"],"picked":"SKIP","floor":11.0},{"not_picked":["Slice","Envenom","Concentrate"],"picked":"SKIP","floor":13.0},{"not_picked":["Slice","Envenom","Concentrate"],"picked":"SKIP","floor":13.0},{"not_picked":["Storm of Steel","A Thousand Cuts"],"picked":"Corpse Explosion","floor":16},{"not_picked":["Poisoned Stab","Caltrops"],"picked":"PiercingWail","floor":18},{"not_picked":["Underhanded Strike","Quick Slash"],"picked":"PiercingWail","floor":19},{"not_picked":["Acrobatics","Skewer","Cloak And Dagger"],"picked":"SKIP","floor":21}],"player_experience":2465133,"relics_obtained":[{"floor":13.0,"key":"Letter Opener"},{"floor":19,"key":"Nunchaku"},{"floor":19,"key":"Dodecahedron"},{"floor":26,"key":"Snake Skull"}],"event_choices":[{"damage_healed":0.0,"max_hp_gain":0.0,"max_hp_loss":0.0,"gold_gain":0.0,"event_name":"Upgrade Shrine","player_choice":"Upgraded","floor":2.0,"gold_loss":0.0,"damage_taken":0.0,"cards_upgraded":["Poisoned Stab"]},{"damage_healed":0,"gold_gain":0,"player_choice":"Fight","damage_taken":0,"max_hp_gain":0,"max_hp_loss":0,"event_name":"Colosseum","floor":19,"gold_loss":0},{"damage_healed":0,"gold_gain":0,"player_choice":"Fought Nobs","damage_taken":0,"max_hp_gain":0,"max_hp_loss":0,"event_name":"Colosseum","floor":19,"gold_loss":0},{"damage_healed":0,"gold_gain":0,"player_choice":"Smashed Altar","damage_taken":0,"max_hp_gain":0,"max_hp_loss":0,"event_name":"Forgotten Altar","floor":20,"gold_loss":0,"cards_obtained":["Decay"]},{"damage_healed":12,"gold_gain":0,"player_choice":"Heal","damage_taken":0,"max_hp_gain":0,"max_hp_loss":0,"event_name":"The Library","floor":22,"gold_loss":0}],"is_beta":false,"boss_relics":[{"not_picked":["White Beast Statue","WristBlade"],"picked":"Snecko Eye"}],"items_purged_floors":[],"is_endless":false,"potions_floor_spawned":[4,5,11,13,19,19,21],"killed_by":"Slavers","ascension_level":20}