{"path_per_floor":["M","?","M","M","M","E","R","M","T","M","$","?","R","M","R","B",null,"M","?","?","?","M"],"character_chosen":"THE_SILENT","items_purchased":["Ancient Tea Set"],"gold_per_floor":[119,119,136,156,176,206,206,217,217,232,78,253,253,271,271,376,376,395,395,395,295,314],"floor_reached":23,"campfire_rested":0,"playtime":1410,"current_hp_per_floor":[70,70,70,67,62,53,53,53,53,52,52,52,52,52,52,21,70,60,49,33,33,22],"items_purged":[],"gold":314,"score":219,"play_id":"ed547f08-7625-4da1-86b0-80dcd7bf4fb8","is_prod":false,"is_daily":false,"is_ascension_mode":false,"campfire_upgraded":2,"path_taken":["M","?","M","?","?","E","R","M","T","M","$","?","R","M","R","BOSS","M","?","?","?","M","E"],"build_version":"2018-02-15-PROD1","purchased_purges":0,"victory":false,"master_deck":["Defend_G","Defend_G","Defend_G","Defend_G","Defend_G","Survivor","Neutralize+1","Terror","Reflex+1","A Thousand Cuts+1","Dagger Spray","Flying Knee","Dagger Throw","Noxious Fumes","Die Die Die","Prepared+1","Bite","Bite","Bite","Bite","Bite","J.A.X."],"max_hp_per_floor":[70,70,70,70,70,70,70,70,70,70,70,70,70,70,70,70,70,70,49,49,49,49],"relics":["Ring of the Snake","Dream Catcher","Peace Pipe","Ancient Tea Set","Black Star","Nilry\u0027s Codex"],"card_choices":[{"not_picked":["Deflect","Dagger Spray"],"picked":"Terror"},{"not_picked":["Quick Slash","PiercingWail"],"picked":"Reflex"},{"not_picked":["Heel Hook","Deflect"],"picked":"A Thousand Cuts"},{"not_picked":["Underhanded Strike","Flying Knee"],"picked":"Dagger Spray"},{"not_picked":["PiercingWail","Outmaneuver"],"picked":"Flying Knee"},{"not_picked":["Deadly Poison","Expertise"],"picked":"Dagger Throw"},{"not_picked":["Riddle With Holes","Deadly Poison"],"picked":"Noxious Fumes"},{"not_picked":["Night Terror","Phantasmal Killer"],"picked":"Die Die Die"},{"not_picked":["Endless Agony","Dagger Throw"],"picked":"Prepared"}],"player_experience":282756,"potions_floor_usage":[6,18,23,23,23],"damage_taken":[{"damage":0,"enemies":"2 Louse","floor":1,"turns":3},{"damage":0,"enemies":"Cultist","floor":3,"turns":3},{"damage":3,"enemies":"Jaw Worm","floor":4,"turns":4},{"damage":5,"enemies":"Looter","floor":5,"turns":4},{"damage":9,"enemies":"3 Sentries","floor":6,"turns":7},{"damage":0,"enemies":"Blue Slaver","floor":8,"turns":4},{"damage":1,"enemies":"3 Louse","floor":10,"turns":2},{"damage":0,"enemies":"Looter","floor":14,"turns":2},{"damage":31,"enemies":"The Guardian","floor":16,"turns":12},{"damage":10,"enemies":"Shell Parasite","floor":18,"turns":4},{"damage":17,"enemies":"2 Thieves","floor":22,"turns":5},{"damage":24,"enemies":"Slavers","floor":23,"turns":2}],"event_choices":[{"event_name":"Living Wall","player_choice":"Grow","floor":2,"damage_taken":0},{"event_name":"Liars Game","player_choice":"agreed","floor":12,"damage_taken":0},{"event_name":"Vampires","player_choice":"Became a vampire","floor":19,"damage_taken":0},{"event_name":"Cursed Tome","player_choice":"Obtained Book","floor":20,"damage_taken":0},{"event_name":"Drug Dealer","player_choice":"Got JAXXED","floor":21,"damage_taken":0}],"boss_relics":[{"not_picked":["Cursed Key","The Specimen"],"picked":"Black Star"}],"potions_floor_spawned":[4,5,8,18,22],"seed_played":"645697702173330154","killed_by":"Slavers","ascension_level":0,"is_trial":false}