{"gold_per_floor":[116,266,266,282,282,282,312,327,354,379,398,398,16,28,28,100,100,100,100,100,11,11,11,11,11],"floor_reached":25,"playtime":1048,"items_purged":[],"score":476,"play_id":"98de2b90-a3f9-4525-bddd-c4ed2d32c5c2","local_time":"20190403034313","is_ascension_mode":true,"campfire_choices":[{"data":"Zap","floor":6,"key":"SMITH"},{"data":"Dualcast","floor":15,"key":"SMITH"},{"data":"Sunder","floor":23,"key":"SMITH"}],"neow_cost":"NONE","seed_source_timestamp":148826383979989,"circlet_count":0,"master_deck":["AscendersBane","Strike_B","Strike_B","Strike_B","Defend_B","Defend_B","Defend_B","Defend_B","Zap+1","Dualcast+1","Genetic Algorithm","Ball Lightning","Leap","Echo Form","Ball Lightning","Conserve Battery","Cold Snap","Biased Cognition","Undo+1","Sunder+1","Echo Form","Seek"],"relics":["Cracked Core","NeowsBlessing","Regal Pillow","Orichalcum","Blue Candle","Vajra","MealTicket","Ectoplasm","Turnip","Letter Opener"],"potions_floor_usage":[8,16,16,19,19,24,24],"damage_taken":[{"damage":0,"enemies":"Cultist","floor":1,"turns":1},{"damage":0,"enemies":"2 Louse","floor":4,"turns":1},{"damage":0,"enemies":"Gremlin Nob","floor":7,"turns":1},{"damage":0,"enemies":"Small Slimes","floor":8,"turns":1},{"damage":18,"enemies":"3 Sentries","floor":10,"turns":7},{"damage":7,"enemies":"Blue Slaver","floor":11,"turns":3},{"damage":0,"enemies":"Looter","floor":14,"turns":3},{"damage":29,"enemies":"Slime Boss","floor":16,"turns":8},{"damage":0,"enemies":"Spheric Guardian","floor":18,"turns":3},{"damage":8,"enemies":"Chosen","floor":19,"turns":4},{"damage":12,"enemies":"Centurion and Healer","floor":20,"turns":6},{"damage":3,"enemies":"Sentry and Sphere","floor":22,"turns":5},{"damage":25,"enemies":"Colosseum Slavers","floor":24,"turns":4},{"damage":4,"enemies":"Colosseum Nobs","floor":24,"turns":4},{"damage":29,"enemies":"Book of Stabbing","floor":25,"turns":5}],"seed_played":"-5970146064969845262","potions_obtained":[{"floor":7,"key":"AttackPotion"},{"floor":10,"key":"Swift Potion"},{"floor":11,"key":"Block Potion"},{"floor":18,"key":"EntropicBrew"},{"floor":22,"key":"Strength Potion"},{"floor":24,"key":"SteroidPotion"}],"is_trial":false,"path_per_floor":["M","?","?","M","?","R","E","M","T","E","M","?","$","M","R","B",null,"M","M","M","$","M","R","?","E"],"character_chosen":"DEFECT","items_purchased":["Vajra","MealTicket","Echo Form"],"campfire_rested":0,"item_purchase_floors":[13,13,21],"current_hp_per_floor":[64,64,64,64,69,69,69,69,69,51,44,44,44,44,44,15,61,61,53,41,56,53,53,24,0],"gold":11,"neow_bonus":"THREE_ENEMY_KILL","is_prod":false,"is_daily":false,"chose_seed":false,"campfire_upgraded":3,"win_rate":0,"timestamp":1554277393,"path_taken":["M","?","?","M","?","R","E","?","T","E","M","?","$","M","R","BOSS","M","M","?","$","M","R","?","E"],"build_version":"2019-01-23","purchased_purges":0,"victory":false,"max_hp_per_floor":[71,71,71,71,76,76,76,76,76,76,76,76,76,76,76,76,76,76,76,76,76,76,76,76,76],"card_choices":[{"not_picked":["Steam","Tempest"],"picked":"Genetic Algorithm","floor":1},{"not_picked":["Hologram","Go for the Eyes"],"picked":"Ball Lightning","floor":4},{"not_picked":["Tempest","Chaos"],"picked":"Leap","floor":7},{"not_picked":["Cold Snap","Beam Cell"],"picked":"Echo Form","floor":8},{"not_picked":["Compile Driver","Leap"],"picked":"Ball Lightning","floor":10},{"not_picked":["Reinforced Body","Lockon"],"picked":"Conserve Battery","floor":11},{"not_picked":["Scrape","Heatsinks","Leap"],"picked":"SKIP","floor":14},{"not_picked":["Creative AI","Hyperbeam"],"picked":"Biased Cognition","floor":16},{"not_picked":["Stack+1","Coolheaded"],"picked":"Undo+1","floor":18},{"not_picked":["Double Energy","Rebound","Go for the Eyes"],"picked":"SKIP","floor":19},{"not_picked":["Aggregate","Stack"],"picked":"Sunder","floor":20},{"not_picked":["Redo","Leap+1"],"picked":"Seek","floor":22}],"player_experience":1555013,"relics_obtained":[{"floor":7,"key":"Regal Pillow"},{"floor":9,"key":"Orichalcum"},{"floor":10,"key":"Blue Candle"},{"floor":24,"key":"Turnip"},{"floor":24,"key":"Letter Opener"}],"event_choices":[{"damage_healed":0,"gold_gain":150,"player_choice":"AGREE","damage_taken":0,"max_hp_gain":0,"max_hp_loss":0,"event_name":"Liars Game","floor":2,"gold_loss":0,"cards_obtained":["Doubt"]},{"cards_removed":["Doubt"],"damage_healed":0,"gold_gain":0,"player_choice":"Forget","damage_taken":0,"max_hp_gain":0,"max_hp_loss":0,"event_name":"Living Wall","floor":3,"gold_loss":0},{"damage_healed":0,"gold_gain":0,"player_choice":"Donut","damage_taken":0,"max_hp_gain":5,"max_hp_loss":0,"event_name":"Big Fish","floor":5,"gold_loss":0},{"damage_healed":0,"gold_gain":0,"cards_transformed":["Strike_B"],"player_choice":"Transformed","damage_taken":0,"max_hp_gain":0,"max_hp_loss":0,"event_name":"Transmorgrifier","floor":12,"gold_loss":0,"cards_obtained":["Cold Snap"]},{"damage_healed":0,"gold_gain":0,"player_choice":"Fight","damage_taken":0,"max_hp_gain":0,"max_hp_loss":0,"event_name":"Colosseum","floor":24,"gold_loss":0},{"damage_healed":0,"gold_gain":0,"player_choice":"Fought Nobs","damage_taken":0,"max_hp_gain":0,"max_hp_loss":0,"event_name":"Colosseum","floor":24,"gold_loss":0}],"is_beta":false,"boss_relics":[{"not_picked":["Orrery","White Beast Statue"],"picked":"Ectoplasm"}],"items_purged_floors":[],"is_endless":false,"potions_floor_spawned":[7,10,11,14,18,22,24],"killed_by":"Book of Stabbing","ascension_level":20}