{"gold_per_floor":[115,115,129,147,122,122,152,171,171,205,215,247,264,264,264,341,341,360,360,360,360,27,27,38,38,63,63,78,112,131,156,156,156],"floor_reached":33,"playtime":2457,"items_purged":["Shame"],"score":760,"play_id":"0e40e736-bf71-4b6a-b852-dc45dacd87c7","local_time":"20190502063948","is_ascension_mode":true,"campfire_choices":[{"data":"Sunder","floor":6,"key":"SMITH"},{"floor":15,"key":"REST"},{"data":"Consume","floor":23,"key":"SMITH"},{"data":"Strike_B","floor":25,"key":"PURGE"},{"data":"Strike_B","floor":27,"key":"PURGE"},{"data":"Ghostly","floor":32,"key":"SMITH"}],"neow_cost":"NONE","seed_source_timestamp":821345740945979,"circlet_count":0,"master_deck":["AscendersBane","Defend_B","Defend_B","Defend_B","Defend_B","Zap","Dualcast","Doom and Gloom","Sunder+1","Hologram","Cold Snap","Echo Form","Undo","Core Surge","Conserve Battery","Ghostly+1","Ghostly","Ghostly","Consume+1","Cold Snap","Auto Shields+1","Conserve Battery","Cold Snap"],"relics":["Cracked Core","Peace Pipe","Pocketwatch","Mango","DataDisk","Lantern","Black Star","Ancient Tea Set","Bag of Preparation","Boot","Ornamental Fan","Singing Bowl","Letter Opener","Gremlin Horn"],"potions_floor_usage":[10,10,18,31],"damage_taken":[{"damage":2,"enemies":"2 Louse","floor":1,"turns":2},{"damage":0,"enemies":"Cultist","floor":3,"turns":4},{"damage":7,"enemies":"Jaw Worm","floor":4,"turns":3},{"damage":25,"enemies":"3 Sentries","floor":7,"turns":7},{"damage":5,"enemies":"Blue Slaver","floor":8,"turns":4},{"damage":8,"enemies":"Gremlin Nob","floor":10,"turns":3},{"damage":7,"enemies":"3 Louse","floor":11,"turns":2},{"damage":5,"enemies":"Lagavulin","floor":12,"turns":5},{"damage":5,"enemies":"Exordium Thugs","floor":13,"turns":3},{"damage":0,"enemies":"The Guardian","floor":16,"turns":12},{"damage":5,"enemies":"3 Byrds","floor":18,"turns":5},{"damage":0,"enemies":"Chosen","floor":24,"turns":5},{"damage":6,"enemies":"Snake Plant","floor":28,"turns":5},{"damage":0,"enemies":"Slavers","floor":29,"turns":7},{"damage":0,"enemies":"Sentry and Sphere","floor":30,"turns":6},{"damage":22,"enemies":"Book of Stabbing","floor":31,"turns":6},{"damage":81,"enemies":"Automaton","floor":33,"turns":12}],"seed_played":"3241990128824863639","potions_obtained":[{"floor":3,"key":"PowerPotion"},{"floor":7,"key":"SteroidPotion"},{"floor":8,"key":"Fire Potion"},{"floor":10,"key":"SkillPotion"},{"floor":12,"key":"SkillPotion"},{"floor":18,"key":"EssenceOfSteel"},{"floor":24,"key":"Fire Potion"},{"floor":31,"key":"Swift Potion"}],"is_trial":false,"path_per_floor":["M","?","M","M","$","R","E","M","T","E","M","E","M","T","R","B",null,"M","?","?","?","$","R","M","R","T","R","M","E","M","E","R","B"],"character_chosen":"DEFECT","items_purchased":["Hologram","Bag of Preparation","Consume","Cold Snap"],"campfire_rested":1,"item_purchase_floors":[5,22,22,22],"current_hp_per_floor":[62,62,62,55,55,55,30,25,39,31,24,19,14,14,39,39,74,69,42,42,42,42,42,42,42,42,42,36,38,40,18,18,0],"gold":156,"neow_bonus":"REMOVE_CARD","is_prod":false,"is_daily":false,"chose_seed":false,"campfire_upgraded":3,"win_rate":0,"timestamp":1556793588,"path_taken":["M","?","M","M","?","R","E","?","T","E","M","E","M","?","R","BOSS","M","?","?","?","?","R","M","R","T","R","M","E","M","E","R","BOSS"],"build_version":"2019-01-23","purchased_purges":1,"victory":false,"max_hp_per_floor":[71,71,71,71,71,71,71,71,85,85,85,85,85,85,85,85,85,85,42,42,42,42,42,42,42,42,42,42,44,46,46,46,46],"card_choices":[{"not_picked":["Force Field","Conserve Battery"],"picked":"Streamline","floor":1},{"not_picked":["Go for the Eyes","Conserve Battery"],"picked":"Doom and Gloom","floor":3},{"not_picked":["Streamline","Stack"],"picked":"Sunder","floor":4},{"not_picked":["Streamline","Reprogram","Fission"],"picked":"SKIP","floor":7},{"not_picked":["Genetic Algorithm","Barrage","Steam Power"],"picked":"SKIP","floor":8},{"not_picked":["FTL","Barrage"],"picked":"Cold Snap","floor":10},{"not_picked":["Barrage","Double Energy"],"picked":"Echo Form","floor":11},{"not_picked":["Barrage","Consume","Coolheaded"],"picked":"SKIP","floor":12},{"not_picked":["Leap","Compile Driver"],"picked":"Undo","floor":13},{"not_picked":["All For One","Thunder Strike"],"picked":"Core Surge","floor":16},{"not_picked":["Genetic Algorithm","Scrape"],"picked":"Conserve Battery","floor":18},{"not_picked":["Beam Cell","FTL+1"],"picked":"Auto Shields+1","floor":24},{"not_picked":["Blizzard","Sweeping Beam"],"picked":"Conserve Battery","floor":28},{"not_picked":["Amplify","Echo Form","Tempest"],"picked":"Singing Bowl","floor":29},{"not_picked":["Leap","Compile Driver","Blizzard+1"],"picked":"Singing Bowl","floor":30},{"not_picked":["Stack+1","Reinforced Body"],"picked":"Cold Snap","floor":31}],"player_experience":2232741,"relics_obtained":[{"floor":7,"key":"Pocketwatch"},{"floor":9,"key":"Mango"},{"floor":10,"key":"DataDisk"},{"floor":12,"key":"Lantern"},{"floor":26,"key":"Boot"},{"floor":29,"key":"Ornamental Fan"},{"floor":29,"key":"Singing Bowl"},{"floor":31,"key":"Letter Opener"},{"floor":31,"key":"Gremlin Horn"}],"event_choices":[{"cards_removed":["Streamline"],"damage_healed":0,"gold_gain":0,"player_choice":"Gave Card","damage_taken":0,"relics_obtained":["Peace Pipe"],"max_hp_gain":0,"max_hp_loss":0,"event_name":"WeMeetAgain","floor":2,"gold_loss":0},{"damage_healed":0,"gold_gain":0,"player_choice":"Became a Ghost","damage_taken":0,"max_hp_gain":0,"max_hp_loss":43,"event_name":"Ghosts","floor":19,"gold_loss":0,"cards_obtained":["Ghostly","Ghostly","Ghostly"]},{"cards_removed":["Strike_B"],"damage_healed":0,"gold_gain":0,"player_choice":"Elegance","damage_taken":0,"max_hp_gain":0,"max_hp_loss":0,"event_name":"Back to Basics","floor":20,"gold_loss":0},{"damage_healed":0,"gold_gain":0,"player_choice":"Stole Relic","damage_taken":0,"relics_obtained":["Ancient Tea Set"],"max_hp_gain":0,"max_hp_loss":0,"event_name":"Addict","floor":21,"gold_loss":0,"cards_obtained":["Shame"]}],"is_beta":false,"boss_relics":[{"not_picked":["Runic Pyramid","Astrolabe"],"picked":"Black Star"}],"items_purged_floors":[22],"is_endless":false,"potions_floor_spawned":[3,7,8,10,12,18,24,31],"killed_by":"Automaton","ascension_level":20}