{"gold_per_floor":[217,55,55,74,90,90,123,102,102,102,131,141,158,233,233,233],"floor_reached":16,"playtime":946,"items_purged":[],"score":220,"play_id":"e9f87109-27e0-4ac8-a9a1-6163012660e1","local_time":"20190429055529","is_ascension_mode":true,"campfire_choices":[{"data":"Bash","floor":6,"key":"SMITH"},{"data":"True Grit","floor":10,"key":"SMITH"},{"data":"Disarm","floor":15,"key":"SMITH"}],"neow_cost":"NONE","seed_source_timestamp":560968186875407,"circlet_count":0,"master_deck":["AscendersBane","Strike_R","Strike_R","Strike_R","Strike_R","Strike_R","Defend_R","Defend_R","Defend_R","Defend_R","Bash+1","Shrug It Off","Feel No Pain","Clothesline","Armaments","Disarm+1","Metallicize","True Grit+1"],"relics":["Burning Blood","The Courier","Lantern","Sundial","Strawberry"],"potions_floor_usage":[5,16,16],"damage_taken":[{"damage":4,"enemies":"Small Slimes","floor":1,"turns":5},{"damage":11,"enemies":"Jaw Worm","floor":4,"turns":4},{"damage":2,"enemies":"2 Louse","floor":5,"turns":2},{"damage":33,"enemies":"Gremlin Nob","floor":7,"turns":5},{"damage":10,"enemies":"3 Sentries","floor":11,"turns":18},{"damage":14,"enemies":"Large Slime","floor":12,"turns":13},{"damage":0,"enemies":"Blue Slaver","floor":13,"turns":6},{"damage":16,"enemies":"Hexaghost","floor":16,"turns":11}],"seed_played":"-5791620154414869922","potions_obtained":[{"floor":11,"key":"LiquidBronze"},{"floor":12,"key":"Block Potion"}],"is_trial":false,"path_per_floor":["M","$","?","M","M","R","E","$","T","R","E","M","M","?","R","B"],"character_chosen":"IRONCLAD","items_purchased":["Feel No Pain","Clothesline","SteroidPotion","True Grit"],"campfire_rested":0,"item_purchase_floors":[2,2,2,8],"current_hp_per_floor":[70,70,52,47,51,51,24,24,24,24,27,19,25,14,14,0],"gold":233,"neow_bonus":"HUNDRED_GOLD","is_prod":false,"is_daily":false,"chose_seed":false,"campfire_upgraded":3,"win_rate":0,"timestamp":1556531729,"path_taken":["M","$","?","M","M","R","E","?","T","R","E","M","M","?","R","BOSS"],"build_version":"2019-01-23","purchased_purges":0,"victory":false,"max_hp_per_floor":[75,75,75,75,75,75,75,75,75,75,82,82,82,82,82,82],"card_choices":[{"not_picked":["Sword Boomerang","Anger"],"picked":"Shrug It Off","floor":1},{"not_picked":["Armaments","Searing Blow","Twin Strike"],"picked":"SKIP","floor":4},{"not_picked":["Searing Blow","Twin Strike"],"picked":"Armaments","floor":4},{"not_picked":["Whirlwind","Cleave"],"picked":"Disarm","floor":5},{"not_picked":["Disarm","Berserk"],"picked":"Metallicize","floor":7},{"not_picked":["Bloodletting","Pommel Strike","Anger"],"picked":"SKIP","floor":11},{"not_picked":["Sword Boomerang","Havoc","Second Wind"],"picked":"SKIP","floor":12},{"not_picked":["Fire Breathing","Sword Boomerang","Searing Blow"],"picked":"SKIP","floor":13}],"player_experience":2082251,"relics_obtained":[{"floor":7,"key":"Lantern"},{"floor":9,"key":"Sundial"},{"floor":11,"key":"Strawberry"}],"event_choices":[{"damage_healed":0,"gold_gain":0,"player_choice":"Success","damage_taken":18,"relics_obtained":["The Courier"],"max_hp_gain":0,"max_hp_loss":0,"event_name":"Scrap Ooze","floor":3,"gold_loss":0},{"damage_healed":0,"gold_gain":75,"player_choice":"Gather Gold","damage_taken":11,"max_hp_gain":0,"max_hp_loss":0,"event_name":"World of Goop","floor":14,"gold_loss":0}],"is_beta":false,"boss_relics":[],"items_purged_floors":[],"is_endless":false,"potions_floor_spawned":[11,12],"killed_by":"Hexaghost","ascension_level":20}