{"gold_per_floor":[118,136,154,169,188,188,149,149,149,149],"floor_reached":10,"playtime":361,"items_purged":[],"score":120,"play_id":"c2d53bd7-5129-429a-af4c-f8920b21e01b","local_time":"20190429000015","is_ascension_mode":true,"campfire_choices":[{"data":"Neutralize","floor":6,"key":"SMITH"},{"data":"Dagger Spray","floor":8,"key":"SMITH"}],"neow_cost":"NONE","seed_source_timestamp":540238459975788,"circlet_count":0,"master_deck":["AscendersBane","Defend_G","Defend_G","Defend_G","Defend_G","Defend_G","Strike_G","Strike_G","Strike_G","Strike_G","Strike_G","Survivor","Neutralize+1","Tools of the Trade","Deadly Poison","Deadly Poison","Dagger Spray+1","PiercingWail"],"relics":["Ring of the Snake","Blue Candle"],"potions_floor_usage":[10],"damage_taken":[{"damage":1,"enemies":"Cultist","floor":1,"turns":5},{"damage":1,"enemies":"Jaw Worm","floor":2,"turns":4},{"damage":0,"enemies":"2 Louse","floor":3,"turns":2},{"damage":8,"enemies":"Blue Slaver","floor":4,"turns":4},{"damage":20,"enemies":"Gremlin Gang","floor":5,"turns":3},{"damage":45,"enemies":"Gremlin Nob","floor":10,"turns":3}],"seed_played":"7964763494061329998","potions_obtained":[{"floor":5,"key":"Poison Potion"}],"is_trial":false,"path_per_floor":["M","M","M","M","M","R","?","R","T","E"],"character_chosen":"THE_SILENT","items_purchased":[],"campfire_rested":0,"item_purchase_floors":[],"current_hp_per_floor":[58,57,57,49,29,29,29,29,29,0],"gold":149,"neow_bonus":"ONE_RANDOM_RARE_CARD","is_prod":false,"is_daily":false,"chose_seed":false,"campfire_upgraded":2,"win_rate":0,"timestamp":1556510415,"path_taken":["M","M","M","M","?","R","?","R","T","E"],"build_version":"2019-01-23","purchased_purges":0,"victory":false,"max_hp_per_floor":[66,66,66,66,66,66,66,66,66,66],"card_choices":[{"not_picked":["Blade Dance","Poisoned Stab"],"picked":"Deadly Poison","floor":1},{"not_picked":["Unload","Acrobatics"],"picked":"Deadly Poison","floor":2},{"not_picked":["Flying Knee","Concentrate"],"picked":"Dagger Spray","floor":3},{"not_picked":["Blade Dance","Flying Knee","Tactician"],"picked":"SKIP","floor":4},{"not_picked":["Backflip","Heel Hook"],"picked":"PiercingWail","floor":5}],"player_experience":2068271,"relics_obtained":[{"floor":9,"key":"Blue Candle"}],"event_choices":[{"damage_healed":0,"gold_gain":0,"player_choice":"Left Gold","damage_taken":0,"max_hp_gain":0,"max_hp_loss":0,"event_name":"World of Goop","floor":7,"gold_loss":39}],"is_beta":false,"boss_relics":[],"items_purged_floors":[],"is_endless":false,"potions_floor_spawned":[5],"killed_by":"Gremlin Nob","ascension_level":20}