{"path_per_floor":["M","$","M","?","M","R","E","$","T","?","R","M","M","M","R","B",null,"M","$","M","M","M","R","M"],"character_chosen":"IRONCLAD","items_purchased":["Clash","Mind Blast","Feel No Pain","Corruption","Reckless Charge"],"gold_per_floor":[115,92,112,112,132,132,162,64,64,64,64,77,96,115,115,189,189,199,38,49,61,75,75,88,88],"floor_reached":25,"campfire_rested":1,"playtime":759,"current_hp_per_floor":[68,68,62,62,67,67,51,51,51,51,51,51,57,63,63,49,69,36,36,42,41,21,58,47,0],"items_purged":[],"gold":88,"score":362,"play_id":"c2a818e4-951d-4c5c-a633-d53d7c04f701","local_time":"20180413162520","is_prod":false,"is_daily":false,"chose_seed":false,"is_ascension_mode":true,"campfire_upgraded":3,"timestamp":1523661920,"path_taken":["M","$","M","?","M","R","E","$","T","?","R","M","M","M","R","BOSS","M","$","M","M","M","R","M","E"],"build_version":"2018-04-12","seed_source_timestamp":155644547496463,"purchased_purges":0,"victory":false,"master_deck":["Strike_R","Strike_R","Defend_R","Defend_R","Defend_R","Bash+1","AscendersBane","Seeing Red","Clash","Clash","Shrug It Off","Spot Weakness+1","Shrug It Off","Mind Blast+1","Sever Soul","Thunderclap","Headbutt","Offering","Berserk+1","Sentinel+1","Juggernaut+1","Iron Wave","Feel No Pain","Corruption","Reckless Charge","Armaments","Shrug It Off","Flame Barrier","Flex"],"max_hp_per_floor":[75,75,75,75,75,75,75,75,75,75,75,75,75,75,75,75,75,75,75,75,75,75,75,75,75],"relics":["Burning Blood","Kunai","The Courier","Regal Pillow","Astrolabe"],"card_choices":[{"not_picked":["Heavy Blade","Disarm"],"picked":"Clash","floor":1},{"not_picked":["Havoc","Reckless Charge"],"picked":"Shrug It Off","floor":3},{"not_picked":["Havoc","Pommel Strike"],"picked":"Spot Weakness","floor":5},{"not_picked":["Barricade","Sword Boomerang"],"picked":"Shrug It Off","floor":7},{"not_picked":["Sword Boomerang","Burning Pact"],"picked":"Sever Soul","floor":12},{"not_picked":["Flame Barrier","Armaments"],"picked":"Thunderclap","floor":13},{"not_picked":["Inflame","Armaments"],"picked":"Headbutt","floor":14},{"not_picked":["Juggernaut","Feed"],"picked":"Offering","floor":16},{"not_picked":["Armaments","Twin Strike"],"picked":"Iron Wave","floor":18},{"not_picked":["Clash","Headbutt"],"picked":"Armaments","floor":20},{"not_picked":["Heavy Blade","Sentinel"],"picked":"Shrug It Off","floor":21},{"not_picked":["Entrench","Body Slam"],"picked":"Flame Barrier","floor":22},{"not_picked":["Rupture","Whirlwind"],"picked":"Flex","floor":24}],"player_experience":451653,"potions_floor_usage":[13,21,22,25,25],"damage_taken":[{"damage":6,"enemies":"Cultist","floor":1,"turns":3},{"damage":12,"enemies":"Jaw Worm","floor":3,"turns":3},{"damage":1,"enemies":"Small Slimes","floor":5,"turns":3},{"damage":22,"enemies":"Lagavulin","floor":7,"turns":6},{"damage":6,"enemies":"Looter","floor":12,"turns":3},{"damage":0,"enemies":"Gremlin Gang","floor":13,"turns":2},{"damage":0,"enemies":"Lots of Slimes","floor":14,"turns":3},{"damage":20,"enemies":"Slime Boss","floor":16,"turns":8},{"damage":39,"enemies":"3 Byrds","floor":18,"turns":4},{"damage":0,"enemies":"Chosen","floor":20,"turns":3},{"damage":19,"enemies":"Sentry and Sphere","floor":21,"turns":6},{"damage":26,"enemies":"Snake Plant","floor":22,"turns":5},{"damage":17,"enemies":"3 Cultists","floor":24,"turns":5},{"damage":47,"enemies":"Slavers","floor":25,"turns":3}],"event_choices":[{"event_name":"Match and Keep!","player_choice":"0 cards matched","floor":4,"damage_taken":0},{"event_name":"Dead Adventurer","player_choice":"Searched \u00271\u0027 times","floor":10,"damage_taken":0}],"boss_relics":[{"not_picked":["Runic Dome","Snecko Eye"],"picked":"Astrolabe"}],"potions_floor_spawned":[3,5,12,20,22],"seed_played":"5935755259512117183","killed_by":"Slavers","ascension_level":15,"is_trial":false}