{"path_per_floor":["M","?","?","?","M","R","M","?","T","$","M","R","M","$","R","B",null,"M","?","M","$","M","R"],"character_chosen":"THE_SILENT","items_purchased":["Finesse","Energy Potion"],"gold_per_floor":[110,110,210,210,226,226,242,242,296,126,144,144,164,64,64,161,161,175,225,243,68,84,84,84],"floor_reached":24,"campfire_rested":0,"playtime":1012,"current_hp_per_floor":[70,70,70,75,75,75,75,75,75,75,75,75,61,61,61,12,75,73,73,60,60,16,16,0],"items_purged":["Strike_G","Strike_G","Strike_G"],"gold":84,"score":186,"play_id":"78fe48de-795e-485f-982f-7cd97dcc2140","local_time":"20180408003026","is_prod":false,"is_daily":false,"is_ascension_mode":false,"campfire_upgraded":4,"timestamp":1523161826,"path_taken":["M","?","?","?","?","R","M","?","T","?","M","R","M","$","R","BOSS","M","?","?","$","M","R","M"],"build_version":"2018-04-05v2","purchased_purges":3,"victory":false,"master_deck":["Defend_G","Defend_G","Defend_G","Defend_G","Defend_G","Strike_G","Survivor+1","Neutralize+1","Sucker Punch+1","Deadly Poison+1","Finesse","Dash+1","Venomology"],"max_hp_per_floor":[70,70,70,75,75,75,75,75,75,75,75,75,75,75,75,75,75,75,75,75,75,75,75,75],"relics":["Black Star"],"card_choices":[{"not_picked":["Slice","Underhanded Strike"],"picked":"Sucker Punch","floor":1},{"not_picked":["Bane","Backflip"],"picked":"Deadly Poison","floor":7},{"not_picked":["Prepared","Poisoned Stab"],"picked":"Dash","floor":13},{"not_picked":["Grand Finale","Night Terror"],"picked":"Venomology","floor":16}],"player_experience":741646,"potions_floor_usage":[16,16,18,20,22,22,24],"damage_taken":[{"damage":0,"enemies":"Small Slimes","floor":1,"turns":4},{"damage":0,"enemies":"Cultist","floor":5,"turns":5},{"damage":0,"enemies":"2 Louse","floor":7,"turns":3},{"damage":0,"enemies":"Large Slime","floor":11,"turns":6},{"damage":14,"enemies":"Exordium Thugs","floor":13,"turns":7},{"damage":63,"enemies":"Slime Boss","floor":16,"turns":18},{"damage":2,"enemies":"Spheric Guardian","floor":18,"turns":5},{"damage":13,"enemies":"Chosen","floor":20,"turns":8},{"damage":44,"enemies":"3 Cultists","floor":22,"turns":8},{"damage":19,"enemies":"Centurion and Healer","floor":24,"turns":8}],"event_choices":[{"event_name":"Purifier","player_choice":"One Purge","floor":2,"damage_taken":0},{"event_name":"Golden Shrine","player_choice":"Pray","floor":3,"damage_taken":0},{"event_name":"Big Fish","player_choice":"Donut","floor":4,"damage_taken":0},{"event_name":"Living Wall","player_choice":"Grow","floor":8,"damage_taken":0},{"event_name":"The Joust","player_choice":"Bet on Murderer","floor":19,"damage_taken":0}],"boss_relics":[{"not_picked":["Philosopher\u0027s Stone","White Beast Statue","Orrery"]}],"potions_floor_spawned":[5,13],"seed_played":"-357731415959344051","killed_by":"Centurion and Healer","ascension_level":0,"is_trial":false}