{"gold_per_floor":[110,126,276,276,289,289,315,315,315,315,335,40,73,85,97,109],"floor_reached":16,"playtime":666,"items_purged":["Doubt"],"score":216,"play_id":"5ea54e31-6bd8-48d0-90dc-09337b21e272","local_time":"20190503163435","is_ascension_mode":true,"campfire_choices":[{"data":"Neutralize","floor":6,"key":"SMITH"},{"data":"Survivor","floor":8,"key":"SMITH"},{"data":"Choke","floor":10,"key":"SMITH"},{"floor":15,"key":"REST"}],"neow_cost":"NONE","seed_source_timestamp":945230749309211,"circlet_count":0,"master_deck":["AscendersBane","Defend_G","Defend_G","Defend_G","Defend_G","Defend_G","Strike_G","Strike_G","Strike_G","Strike_G","Strike_G","Survivor+1","Neutralize+1","Quick Slash+1","Choke+1","Dagger Throw","Dagger Throw","All Out Attack","Calculated Gamble"],"relics":["Ring of the Snake","Torii","Question Card","Toy Ornithopter","MawBank"],"potions_floor_usage":[11,13],"damage_taken":[{"damage":4,"enemies":"Jaw Worm","floor":1,"turns":5},{"damage":0,"enemies":"2 Louse","floor":2,"turns":3},{"damage":1,"enemies":"Cultist","floor":5,"turns":4},{"damage":19,"enemies":"Gremlin Nob","floor":7,"turns":4},{"damage":0,"enemies":"Lots of Slimes","floor":11,"turns":2},{"damage":39,"enemies":"3 Sentries","floor":13,"turns":8},{"damage":20,"enemies":"Hexaghost","floor":16,"turns":8}],"seed_played":"-5491622952087320029","potions_obtained":[{"floor":1,"key":"Explosive Potion"},{"floor":2,"key":"EssenceOfSteel"}],"is_trial":false,"path_per_floor":["M","M","?","?","M","R","E","R","T","R","M","$","E","?","R","B"],"character_chosen":"THE_SILENT","items_purchased":["Toy Ornithopter"],"campfire_rested":1,"item_purchase_floors":[12],"current_hp_per_floor":[55,55,55,55,54,54,35,35,35,35,35,35,1,1,20,0],"gold":109,"neow_bonus":"THREE_CARDS","is_prod":false,"is_daily":false,"chose_seed":false,"campfire_upgraded":3,"win_rate":0,"timestamp":1556915675,"path_taken":["M","M","?","?","?","R","E","R","T","R","?","$","E","?","R","BOSS"],"build_version":"2019-01-23","purchased_purges":1,"victory":false,"max_hp_per_floor":[66,66,66,66,66,66,66,66,66,66,66,66,66,66,66,66],"card_choices":[{"not_picked":["Bane","Poisoned Stab"],"picked":"Quick Slash","floor":0},{"not_picked":["Caltrops","Cloak And Dagger"],"picked":"Choke","floor":1},{"not_picked":["Poisoned Stab","Deadly Poison"],"picked":"Dagger Throw","floor":2},{"not_picked":["Poisoned Stab","Slice"],"picked":"Dagger Throw","floor":5},{"not_picked":["Bane","Phantasmal Killer","Acrobatics"],"picked":"SKIP","floor":7},{"not_picked":["Poisoned Stab","Dodge and Roll","Setup"],"picked":"All Out Attack","floor":11},{"not_picked":["Bane","Doppelganger","Predator"],"picked":"Calculated Gamble","floor":13}],"player_experience":2310830,"relics_obtained":[{"floor":7,"key":"Torii"},{"floor":9,"key":"Question Card"},{"floor":13,"key":"MawBank"}],"event_choices":[{"damage_healed":0,"gold_gain":150,"player_choice":"AGREE","damage_taken":0,"max_hp_gain":0,"max_hp_loss":0,"event_name":"Liars Game","floor":3,"gold_loss":0,"cards_obtained":["Doubt"]},{"damage_healed":0,"gold_gain":0,"player_choice":"Upgraded","damage_taken":0,"max_hp_gain":0,"max_hp_loss":0,"event_name":"Upgrade Shrine","floor":4,"gold_loss":0,"cards_upgraded":["Quick Slash"]},{"damage_healed":0,"gold_gain":0,"player_choice":"Fled","damage_taken":0,"max_hp_gain":0,"max_hp_loss":0,"event_name":"Scrap Ooze","floor":14,"gold_loss":0}],"is_beta":false,"boss_relics":[],"items_purged_floors":[12],"is_endless":false,"potions_floor_spawned":[1,2],"killed_by":"Hexaghost","ascension_level":20}