{"gold_per_floor":[109,109,121,133,145,145,145,70,70,84,84,98,128,144,144,220,220,230,230,230,241,265,265,279,32,32,51,65,65,65,65,65,139,139,154,171,96,115,40,40,140,167,191,203,237,252,252,269,269,269,269,269,13,40,40],"floor_reached":56,"playtime":2946,"items_purged":["Strike_R"],"score":1826,"play_id":"7bf845a9-cddc-45ec-9637-e9c4a296bb4c","local_time":"20190423005646","is_ascension_mode":true,"campfire_choices":[{"data":"Bash","floor":6.0,"key":"SMITH"},{"data":"Flame Barrier","floor":15.0,"key":"SMITH"},{"data":"Havoc","floor":23.0,"key":"SMITH"},{"floor":29.0,"key":"REST"},{"data":"Demon Form","floor":32.0,"key":"SMITH"},{"data":"True Grit","floor":40.0,"key":"SMITH"},{"floor":47,"key":"RECALL"},{"data":"Disarm","floor":49,"key":"SMITH"},{"data":"Corruption","floor":52,"key":"SMITH"}],"neow_cost":"NONE","seed_source_timestamp":1071188385451405,"circlet_count":0,"master_deck":["AscendersBane","Strike_R","Strike_R","Defend_R","Defend_R","Defend_R","Defend_R","Bash+1","Cleave","Shrug It Off","Demon Form+1","Flame Barrier+1","Headbutt","Rampage","Barricade","Havoc+1","Corruption+1","Body Slam+1","Warcry","Reaper","Shockwave","Disarm+1","True Grit+1","Sword Boomerang","Parasite","Shrug It Off","Limit Break","Reaper","Dark Shackles","Apotheosis","Shockwave"],"special_seed":0,"relics":["Burning Blood","Nunchaku","Runic Pyramid","Bottled Lightning","Bag of Preparation","Mummified Hand","Calipers","Sozu","FossilizedHelix","Magic Flower","Boot","Pen Nib","Kunai"],"potions_floor_usage":[],"damage_taken":[{"damage":0.0,"enemies":"2 Louse","floor":1.0,"turns":4.0},{"damage":6.0,"enemies":"Cultist","floor":3.0,"turns":4.0},{"damage":2.0,"enemies":"Jaw Worm","floor":4.0,"turns":5.0},{"damage":4.0,"enemies":"2 Fungi Beasts","floor":5.0,"turns":3.0},{"damage":4.0,"enemies":"Red Slaver","floor":10.0,"turns":4.0},{"damage":8.0,"enemies":"Exordium Wildlife","floor":12.0,"turns":5.0},{"damage":32.0,"enemies":"Gremlin Nob","floor":13.0,"turns":5.0},{"damage":14.0,"enemies":"Blue Slaver","floor":14.0,"turns":4.0},{"damage":22.0,"enemies":"The Guardian","floor":16.0,"turns":14.0},{"damage":8.0,"enemies":"Shell Parasite","floor":18.0,"turns":11.0},{"damage":5.0,"enemies":"Chosen","floor":21.0,"turns":5.0},{"damage":40.0,"enemies":"3 Cultists","floor":24.0,"turns":6.0},{"damage":0.0,"enemies":"Chosen and Byrds","floor":27.0,"turns":5.0},{"damage":6.0,"enemies":"Snake Plant","floor":28.0,"turns":4.0},{"damage":33.0,"enemies":"Automaton","floor":33.0,"turns":8.0},{"damage":1.0,"enemies":"Orb Walker","floor":35.0,"turns":3.0},{"damage":5.0,"enemies":"3 Darklings","floor":36.0,"turns":4.0},{"damage":23.0,"enemies":"Transient","floor":38.0,"turns":5.0},{"damage":0.0,"enemies":"Mind Bloom Boss Battle","floor":41.0,"turns":6.0},{"damage":23,"enemies":"Nemesis","floor":42,"turns":7},{"damage":49,"enemies":"Writhing Mass","floor":44,"turns":7},{"damage":70,"enemies":"Reptomancer","floor":45,"turns":8},{"damage":0,"enemies":"Spire Growth","floor":46,"turns":4},{"damage":48,"enemies":"Sphere and 2 Shapes","floor":48,"turns":7},{"damage":53,"enemies":"Awakened One","floor":50,"turns":14},{"damage":58,"enemies":"Shield and Spear","floor":54,"turns":8},{"damage":52,"enemies":"The Heart","floor":55,"turns":8}],"seed_played":"-680723072044935152","potions_obtained":[{"floor":3.0,"key":"Ancient Potion"},{"floor":10.0,"key":"Swift Potion"},{"floor":11.0,"key":"EntropicBrew"},{"floor":11.0,"key":"SteroidPotion"},{"floor":27.0,"key":"Poison Potion"}],"is_trial":false,"path_per_floor":["M","?","M","M","M","R","$","?","T","M","?","M","E","M","R","B",null,"M","?","T","M","T","R","M","$","T","M","M","R","?","T","R","B",null,"M","M","$","M","$","R","?","E","T","M","E","M","R","M","R","B",null,"R","$","E","B",null],"character_chosen":"IRONCLAD","items_purchased":["Mummified Hand","True Grit","Sword Boomerang","Dark Shackles","Apotheosis"],"campfire_rested":1,"item_purchase_floors":[25,39,39,53,53],"current_hp_per_floor":[74,74,74,75,75,75,75,75,75,75,75,73,47,39,39,23,62,60,60,60,61,61,61,27,27,27,33,33,55,55,55,55,28,63,68,75,75,68,68,68,74,75,75,75,53,62,62,73,73,75,75,75,75,75,75],"gold":40,"neow_bonus":"REMOVE_CARD","is_prod":false,"is_daily":false,"chose_seed":false,"campfire_upgraded":7,"win_rate":0,"timestamp":1555995406,"path_taken":["M","?","M","?","M","R","$","?","T","M","?","M","E","M","R","BOSS","M","?","?","M","?","R","M","$","T","M","?","R","?","?","R","BOSS","M","M","$","M","$","R","?","E","T","M","E","M","R","M","R","BOSS","R","$","E","BOSS"],"build_version":"2019-04-21","purchased_purges":1,"victory":true,"max_hp_per_floor":[75,75,75,75,75,75,75,75,75,75,75,75,75,75,75,75,75,75,75,75,75,75,75,75,75,75,75,75,75,75,75,75,75,75,75,75,75,75,75,75,75,75,75,75,75,75,75,75,75,75,75,75,75,75,75],"card_choices":[{"not_picked":["Havoc","Heavy Blade"],"picked":"Cleave","floor":1.0},{"not_picked":["Headbutt","Rampage"],"picked":"Shrug It Off","floor":3.0},{"not_picked":["Wild Strike","Corruption","Body Slam"],"picked":"SKIP","floor":4.0},{"not_picked":["Dropkick","Entrench","Rage"],"picked":"SKIP","floor":5.0},{"not_picked":["Inflame","Body Slam"],"picked":"Demon Form","floor":10.0},{"not_picked":["Blood for Blood","True Grit"],"picked":"Flame Barrier","floor":12.0},{"not_picked":["Clash","Fire Breathing"],"picked":"Headbutt","floor":13.0},{"not_picked":["Clothesline","Flex"],"picked":"Rampage","floor":14.0},{"not_picked":["Limit Break","Demon Form"],"picked":"Barricade","floor":16.0},{"not_picked":["Whirlwind","Thunderclap"],"picked":"Havoc","floor":18.0},{"not_picked":["Body Slam","Havoc","Heavy Blade"],"picked":"SKIP","floor":21.0},{"not_picked":["Clothesline","Ghostly Armor+1"],"picked":"Corruption","floor":24.0},{"not_picked":["Clothesline","Hemokinesis+1"],"picked":"Body Slam+1","floor":27.0},{"not_picked":["Searing Blow","Bludgeon"],"picked":"Warcry","floor":28.0},{"not_picked":["Fiend Fire","Exhume"],"picked":"Reaper","floor":33.0},{"not_picked":["Reckless Charge","Flex"],"picked":"Shockwave","floor":35.0},{"not_picked":["Thunderclap","Searing Blow+1"],"picked":"Disarm","floor":36.0},{"not_picked":["Body Slam","Power Through+1","Blood for Blood"],"picked":"SKIP","floor":38.0},{"not_picked":["Warcry","Flex","Ghostly Armor"],"picked":"SKIP","floor":42},{"not_picked":["Dual Wield","Iron Wave"],"picked":"Shrug It Off","floor":44},{"not_picked":["Heavy Blade","Iron Wave+1"],"picked":"Limit Break","floor":45},{"not_picked":["Iron Wave","Clothesline"],"picked":"Reaper","floor":46},{"not_picked":["Cleave","Combust","Sword Boomerang"],"picked":"SKIP","floor":48},{"not_picked":["Warcry+1","Sever Soul+1"],"picked":"Shockwave","floor":54}],"player_experience":2442739,"relics_obtained":[{"floor":9.0,"key":"Nunchaku"},{"floor":20.0,"key":"Bottled Lightning"},{"floor":22.0,"key":"Bag of Preparation"},{"floor":31.0,"key":"Calipers"},{"floor":41.0,"key":"FossilizedHelix"},{"floor":42,"key":"Magic Flower"},{"floor":43,"key":"Boot"},{"floor":45,"key":"Pen Nib"},{"floor":54,"key":"Kunai"}],"event_choices":[{"damage_healed":0.0,"max_hp_gain":0.0,"max_hp_loss":0.0,"gold_gain":0.0,"cards_transformed":["Strike_R"],"event_name":"Transmorgrifier","player_choice":"Transformed","floor":2.0,"gold_loss":0.0,"damage_taken":0.0,"cards_obtained":["Rupture"]},{"cards_removed":["Rupture"],"damage_healed":0.0,"max_hp_gain":0.0,"max_hp_loss":0.0,"gold_gain":0.0,"event_name":"The Cleric","player_choice":"Card Removal","floor":8.0,"gold_loss":75.0,"damage_taken":0.0},{"damage_healed":0.0,"max_hp_gain":0.0,"max_hp_loss":0.0,"gold_gain":0.0,"event_name":"Lab","player_choice":"Got Potions","floor":11.0,"gold_loss":0.0,"damage_taken":0.0},{"damage_healed":0.0,"max_hp_gain":0.0,"max_hp_loss":0.0,"gold_gain":0.0,"event_name":"The Mausoleum","player_choice":"Ignored","floor":19.0,"gold_loss":0.0,"damage_taken":0.0},{"damage_healed":0.0,"max_hp_gain":0.0,"max_hp_loss":0.0,"gold_gain":0.0,"event_name":"Vampires","player_choice":"Ignored","floor":30.0,"gold_loss":0.0,"damage_taken":0.0},{"damage_healed":0.0,"max_hp_gain":0.0,"max_hp_loss":0.0,"gold_gain":0.0,"event_name":"MindBloom","player_choice":"Fight","floor":41.0,"gold_loss":0.0,"damage_taken":0.0}],"is_beta":true,"boss_relics":[{"not_picked":["Cursed Key","Calling Bell"],"picked":"Runic Pyramid"},{"not_picked":["Snecko Eye","Velvet Choker"],"picked":"Sozu"}],"items_purged_floors":[37],"is_endless":false,"potions_floor_spawned":[3,10,13,16,27,36,45,46,54],"ascension_level":15}