{"gold_per_floor":[113,113,87,87,104,134,134,167,167,199,211,211,211,223,223,297,297,312,312,312,325,725,725,739,739,763,763,774,809,826,337,337,416,466,485,498,79,79,94,122,122,151,175,201,217,217,82,108,108,108,108],"floor_reached":51,"playtime":2921,"items_purged":["Strike_R","Strike_R"],"score":1677,"play_id":"a9856a58-45ed-4832-81e6-04d010c03f9d","local_time":"20190426080704","is_ascension_mode":true,"campfire_choices":[{"data":"Inflame","floor":7,"key":"SMITH"},{"data":"Shockwave","floor":13,"key":"SMITH"},{"data":"Twin Strike","floor":15,"key":"SMITH"},{"data":"Fiend Fire","floor":23,"key":"SMITH"},{"data":"Sword Boomerang","floor":25,"key":"SMITH"},{"data":"Shockwave","floor":27,"key":"SMITH"},{"data":"Strike_R","floor":32,"key":"PURGE"},{"data":"True Grit","floor":41,"key":"SMITH"},{"floor":46,"key":"RECALL"},{"floor":49,"key":"REST"}],"neow_cost":"NONE","seed_source_timestamp":307662165045218,"circlet_count":0,"master_deck":["AscendersBane","Defend_R","Defend_R","Defend_R","Bash+1","Spot Weakness","Twin Strike+1","Inflame+1","Shockwave+1","Impervious+1","Shrug It Off","Metallicize","Fiend Fire+1","Sword Boomerang+1","Shockwave+1","Flex+1","Flame Barrier","Good Instincts","Limit Break","Corruption","True Grit+1","True Grit+1","Heavy Blade+1","Flash of Steel+1","Heavy Blade+1"],"relics":["Burning Blood","Mango","Paper Frog","Bottled Tornado","Kunai","Orichalcum","Runic Pyramid","Old Coin","Blue Candle","PreservedInsect","Sundial","Peace Pipe","Tiny House","Membership Card","Pantograph","Torii","Unceasing Top","Centennial Puzzle","Pen Nib","Oddly Smooth Stone","Whetstone"],"potions_floor_usage":[8,10,22,29,48,48],"damage_taken":[{"damage":10,"enemies":"2 Louse","floor":1,"turns":4},{"damage":4,"enemies":"Jaw Worm","floor":5,"turns":4},{"damage":32,"enemies":"Gremlin Nob","floor":6,"turns":4},{"damage":15,"enemies":"3 Sentries","floor":8,"turns":5},{"damage":11,"enemies":"Lagavulin","floor":10,"turns":6},{"damage":0,"enemies":"Cultist","floor":11,"turns":4},{"damage":8,"enemies":"3 Louse","floor":14,"turns":5},{"damage":10,"enemies":"Hexaghost","floor":16,"turns":9},{"damage":13,"enemies":"2 Thieves","floor":18,"turns":4},{"damage":16,"enemies":"Shell Parasite","floor":21,"turns":4},{"damage":2,"enemies":"Colosseum Slavers","floor":22,"turns":3},{"damage":2,"enemies":"Colosseum Nobs","floor":22,"turns":4},{"damage":0,"enemies":"Snecko","floor":24,"turns":3},{"damage":6,"enemies":"3 Cultists","floor":28,"turns":5},{"damage":0,"enemies":"Book of Stabbing","floor":29,"turns":2},{"damage":0,"enemies":"Chosen and Byrds","floor":30,"turns":5},{"damage":38,"enemies":"Collector","floor":33,"turns":8},{"damage":5,"enemies":"3 Shapes","floor":35,"turns":5},{"damage":11,"enemies":"Orb Walker","floor":36,"turns":4},{"damage":22,"enemies":"3 Darklings","floor":39,"turns":4},{"damage":0,"enemies":"Nemesis","floor":40,"turns":3},{"damage":50,"enemies":"Reptomancer","floor":42,"turns":4},{"damage":7,"enemies":"Nemesis","floor":44,"turns":3},{"damage":14,"enemies":"Spire Growth","floor":45,"turns":5},{"damage":1,"enemies":"Reptomancer","floor":48,"turns":3},{"damage":48,"enemies":"Donu and Deca","floor":50,"turns":6},{"damage":78,"enemies":"Awakened One","floor":51,"turns":7}],"seed_played":"-759367534834136794","potions_obtained":[{"floor":1,"key":"FearPotion"},{"floor":6,"key":"SkillPotion"},{"floor":8,"key":"PowerPotion"},{"floor":14,"key":"Fire Potion"},{"floor":22,"key":"SpeedPotion"},{"floor":30,"key":"Poison Potion"},{"floor":33,"key":"GamblersBrew"},{"floor":36,"key":"FearPotion"}],"is_trial":false,"path_per_floor":["M","?","$","?","M","E","R","E","T","E","M","T","R","M","R","B",null,"M","?","?","M","?","R","M","R","T","R","M","E","M","$","R","B",null,"M","M","$","?","M","E","R","E","T","E","M","R","$","E","R","B","B"],"character_chosen":"IRONCLAD","items_purchased":["Twin Strike","Good Instincts","Peace Pipe","Membership Card","Pantograph","Oddly Smooth Stone","Flash of Steel"],"campfire_rested":1,"item_purchase_floors":[3,31,31,37,37,47,47],"current_hp_per_floor":[64,73,73,73,75,49,49,40,40,35,41,41,41,39,39,35,76,69,69,69,59,67,67,73,73,73,73,73,79,85,85,85,53,85,86,81,81,81,65,71,71,27,27,26,18,18,18,23,51,34,0],"gold":108,"neow_bonus":"REMOVE_CARD","is_prod":false,"is_daily":false,"chose_seed":false,"campfire_upgraded":7,"win_rate":0,"timestamp":1556280424,"path_taken":["M","?","$","?","M","E","R","E","T","E","?","?","R","?","R","BOSS","M","?","?","?","?","R","M","R","T","R","M","E","M","$","R","BOSS","M","M","$","?","M","E","R","E","T","E","?","R","$","E","R","BOSS","BOSS"],"build_version":"2019-01-23","purchased_purges":2,"victory":false,"max_hp_per_floor":[75,89,89,89,89,89,89,89,89,89,89,89,89,89,89,89,89,89,89,89,89,89,89,89,89,89,89,89,89,89,89,89,89,94,94,94,94,94,94,94,94,94,94,94,94,94,94,94,94,94,94],"card_choices":[{"not_picked":["Warcry","Iron Wave"],"picked":"Spot Weakness","floor":1},{"not_picked":["Heavy Blade","Headbutt"],"picked":"Inflame","floor":5},{"not_picked":["Pommel Strike","Warcry"],"picked":"Shockwave","floor":6},{"not_picked":["Body Slam","Hemokinesis"],"picked":"Impervious","floor":8},{"not_picked":["Clothesline","Wild Strike"],"picked":"Shrug It Off","floor":10},{"not_picked":["Fire Breathing","Havoc","Rupture"],"picked":"SKIP","floor":11},{"not_picked":["Fire Breathing","Inflame"],"picked":"Metallicize","floor":14},{"not_picked":["Demon Form","Juggernaut"],"picked":"Fiend Fire","floor":16},{"not_picked":["Clash","Armaments"],"picked":"Sword Boomerang","floor":18},{"not_picked":["Rampage","Body Slam","Burning Pact"],"picked":"SKIP","floor":21},{"not_picked":["Power Through","Rage"],"picked":"Shockwave","floor":24},{"not_picked":["Rage","Warcry"],"picked":"Flex+1","floor":28},{"not_picked":["Carnage","Reaper"],"picked":"Flame Barrier","floor":29},{"not_picked":["Heavy Blade","Infernal Blade","Wild Strike"],"picked":"SKIP","floor":30},{"not_picked":["Demon Form","Impervious"],"picked":"Limit Break","floor":33},{"not_picked":["Battle Trance+1","Bloodletting"],"picked":"Corruption","floor":34},{"not_picked":["Headbutt+1","Pommel Strike"],"picked":"True Grit","floor":35},{"not_picked":["Perfected Strike","Combust+1","Immolate"],"picked":"SKIP","floor":36},{"not_picked":["Dual Wield","Rampage","Anger"],"picked":"SKIP","floor":39},{"not_picked":["Warcry","Clash"],"picked":"True Grit+1","floor":40},{"not_picked":["Pommel Strike","Flame Barrier"],"picked":"Heavy Blade","floor":42},{"not_picked":["Burning Pact","Dual Wield","Clothesline"],"picked":"SKIP","floor":44},{"not_picked":["Clash","Spot Weakness","Inflame"],"picked":"SKIP","floor":45},{"not_picked":["Demon Form","Thunderclap"],"picked":"Heavy Blade+1","floor":48}],"player_experience":1956076,"relics_obtained":[{"floor":6,"key":"Paper Frog"},{"floor":8,"key":"Bottled Tornado"},{"floor":9,"key":"Kunai"},{"floor":10,"key":"Orichalcum"},{"floor":22,"key":"Old Coin"},{"floor":22,"key":"Blue Candle"},{"floor":26,"key":"PreservedInsect"},{"floor":29,"key":"Sundial"},{"floor":40,"key":"Torii"},{"floor":42,"key":"Unceasing Top"},{"floor":43,"key":"Centennial Puzzle"},{"floor":44,"key":"Pen Nib"},{"floor":48,"key":"Whetstone"}],"event_choices":[{"damage_healed":0,"gold_gain":0,"player_choice":"Success","damage_taken":5,"relics_obtained":["Mango"],"max_hp_gain":0,"max_hp_loss":0,"event_name":"Scrap Ooze","floor":2,"gold_loss":0},{"damage_healed":0,"gold_gain":0,"player_choice":"Grow","damage_taken":0,"max_hp_gain":0,"max_hp_loss":0,"event_name":"Living Wall","floor":4,"gold_loss":0,"cards_upgraded":["Bash"]},{"damage_healed":0,"gold_gain":0,"player_choice":"Ignored","damage_taken":0,"max_hp_gain":0,"max_hp_loss":0,"event_name":"Ghosts","floor":19,"gold_loss":0},{"cards_removed":["Strike_R"],"damage_healed":0,"gold_gain":0,"player_choice":"Purged","damage_taken":0,"max_hp_gain":0,"max_hp_loss":0,"event_name":"Purifier","floor":20,"gold_loss":0},{"damage_healed":0,"gold_gain":0,"player_choice":"Fight","damage_taken":0,"max_hp_gain":0,"max_hp_loss":0,"event_name":"Colosseum","floor":22,"gold_loss":0},{"damage_healed":0,"gold_gain":0,"player_choice":"Fought Nobs","damage_taken":0,"max_hp_gain":0,"max_hp_loss":0,"event_name":"Colosseum","floor":22,"gold_loss":0},{"cards_removed":["Defend_R"],"damage_healed":0,"gold_gain":0,"player_choice":"Card Removal","damage_taken":0,"max_hp_gain":0,"max_hp_loss":0,"event_name":"Wheel of Change","floor":38,"gold_loss":0}],"is_beta":false,"boss_relics":[{"not_picked":["Calling Bell","Astrolabe"],"picked":"Runic Pyramid"},{"not_picked":["Pandora\u0027s Box","Snecko Eye"],"picked":"Tiny House"}],"items_purged_floors":[31,37],"is_endless":false,"potions_floor_spawned":[1,6,8,14,18,22,24,30,33,35,36,39,40],"killed_by":"Awakened One","ascension_level":20}