{"gold_per_floor":[113,29,29,29,39,68,88,88,88,88,98,114,114,142,142,142],"floor_reached":16,"playtime":477,"items_purged":[],"score":270,"play_id":"11a5172e-d9e2-4137-b5d6-1b2a089b50b7","local_time":"20181205152851","is_ascension_mode":true,"campfire_choices":[{"data":"Neutralize","floor":8,"key":"SMITH"},{"data":"Footwork","floor":10,"key":"SMITH"},{"data":"Adrenaline","floor":13,"key":"SMITH"},{"data":"Dash","floor":15,"key":"SMITH"}],"neow_cost":"NONE","seed_source_timestamp":446591574470419,"circlet_count":0,"master_deck":["AscendersBane","Defend_G","Defend_G","Defend_G","Defend_G","Defend_G","Strike_G","Strike_G","Strike_G","Strike_G","Survivor","Neutralize+1","PiercingWail","Footwork+1","Well Laid Plans","Blur","Sucker Punch","Dagger Throw","Adrenaline+1","Dash+1"],"relics":["Ring of the Snake","NeowsBlessing","Shuriken","Incense Burner","Centennial Puzzle","Snake Skull"],"potions_floor_usage":[],"damage_taken":[{"damage":0,"enemies":"2 Louse","floor":1,"turns":1},{"damage":0,"enemies":"Small Slimes","floor":5,"turns":1},{"damage":0,"enemies":"Gremlin Nob","floor":6,"turns":1},{"damage":0,"enemies":"Cultist","floor":7,"turns":7},{"damage":2,"enemies":"2 Fungi Beasts","floor":11,"turns":5},{"damage":1,"enemies":"Looter","floor":12,"turns":4},{"damage":9,"enemies":"3 Sentries","floor":14,"turns":11},{"damage":49,"enemies":"Slime Boss","floor":16,"turns":13}],"seed_played":"5525335582067661536","potions_obtained":[{"floor":1,"key":"Regen Potion"}],"is_trial":false,"path_per_floor":["M","$","?","?","M","E","M","R","T","R","M","M","R","E","R","B"],"character_chosen":"THE_SILENT","items_purchased":["Footwork"],"campfire_rested":0,"item_purchase_floors":[2],"current_hp_per_floor":[59,59,52,52,52,52,52,52,52,52,50,49,49,40,40,0],"gold":142,"neow_bonus":"THREE_ENEMY_KILL","is_prod":false,"is_daily":false,"chose_seed":false,"campfire_upgraded":4,"win_rate":0,"timestamp":1544048931,"path_taken":["M","$","?","?","M","E","M","R","T","R","M","?","R","E","R","BOSS"],"build_version":"2018-12-05","purchased_purges":0,"victory":false,"max_hp_per_floor":[66,66,66,66,66,66,66,66,66,66,66,66,66,66,66,66],"card_choices":[{"not_picked":["Skewer","Outmaneuver"],"picked":"PiercingWail","floor":1},{"not_picked":["Eviscerate","Concentrate"],"picked":"Well Laid Plans","floor":5},{"not_picked":["Prepared","Expertise"],"picked":"Blur","floor":6},{"not_picked":["Skewer","Quick Slash"],"picked":"Sucker Punch","floor":7},{"not_picked":["Acrobatics","Underhanded Strike","Dagger Throw"],"picked":"SKIP","floor":11},{"not_picked":["Acrobatics","Underhanded Strike"],"picked":"Dagger Throw","floor":11},{"not_picked":["Backflip","Flying Knee"],"picked":"Adrenaline","floor":12},{"not_picked":["Acrobatics","Deadly Poison"],"picked":"Dash","floor":14}],"player_experience":972846,"relics_obtained":[{"floor":6,"key":"Incense Burner"},{"floor":9,"key":"Centennial Puzzle"},{"floor":14,"key":"Snake Skull"}],"event_choices":[{"cards_removed":["Strike_G"],"damage_healed":0,"gold_gain":0,"player_choice":"Card Removal","damage_taken":7,"max_hp_gain":0,"max_hp_loss":0,"event_name":"Golden Wing","floor":3,"gold_loss":0},{"damage_healed":0,"gold_gain":0,"player_choice":"Gave Potion","damage_taken":0,"relics_obtained":["Shuriken"],"max_hp_gain":0,"max_hp_loss":0,"event_name":"WeMeetAgain","floor":4,"gold_loss":0}],"is_beta":true,"boss_relics":[],"items_purged_floors":[],"is_endless":false,"potions_floor_spawned":[1],"killed_by":"Slime Boss","ascension_level":20}