{"path_per_floor":["M","?","M","?","M","E","R","M","T","R","E","R","M","M","R","B",null,"M","M","?","M","$","E","R","E","T","M","?","$","E","M","R","B",null,"M","?","$","?","?","R","E","R","T"],"character_chosen":"IRONCLAD","items_purchased":["Shuriken","Metallicize","Bottled Flame","Feel No Pain"],"gold_per_floor":[110,160,171,121,139,171,171,184,184,184,219,219,237,250,250,355,355,375,388,388,398,101,127,127,156,156,172,422,85,119,139,139,234,234,247,247,66,66,66,66,96,96,96],"floor_reached":44,"campfire_rested":0,"playtime":3094,"current_hp_per_floor":[80,80,80,80,80,70,70,76,76,76,59,59,65,65,65,56,80,69,67,52,58,58,55,55,45,45,51,51,51,58,70,70,83,85,85,85,85,85,85,85,24,24,24],"items_purged":["Regret","Anger"],"gold":96,"score":522,"play_id":"ae274049-c630-4c83-b680-6817a6c7ccfd","is_prod":false,"is_daily":false,"is_ascension_mode":true,"campfire_upgraded":8,"path_taken":["M","?","?","?","M","E","R","M","T","R","E","R","M","?","R","BOSS","M","?","?","M","?","E","R","E","T","M","?","$","E","M","R","BOSS","M","?","$","?","?","R","E","R","T","M"],"build_version":"2018-02-08-PROD1","purchased_purges":3,"victory":false,"master_deck":["Strike_R","Strike_R","Defend_R","Defend_R","Defend_R","Bash","Bludgeon+1","Berserk","Flame Barrier","Bludgeon+1","Disarm","Rampage+1","Dark Embrace+1","Double Tap+1","Flame Barrier","Corruption+1","Sentinel","Metallicize","Sentinel+1","Heavy Blade+1","Infernal Blade+1","Spot Weakness","Fiend Fire+1","Armaments+1","Feel No Pain+1","Sword Boomerang+1"],"max_hp_per_floor":[80,80,80,80,80,80,80,80,80,80,80,80,80,80,80,80,80,80,80,85,85,85,85,85,85,85,85,85,85,85,85,85,85,85,85,85,85,85,85,85,85,85,85],"relics":["Black Blood","Meat on the Bone","Torii","Bird Faced Urn","Sozu","Shuriken","Gambling Chip","Orichalcum","Juzu Bracelet","Bottled Flame","Calipers","Pantograph","Pen Nib"],"card_choices":[{"not_picked":["True Grit","Shrug It Off"],"picked":"Berserk"},{"not_picked":["Iron Wave","Havoc"],"picked":"Flame Barrier"},{"not_picked":["Hemokinesis","Wild Strike"],"picked":"Bludgeon"},{"not_picked":["Rage","Havoc"],"picked":"Disarm"},{"not_picked":["Corruption","Armaments"],"picked":"Rampage"},{"not_picked":["Pommel Strike","Headbutt"],"picked":"Dark Embrace"},{"not_picked":["Feed","Limit Break"],"picked":"Double Tap"},{"not_picked":["Body Slam","Twin Strike"],"picked":"Flame Barrier"},{"not_picked":["Wild Strike","Iron Wave"],"picked":"Corruption"},{"not_picked":["Clothesline","Pummel"],"picked":"Sentinel"},{"not_picked":["Anger","Whirlwind"],"picked":"Sentinel"},{"not_picked":["Headbutt","Feel No Pain"],"picked":"Heavy Blade"},{"not_picked":["Entrench","Iron Wave"],"picked":"Infernal Blade"},{"not_picked":["Pummel","True Grit"],"picked":"Spot Weakness"},{"not_picked":["Bludgeon","Brutality"],"picked":"Fiend Fire"},{"not_picked":["Cleave","Body Slam"],"picked":"Armaments"},{"not_picked":["Iron Wave","Clothesline"],"picked":"Sword Boomerang"}],"player_experience":200004,"potions_floor_usage":[8,11],"damage_taken":[{"damage":0,"enemies":"Cultist","floor":1,"turns":2},{"damage":3,"enemies":"Small Slimes","floor":3,"turns":4},{"damage":4,"enemies":"Blue Slaver","floor":5,"turns":5},{"damage":16,"enemies":"Gremlin Nob","floor":6,"turns":4},{"damage":0,"enemies":"2 Fungi Beasts","floor":8,"turns":3},{"damage":23,"enemies":"Lagavulin","floor":11,"turns":6},{"damage":0,"enemies":"Exordium Wildlife","floor":13,"turns":2},{"damage":8,"enemies":"3 Louse","floor":14,"turns":5},{"damage":19,"enemies":"Hexaghost","floor":16,"turns":9},{"damage":17,"enemies":"3 Byrds","floor":18,"turns":5},{"damage":12,"enemies":"Chosen","floor":19,"turns":3},{"damage":18,"enemies":"Snecko","floor":21,"turns":4},{"damage":29,"enemies":"Book of Stabbing","floor":23,"turns":5},{"damage":36,"enemies":"Slavers","floor":25,"turns":6},{"damage":8,"enemies":"Snake Plant","floor":27,"turns":3},{"damage":19,"enemies":"Gremlin Leader","floor":30,"turns":7},{"damage":0,"enemies":"Centurion and Healer","floor":31,"turns":2},{"damage":1,"enemies":"Champ","floor":33,"turns":7},{"damage":14,"enemies":"3 Shapes","floor":35,"turns":5},{"damage":83,"enemies":"Giant Head","floor":41,"turns":9},{"damage":26,"enemies":"3 Darklings","floor":44,"turns":2}],"event_choices":[{"event_name":"Golden Wing","player_choice":"Gained Gold","floor":2,"damage_taken":0},{"event_name":"The Cleric","player_choice":"Card Removal","floor":4,"damage_taken":0},{"event_name":"Forgotten Altar","player_choice":"Shed Blood","floor":20,"damage_taken":0},{"event_name":"Golden Shrine","player_choice":"Desecrate","floor":28,"damage_taken":0},{"event_name":"Transmorgrifier","player_choice":"Transform","floor":36,"damage_taken":0},{"event_name":"Bonfire Elementals","player_choice":"BASIC","floor":39,"damage_taken":0}],"boss_relics":[{"not_picked":["White Beast Statue","Pandora\u0027s Box"],"picked":"Sozu"},{"not_picked":["Runic Dome","Velvet Choker"],"picked":"Black Blood"}],"potions_floor_spawned":[5,6,13,21,25,27,30,31],"seed_played":"6240415428888838673","killed_by":"3 Darklings","ascension_level":3,"is_trial":false}