{"gold_per_floor":[217,292,6,6,17,17,52,52,79,108,131,143,67,67,67,140,140,158,83,83,102,102,131,131,31,101,101,101,129,141,161,161,235,235,246,296,310,310,109,122,153,170,170,189,208,226,139,149,149,149,149,149,149,62,92,92],"floor_reached":57,"playtime":5162,"items_purged":["Strike_B","Defend_B","Zap"],"score":2710,"play_id":"ebdbf085-a0a1-4354-8d35-7f3c03b38d27","local_time":"20190507183024","is_ascension_mode":true,"campfire_choices":[{"data":"Defragment","floor":6,"key":"SMITH"},{"floor":8,"key":"REST"},{"data":"Capacitor","floor":15,"key":"SMITH"},{"data":"Barrage","floor":24,"key":"SMITH"},{"data":"Seek","floor":28,"key":"SMITH"},{"data":"Coolheaded","floor":32,"key":"SMITH"},{"floor":49,"key":"RECALL"},{"data":"Loop","floor":53,"key":"SMITH"}],"neow_cost":"NONE","seed_source_timestamp":29728074166502,"circlet_count":0,"master_deck":["AscendersBane","Defend_B+1","Defend_B","Dualcast","Defragment+1","Cold Snap","Coolheaded+1","Genetic Algorithm","Electrodynamics","Self Repair","Capacitor+1","Seek+1","Barrage+1","Glacier","BootSequence+1","Force Field","Hologram","Seek","Capacitor+1","Fusion+1","Compile Driver+1","Defragment+1","Loop+1","Compile Driver","Steam Power+1","Recycle","Static Discharge","Skim","Turbo+1"],"relics":["Cracked Core","DataDisk","Art of War","Regal Pillow","Cables","Odd Mushroom","Coffee Dripper","Singing Bowl","Boot","Astrolabe","Bag of Marbles","Bottled Flame","Bronze Scales"],"potions_floor_usage":[16,29,33,56,56],"damage_taken":[{"damage":4,"enemies":"2 Louse","floor":1,"turns":3},{"damage":0,"enemies":"Jaw Worm","floor":5,"turns":3},{"damage":26,"enemies":"Gremlin Nob","floor":7,"turns":4},{"damage":0,"enemies":"3 Sentries","floor":10,"turns":14},{"damage":8,"enemies":"The Mushroom Lair","floor":11,"turns":4},{"damage":0,"enemies":"Small Slimes","floor":12,"turns":3},{"damage":1,"enemies":"Hexaghost","floor":16,"turns":9},{"damage":16,"enemies":"Shell Parasite","floor":18,"turns":5},{"damage":0,"enemies":"Chosen","floor":21,"turns":4},{"damage":15,"enemies":"Gremlin Leader","floor":23,"turns":7},{"damage":10,"enemies":"Slavers","floor":29,"turns":4},{"damage":0,"enemies":"Snecko","floor":30,"turns":5},{"damage":0,"enemies":"Snake Plant","floor":31,"turns":4},{"damage":4,"enemies":"Champ","floor":33,"turns":14},{"damage":0,"enemies":"3 Shapes","floor":35,"turns":4},{"damage":0,"enemies":"Orb Walker","floor":37,"turns":4},{"damage":2,"enemies":"4 Shapes","floor":40,"turns":5},{"damage":3,"enemies":"Nemesis","floor":41,"turns":15},{"damage":0,"enemies":"Maw","floor":42,"turns":7},{"damage":0,"enemies":"Jaw Worm Horde","floor":44,"turns":6},{"damage":0,"enemies":"Transient","floor":45,"turns":6},{"damage":12,"enemies":"Writhing Mass","floor":46,"turns":8},{"damage":17,"enemies":"Spire Growth","floor":48,"turns":5},{"damage":0,"enemies":"Donu and Deca","floor":50,"turns":10},{"damage":62,"enemies":"Awakened One","floor":51,"turns":17},{"damage":42,"enemies":"Shield and Spear","floor":55,"turns":6},{"damage":20,"enemies":"The Heart","floor":56,"turns":9}],"seed_played":"7433077901504946163","potions_obtained":[{"floor":5,"key":"Explosive Potion"},{"floor":10,"key":"LiquidBronze"},{"floor":16,"key":"Strength Potion"},{"floor":29,"key":"Dexterity Potion"},{"floor":35,"key":"PowerPotion"},{"floor":40,"key":"LiquidBronze"},{"floor":55,"key":"Weak Potion"}],"is_trial":false,"path_per_floor":["M","?","$","?","M","R","E","R","T","E","?","M","$","?","R","B",null,"M","?","$","M","?","E","R","$","T","?","R","E","M","M","R","B",null,"M","?","M","?","$","M","E","M","T","M","M","M","$","M","R","B","B",null,"R","$","E","B",null],"character_chosen":"DEFECT","items_purchased":["DataDisk","Cold Snap","Capacitor","Loop","Static Discharge","Skim"],"campfire_rested":1,"item_purchase_floors":[3,3,13,39,47,54],"current_hp_per_floor":[60,49,49,42,42,42,16,37,37,37,29,29,29,8,8,14,57,48,48,48,55,55,49,49,49,49,49,49,46,53,60,60,63,71,75,75,77,77,77,77,79,81,81,81,83,78,78,70,70,77,22,69,69,69,34,21],"gold":92,"neow_bonus":"HUNDRED_GOLD","is_prod":false,"is_daily":false,"chose_seed":false,"campfire_upgraded":6,"win_rate":0,"timestamp":1557279024,"path_taken":["M","?","$","?","M","R","E","R","T","E","?","M","?","?","R","BOSS","M","?","$","M","?","E","R","$","T","?","R","E","?","M","R","BOSS","M","?","?","?","$","M","E","M","T","M","M","M","$","M","R","BOSS","BOSS","R","$","E","BOSS"],"build_version":"2019-04-23","purchased_purges":3,"victory":true,"max_hp_per_floor":[71,71,71,71,71,71,71,71,71,71,71,71,71,71,71,71,71,71,71,71,71,71,73,73,73,73,73,73,73,73,73,73,73,73,75,75,77,77,77,77,79,81,81,81,83,83,83,85,85,85,85,85,85,85,85,85],"card_choices":[{"not_picked":["Rebound","Darkness"],"picked":"Defragment","floor":1},{"not_picked":["Coolheaded","Capacitor"],"picked":"FTL","floor":5},{"not_picked":["Steam","Stack"],"picked":"Coolheaded","floor":7},{"not_picked":["BootSequence","Chaos"],"picked":"Genetic Algorithm","floor":10},{"not_picked":["Double Energy","FTL"],"picked":"Electrodynamics","floor":11},{"not_picked":["Leap","Chaos"],"picked":"Self Repair","floor":12},{"not_picked":["Electrodynamics","Fission"],"picked":"Seek","floor":16},{"not_picked":["Ball Lightning+1","Streamline"],"picked":"Barrage","floor":18},{"not_picked":["Beam Cell+1","FTL","Ball Lightning"],"picked":"SKIP","floor":21},{"not_picked":["Aggregate","Beam Cell","Sweeping Beam"],"picked":"Singing Bowl","floor":23},{"not_picked":["Ball Lightning","Steam Power"],"picked":"BootSequence+1","floor":29},{"not_picked":["Turbo","Streamline"],"picked":"Force Field","floor":30},{"not_picked":["Rebound","Go for the Eyes"],"picked":"Hologram","floor":31},{"not_picked":["Fission","Electrodynamics"],"picked":"Seek","floor":33},{"not_picked":["Leap","Compile Driver","Cold Snap+1"],"picked":"Singing Bowl","floor":35},{"not_picked":["Compile Driver","Sweeping Beam+1","Rebound"],"picked":"Singing Bowl","floor":37},{"not_picked":["Ball Lightning","Consume"],"picked":"Compile Driver","floor":40},{"not_picked":["Gash","Reprogram","BootSequence"],"picked":"Singing Bowl","floor":41},{"not_picked":["Rebound+1","Ball Lightning","Cold Snap"],"picked":"Singing Bowl","floor":42},{"not_picked":["Streamline+1","Hello World"],"picked":"Steam Power+1","floor":44},{"not_picked":["Sweeping Beam+1","Chaos","Conserve Battery"],"picked":"Singing Bowl","floor":45},{"not_picked":["Multi-Cast","Skim"],"picked":"Recycle","floor":46},{"not_picked":["Steam","Streamline","Barrage"],"picked":"Singing Bowl","floor":48},{"not_picked":["Compile Driver+1","Ball Lightning"],"picked":"Turbo+1","floor":55}],"player_experience":6249777,"relics_obtained":[{"floor":7,"key":"Art of War"},{"floor":9,"key":"Regal Pillow"},{"floor":10,"key":"Cables"},{"floor":11,"key":"Odd Mushroom"},{"floor":23,"key":"Singing Bowl"},{"floor":29,"key":"Boot"},{"floor":41,"key":"Bag of Marbles"},{"floor":43,"key":"Bottled Flame"},{"floor":55,"key":"Bronze Scales"}],"event_choices":[{"damage_healed":0,"gold_gain":75,"player_choice":"Gather Gold","damage_taken":11,"max_hp_gain":0,"max_hp_loss":0,"event_name":"World of Goop","floor":2,"gold_loss":0},{"cards_removed":["Strike_B"],"damage_healed":0,"gold_gain":0,"player_choice":"Card Removal","damage_taken":7,"max_hp_gain":0,"max_hp_loss":0,"event_name":"Golden Wing","floor":4,"gold_loss":0},{"damage_healed":0,"gold_gain":0,"player_choice":"Fought Mushrooms","damage_taken":0,"max_hp_gain":0,"max_hp_loss":0,"event_name":"Mushrooms","floor":11,"gold_loss":0},{"damage_healed":0,"gold_gain":0,"player_choice":"Entered Light","damage_taken":21,"max_hp_gain":0,"max_hp_loss":0,"event_name":"Shining Light","floor":14,"gold_loss":0,"cards_upgraded":["Strike_B","Defend_B"]},{"cards_removed":["Strike_B"],"damage_healed":0,"gold_gain":0,"player_choice":"Gave Gold","damage_taken":0,"max_hp_gain":0,"max_hp_loss":0,"event_name":"Beggar","floor":19,"gold_loss":75},{"damage_healed":0,"gold_gain":0,"player_choice":"Read","damage_taken":0,"max_hp_gain":0,"max_hp_loss":0,"event_name":"The Library","floor":22,"gold_loss":0,"cards_obtained":["Glacier"]},{"damage_healed":0,"gold_gain":0,"player_choice":"Ignored","damage_taken":0,"max_hp_gain":0,"max_hp_loss":0,"event_name":"The Mausoleum","floor":27,"gold_loss":0},{"damage_healed":0,"gold_gain":50,"player_choice":"Pray","damage_taken":0,"max_hp_gain":0,"max_hp_loss":0,"event_name":"Golden Shrine","floor":36,"gold_loss":0},{"damage_healed":0,"gold_gain":0,"player_choice":"Copied","damage_taken":0,"max_hp_gain":0,"max_hp_loss":0,"event_name":"Duplicator","floor":38,"gold_loss":0,"cards_obtained":["Defragment"]}],"is_beta":true,"boss_relics":[{"not_picked":["Lizard Tail","Orrery"],"picked":"Coffee Dripper"},{"not_picked":["Empty Cage","FrozenCore"],"picked":"Astrolabe"}],"items_purged_floors":[3,25,39],"is_endless":false,"potions_floor_spawned":[5,10,16,18,29,35,37,40,55],"ascension_level":20}