{"gold_per_floor":[115,127,139,139,157,157,180,216,216,232,232,29,29,42,42,167,167,188,212,57,57,70,403,403,403],"floor_reached":25,"playtime":1470,"items_purged":[],"score":250,"play_id":"50644450-772d-405f-8522-b44d8b6f7831","local_time":"20190422222654","is_ascension_mode":false,"campfire_choices":[{"data":"Defragment","floor":6,"key":"SMITH"},{"data":"Genetic Algorithm","floor":15,"key":"SMITH"},{"data":"Buffer","floor":24,"key":"SMITH"}],"neow_cost":"TEN_PERCENT_HP_LOSS","seed_source_timestamp":15990033042249,"circlet_count":0,"master_deck":["Strike_B+1","Strike_B+1","Strike_B+1","Defend_B+1","Defend_B+1","Defend_B+1","Zap","Dualcast","FTL","Consume","Turbo","Defragment+1","Conserve Battery","Defragment+1","Genetic Algorithm+1","Glacier","Cold Snap","Barrage","Buffer+1","Barrage","Amplify","Seek","Loop+1"],"relics":["Cracked Core","Golden Idol","FossilizedHelix","Matryoshka","Lee\u0027s Waffle","Eternal Feather","Old Coin"],"potions_floor_usage":[23,23],"damage_taken":[{"damage":1,"enemies":"Cultist","floor":1,"turns":3},{"damage":3,"enemies":"Jaw Worm","floor":2,"turns":3},{"damage":5,"enemies":"2 Louse","floor":3,"turns":3},{"damage":4,"enemies":"Blue Slaver","floor":5,"turns":3},{"damage":9,"enemies":"3 Louse","floor":7,"turns":4},{"damage":31,"enemies":"Lagavulin","floor":8,"turns":6},{"damage":0,"enemies":"Exordium Wildlife","floor":10,"turns":4},{"damage":0,"enemies":"Blue Slaver","floor":14,"turns":3},{"damage":7,"enemies":"The Guardian","floor":16,"turns":14},{"damage":0,"enemies":"Shell Parasite","floor":18,"turns":6},{"damage":14,"enemies":"Spheric Guardian","floor":19,"turns":5},{"damage":17,"enemies":"Snecko","floor":22,"turns":7},{"damage":0,"enemies":"Book of Stabbing","floor":23,"turns":8},{"damage":70,"enemies":"Slavers","floor":25,"turns":4}],"seed_played":"-2727620344847658675","potions_obtained":[{"floor":1,"key":"Dexterity Potion"},{"floor":8,"key":"Dexterity Potion"},{"floor":10,"key":"SteroidPotion"},{"floor":14,"key":"Dexterity Potion"},{"floor":18,"key":"Explosive Potion"}],"is_trial":false,"path_per_floor":["M","M","M","?","M","R","M","E","T","M","?","$","?","M","R","B",null,"M","M","$","?","M","E","R","E"],"character_chosen":"DEFECT","items_purchased":["Lee\u0027s Waffle","Seek"],"campfire_rested":0,"item_purchase_floors":[12,20],"current_hp_per_floor":[67,64,59,59,55,55,46,15,15,15,8,75,60,60,60,53,75,75,61,61,61,44,44,56,0],"gold":403,"neow_bonus":"TRANSFORM_TWO_CARDS","is_prod":false,"is_daily":false,"chose_seed":false,"campfire_upgraded":3,"win_rate":0,"timestamp":1555986414,"path_taken":["M","M","M","?","M","R","M","E","T","M","?","$","?","M","R","BOSS","M","M","$","?","M","E","R","E"],"build_version":"2019-01-23","purchased_purges":0,"victory":false,"max_hp_per_floor":[68,68,68,68,68,68,68,68,68,68,68,75,75,75,75,75,75,75,75,75,75,75,75,75,75],"card_choices":[{"not_picked":["Scrape","Sweeping Beam"],"picked":"Turbo","floor":1},{"not_picked":["Double Energy","Turbo"],"picked":"Defragment","floor":2},{"not_picked":["Skim","Beam Cell"],"picked":"Conserve Battery","floor":3},{"not_picked":["Skim","Ball Lightning"],"picked":"Defragment","floor":5},{"not_picked":["Skim","Leap"],"picked":"Genetic Algorithm","floor":7},{"not_picked":["Genetic Algorithm","Seek"],"picked":"Glacier","floor":8},{"not_picked":["Consume","Sweeping Beam"],"picked":"Cold Snap","floor":10},{"not_picked":["Leap","Stack"],"picked":"Barrage","floor":14},{"not_picked":["Meteor Strike","Reboot"],"picked":"Buffer","floor":16},{"not_picked":["Streamline","Hologram+1"],"picked":"Barrage","floor":18},{"not_picked":["Compile Driver","Gash+1"],"picked":"Amplify","floor":19},{"not_picked":["Beam Cell","Turbo"],"picked":"Loop+1","floor":22},{"not_picked":["Machine Learning","Genetic Algorithm","Rebound"],"picked":"SKIP","floor":23}],"player_experience":888117,"relics_obtained":[{"floor":8,"key":"FossilizedHelix"},{"floor":9,"key":"Matryoshka"},{"floor":23,"key":"Old Coin"}],"event_choices":[{"damage_healed":0,"gold_gain":0,"player_choice":"Take Wound","damage_taken":0,"relics_obtained":["Golden Idol"],"max_hp_gain":0,"max_hp_loss":0,"event_name":"Golden Idol","floor":4,"gold_loss":0,"cards_obtained":["Injury"]},{"cards_removed":["Injury"],"damage_healed":0,"gold_gain":0,"player_choice":"Card Removal","damage_taken":7,"max_hp_gain":0,"max_hp_loss":0,"event_name":"Golden Wing","floor":11,"gold_loss":0},{"damage_healed":0,"gold_gain":0,"player_choice":"Entered Light","damage_taken":15,"max_hp_gain":0,"max_hp_loss":0,"event_name":"Shining Light","floor":13,"gold_loss":0,"cards_upgraded":["Strike_B","Defragment"]},{"damage_healed":0,"gold_gain":0,"player_choice":"Simplicity","damage_taken":0,"max_hp_gain":0,"max_hp_loss":0,"event_name":"Back to Basics","floor":21,"gold_loss":0,"cards_upgraded":["Strike_B","Strike_B","Defend_B","Defend_B","Defend_B"]}],"is_beta":false,"boss_relics":[{"not_picked":["Ectoplasm","Calling Bell"],"picked":"Eternal Feather"}],"items_purged_floors":[],"is_endless":false,"potions_floor_spawned":[1,8,10,14,16,18,19],"killed_by":"Slavers","ascension_level":0}