{"path_per_floor":["M","M","?","M","?","R","E","R","T","M","M","R","E","$","R","B",null,"M","?","?","?","?","R","$","E","T","M","M","M","M","M","R","B",null,"M","M","?","?","M","R","$","R","T","R","M","M","M","M","R"],"character_chosen":"DEFECT","items_purchased":["Storm","Ball Lightning","Chill","Mummified Hand"],"gold_per_floor":[118,130,130,142,142,142,167,167,167,186,205,205,236,132,132,229,229,247,247,247,247,247,247,102,130,155,175,195,210,226,240,240,335,335,345,365,365,365,380,380,24,24,47,47,60,77,94,109,109,109],"floor_reached":50,"campfire_rested":3,"playtime":2206,"item_purchase_floors":[],"current_hp_per_floor":[61,52,75,71,68,68,4,26,26,16,10,32,45,45,45,48,68,71,71,71,71,55,55,55,45,52,54,67,50,45,43,67,82,82,25,31,72,72,60,60,60,60,60,60,72,72,72,72,72,0],"items_purged":["Strike_B","Strike_B"],"gold":109,"score":714,"play_id":"522ffde4-8c0f-443d-8d66-1c682f232979","local_time":"20180609103013","is_prod":false,"is_daily":false,"chose_seed":false,"is_ascension_mode":true,"campfire_upgraded":7,"win_rate":0,"timestamp":1528565413,"campfire_choices":[{"data":"Zap","floor":6.0,"key":"SMITH"},{"floor":8.0,"key":"REST"},{"floor":12.0,"key":"REST"},{"data":"Creative AI","floor":15.0,"key":"SMITH"},{"data":"White Noise","floor":23.0,"key":"SMITH"},{"floor":32.0,"key":"REST"},{"data":"Creative AI","floor":40.0,"key":"SMITH"},{"data":"Chill","floor":42,"key":"SMITH"},{"data":"Echo Form","floor":44,"key":"SMITH"},{"data":"BootSequence","floor":49,"key":"SMITH"}],"path_taken":["M","M","?","M","?","R","E","R","T","M","?","R","E","?","R","BOSS","M","?","?","?","?","R","$","E","T","M","?","M","?","M","R","BOSS","M","M","?","?","M","R","?","R","T","R","M","?","M","M","R","BOSS"],"build_version":"2018-06-08","seed_source_timestamp":1097285700860,"purchased_purges":2,"victory":false,"master_deck":["Strike_B","Strike_B","Defend_B","Defend_B","Defend_B","Defend_B","Zap+1","Dualcast+1","AscendersBane","Coolheaded","Creative AI+1","Conserve Battery+1","Blizzard+1","Coolheaded","Cold Snap","Storm","Storm","Ball Lightning","Echo Form+1","White Noise+1","Capacitor","Chill+1","BootSequence+1","Leap","Stack+1","Creative AI+1","Self Repair+1","Force Field+1","Conserve Battery+1"],"max_hp_per_floor":[75,75,75,75,75,75,75,75,75,75,75,75,75,75,75,75,75,75,75,75,75,75,75,75,75,82,82,82,82,82,82,82,82,82,82,82,72,72,72,72,72,72,72,72,72,72,72,72,72,77],"relics":["Cracked Core","Pantograph","Bird Faced Urn","Cables","Du-Vu Doll","Runic Dome","Nilry\u0027s Codex","Shuriken","Strawberry","Inserter","Mummified Hand","War Paint"],"card_choices":[{"not_picked":["Hologram","Stack"],"picked":"Coolheaded","floor":1.0},{"not_picked":["FTL","Beam Cell"],"picked":"Creative AI","floor":2.0},{"not_picked":["Cold Snap","Sunder"],"picked":"Conserve Battery","floor":4.0},{"not_picked":["Stack","Meteor Strike"],"picked":"Blizzard","floor":7.0},{"not_picked":["Conserve Battery","Lockon"],"picked":"Coolheaded","floor":10.0},{"not_picked":["Sweeping Beam","Redo"],"picked":"Cold Snap","floor":11.0},{"not_picked":["Compile Driver","Consume"],"picked":"Storm","floor":13.0},{"not_picked":["Biased Cognition","Amplify"],"picked":"Echo Form","floor":16.0},{"not_picked":["Cold Snap","Double Energy"],"picked":"White Noise","floor":18.0},{"not_picked":["Chaos","Redo","Beam Cell"],"picked":"SKIP","floor":25.0},{"not_picked":["Auto Shields","White Noise"],"picked":"BootSequence","floor":27.0},{"not_picked":["Darkness","Streamline+1","Ball Lightning"],"picked":"SKIP","floor":28.0},{"not_picked":["Go for the Eyes","Barrage+1","Compile Driver"],"picked":"SKIP","floor":29.0},{"not_picked":["Steam+1","Rip and Tear"],"picked":"Leap","floor":30.0},{"not_picked":["Turbo","Creative AI"],"picked":"Stack+1","floor":31.0},{"not_picked":["Rainbow","Machine Learning"],"picked":"Creative AI","floor":33.0},{"not_picked":["Tempest+1","Coolheaded","Steam+1"],"picked":"SKIP","floor":35.0},{"not_picked":["Barrage+1","Beam Cell+1"],"picked":"Self Repair+1","floor":36.0},{"not_picked":["Chill","Conserve Battery"],"picked":"Force Field+1","floor":39.0},{"not_picked":["Streamline+1","Capacitor+1","Auto Shields"],"picked":"SKIP","floor":45},{"not_picked":["Streamline+1","Amplify","Barrage"],"picked":"SKIP","floor":46},{"not_picked":["Barrage","Coolheaded+1"],"picked":"Conserve Battery+1","floor":47},{"not_picked":["Beam Cell","Leap","Heatsinks"],"picked":"SKIP","floor":48}],"player_experience":628618,"potions_floor_usage":[50,50,50],"damage_taken":[{"damage":7.0,"enemies":"Jaw Worm","floor":1.0,"turns":4.0},{"damage":9.0,"enemies":"Small Slimes","floor":2.0,"turns":3.0},{"damage":4.0,"enemies":"2 Louse","floor":4.0,"turns":2.0},{"damage":64.0,"enemies":"Gremlin Nob","floor":7.0,"turns":6.0},{"damage":10.0,"enemies":"Exordium Thugs","floor":10.0,"turns":6.0},{"damage":6.0,"enemies":"Lots of Slimes","floor":11.0,"turns":6.0},{"damage":1.0,"enemies":"Lagavulin","floor":13.0,"turns":10.0},{"damage":37.0,"enemies":"Hexaghost","floor":16.0,"turns":6.0},{"damage":4.0,"enemies":"Spheric Guardian","floor":18.0,"turns":3.0},{"damage":30.0,"enemies":"Book of Stabbing","floor":25.0,"turns":5.0},{"damage":12.0,"enemies":"3 Byrds","floor":27.0,"turns":3.0},{"damage":5.0,"enemies":"Centurion and Healer","floor":28.0,"turns":5.0},{"damage":31.0,"enemies":"Cultist and Chosen","floor":29.0,"turns":5.0},{"damage":26.0,"enemies":"Snake Plant","floor":30.0,"turns":4.0},{"damage":14.0,"enemies":"Centurion and Healer","floor":31.0,"turns":4.0},{"damage":30.0,"enemies":"Champ","floor":33.0,"turns":8.0},{"damage":71.0,"enemies":"3 Darklings","floor":35.0,"turns":6.0},{"damage":24.0,"enemies":"Orb Walker","floor":36.0,"turns":5.0},{"damage":32.0,"enemies":"Transient","floor":39.0,"turns":5.0},{"damage":25,"enemies":"Maw","floor":45,"turns":6},{"damage":14,"enemies":"4 Shapes","floor":46,"turns":4},{"damage":11,"enemies":"Sphere and 2 Shapes","floor":47,"turns":3},{"damage":3,"enemies":"Spire Growth","floor":48,"turns":5},{"damage":104,"enemies":"Awakened One","floor":50,"turns":6}],"relics_obtained":[{"floor":7.0,"key":"Bird Faced Urn"},{"floor":9.0,"key":"Cables"},{"floor":13.0,"key":"Du-Vu Doll"},{"floor":22.0,"key":"Nilry\u0027s Codex"},{"floor":25.0,"key":"Shuriken"},{"floor":26.0,"key":"Strawberry"},{"floor":43,"key":"War Paint"}],"event_choices":[{"event_name":"Big Fish","player_choice":"Banana","floor":3.0,"damage_taken":0.0},{"event_name":"Scrap Ooze","player_choice":"success","floor":5.0,"damage_taken":3.0},{"event_name":"The Library","player_choice":"Read","floor":19.0,"damage_taken":0.0},{"event_name":"Ghosts","player_choice":"Ignored","floor":20.0,"damage_taken":0.0},{"event_name":"Vampires","player_choice":"Ignored","floor":21.0,"damage_taken":0.0},{"event_name":"Cursed Tome","player_choice":"Obtained Book","floor":22.0,"damage_taken":0.0},{"event_name":"The Moai Head","player_choice":"Heal","floor":37.0,"damage_taken":0.0},{"event_name":"Accursed Blacksmith","player_choice":"Forge","floor":38.0,"damage_taken":0.0}],"boss_relics":[{"not_picked":["White Beast Statue","Calling Bell"],"picked":"Runic Dome"},{"not_picked":["Eternal Feather","Lizard Tail"],"picked":"Inserter"}],"items_purged_floors":[],"potions_floor_spawned":[7,13,25,29,30,31,33,35,47,48],"seed_played":"7696083455377799534","killed_by":"Awakened One","ascension_level":10,"potions_obtained":[{"floor":7.0,"key":"FearPotion"},{"floor":13.0,"key":"Poison Potion"},{"floor":25.0,"key":"SpeedPotion"},{"floor":29.0,"key":"Poison Potion"},{"floor":30.0,"key":"Dexterity Potion"},{"floor":47,"key":"FearPotion"},{"floor":48,"key":"Fruit Juice"}],"is_trial":false}