{"gold_per_floor":[13,13,31,31,31,31,44,44,44,44,78,92,102,117,117,117],"floor_reached":16,"playtime":520,"items_purged":[],"score":204,"play_id":"06723969-5ae5-4e8a-a4ea-781e502ac9c0","local_time":"20190304120730","is_ascension_mode":true,"campfire_choices":[{"data":"Echo Form","floor":6,"key":"SMITH"},{"data":"Zap","floor":8,"key":"SMITH"},{"data":"Hologram","floor":10,"key":"SMITH"},{"data":"Fusion","floor":15,"key":"SMITH"}],"neow_cost":"NO_GOLD","seed_source_timestamp":262062497573446,"circlet_count":0,"master_deck":["AscendersBane","Strike_B","Strike_B","Strike_B","Strike_B","Defend_B","Defend_B","Defend_B","Defend_B","Zap+1","Dualcast","Echo Form+1","Conserve Battery","Hologram+1","Leap","Glacier","Fusion+1","Glacier","Echo Form+1"],"special_seed":0,"relics":["Cracked Core","Ancient Tea Set","Frozen Egg 2","Ice Cream"],"potions_floor_usage":[],"damage_taken":[{"damage":12,"enemies":"Jaw Worm","floor":1,"turns":3},{"damage":1,"enemies":"Cultist","floor":3,"turns":4},{"damage":0,"enemies":"2 Louse","floor":7,"turns":2},{"damage":1,"enemies":"Lagavulin","floor":11,"turns":6},{"damage":0,"enemies":"2 Fungi Beasts","floor":12,"turns":5},{"damage":0,"enemies":"Large Slime","floor":13,"turns":7},{"damage":11,"enemies":"Lots of Slimes","floor":14,"turns":6},{"damage":59,"enemies":"Hexaghost","floor":16,"turns":16}],"seed_played":"-3036212432088661571","potions_obtained":[{"floor":3,"key":"EssenceOfSteel"},{"floor":13,"key":"Fire Potion"}],"is_trial":false,"path_per_floor":["M","?","M","?","$","R","M","R","T","R","E","M","M","M","R","B"],"character_chosen":"DEFECT","items_purchased":[],"campfire_rested":0,"item_purchase_floors":[],"current_hp_per_floor":[52,71,70,70,70,70,70,70,70,70,69,69,69,58,58,0],"gold":117,"neow_bonus":"THREE_RARE_CARDS","is_prod":false,"is_daily":false,"chose_seed":false,"campfire_upgraded":4,"win_rate":0,"timestamp":1551726450,"path_taken":["M","?","M","?","$","R","?","R","T","R","E","M","M","M","R","BOSS"],"build_version":"2019-02-06","purchased_purges":0,"victory":false,"max_hp_per_floor":[71,71,71,71,71,71,71,71,71,71,71,71,71,71,71,71],"card_choices":[{"not_picked":["All For One","Machine Learning"],"picked":"Echo Form","floor":0.0},{"not_picked":["Redo","Streamline"],"picked":"Conserve Battery","floor":1},{"not_picked":["Turbo","Streamline"],"picked":"Hologram","floor":3},{"not_picked":["Beam Cell","Stack"],"picked":"Leap","floor":7},{"not_picked":["Stack","Compile Driver"],"picked":"Glacier","floor":11},{"not_picked":["Skim","FTL"],"picked":"Fusion","floor":12},{"not_picked":["Barrage","White Noise"],"picked":"Glacier","floor":13},{"not_picked":["Sweeping Beam","Consume"],"picked":"Echo Form+1","floor":14}],"player_experience":1150062,"relics_obtained":[{"floor":9,"key":"Frozen Egg 2"},{"floor":11,"key":"Ice Cream"}],"event_choices":[{"damage_healed":23,"gold_gain":0,"player_choice":"Banana","damage_taken":0,"max_hp_gain":0,"max_hp_loss":0,"event_name":"Big Fish","floor":2,"gold_loss":0},{"damage_healed":0,"gold_gain":0,"player_choice":"Gave Potion","damage_taken":0,"relics_obtained":["Ancient Tea Set"],"max_hp_gain":0,"max_hp_loss":0,"event_name":"WeMeetAgain","floor":4,"gold_loss":0}],"is_beta":true,"boss_relics":[],"items_purged_floors":[],"is_endless":false,"potions_floor_spawned":[3,13],"killed_by":"Hexaghost","ascension_level":20}