{"path_per_floor":["M","?","M","M","$","R","?","R","T","M","$","M","M","M","R","B",null,"M","?","?","?","M","R","M","R","T","M","?","?","M","M","R"],"character_chosen":"DEFECT","items_purchased":["Go for the Eyes","Glacier"],"gold_per_floor":[118,118,138,153,104,104,104,104,104,119,80,98,112,132,132,263,263,278,278,278,278,293,293,313,313,313,332,332,332,343,363,363,363],"floor_reached":33,"campfire_rested":1,"playtime":1448,"item_purchase_floors":[5,11],"current_hp_per_floor":[56,56,56,48,48,48,48,48,48,38,38,35,35,27,47,16,56,56,56,56,56,61,61,63,63,63,50,50,50,43,46,46,0],"items_purged":[],"gold":363,"score":386,"play_id":"524ab07f-6fa0-4cfa-a216-b8f7f75c5bc4","local_time":"20180612120059","is_prod":false,"is_daily":false,"chose_seed":false,"is_ascension_mode":true,"campfire_upgraded":5,"win_rate":0,"timestamp":1528830059,"campfire_choices":[{"data":"Zap","floor":6,"key":"SMITH"},{"data":"Buffer","floor":8,"key":"SMITH"},{"floor":15,"key":"REST"},{"data":"Go for the Eyes","floor":23,"key":"SMITH"},{"data":"Dualcast","floor":25,"key":"SMITH"},{"data":"Electrodynamics","floor":32,"key":"SMITH"}],"path_taken":["M","?","M","M","$","R","?","R","T","M","?","M","M","M","R","BOSS","M","?","?","?","M","R","M","R","T","M","?","?","M","M","R","BOSS"],"build_version":"2018-06-11","seed_source_timestamp":180259095569632,"purchased_purges":0,"victory":false,"master_deck":["Strike_B","Strike_B","Strike_B","Strike_B","Defend_B","Defend_B","Defend_B","Defend_B","Zap+1","AscendersBane","Machine Learning","Cold Snap","Buffer+1","Ball Lightning","Go for the Eyes+1","Glacier","Glacier","BootSequence","Conserve Battery","Electrodynamics+1","Cold Snap","Conserve Battery","BootSequence","FTL","Dualcast","RitualDagger","Conserve Battery"],"max_hp_per_floor":[75,75,75,75,75,75,69,69,69,69,69,69,69,69,69,69,69,69,69,69,69,69,69,69,69,69,69,69,69,69,69,69,69],"special_seed":0,"relics":["Cracked Core","Bloody Idol","Juzu Bracelet","Sozu","Pantograph"],"card_choices":[{"not_picked":["Melter","Steam"],"picked":"Cold Snap","floor":1},{"not_picked":["Sweeping Beam","Rebound"],"picked":"Buffer","floor":3},{"not_picked":["Capacitor","Gash"],"picked":"Ball Lightning","floor":4},{"not_picked":["Stack","Leap"],"picked":"Glacier","floor":10},{"not_picked":["Barrage","Auto Shields"],"picked":"BootSequence","floor":12},{"not_picked":["Gash","Aggregate","Sweeping Beam"],"picked":"SKIP","floor":13},{"not_picked":["Go for the Eyes","Barrage"],"picked":"Conserve Battery","floor":14},{"not_picked":["Fission","Amplify"],"picked":"Electrodynamics","floor":16},{"not_picked":["Hologram","Go for the Eyes"],"picked":"Cold Snap","floor":18},{"not_picked":["Steam","Streamline","Turbo+1"],"picked":"SKIP","floor":22},{"not_picked":["Melter","Recycle"],"picked":"BootSequence","floor":24},{"not_picked":["Streamline","Barrage"],"picked":"FTL","floor":27},{"not_picked":["Barrage","Machine Learning"],"picked":"Conserve Battery","floor":30},{"not_picked":["Rebound+1","Compile Driver","Barrage+1"],"picked":"SKIP","floor":31}],"player_experience":642290,"potions_floor_usage":[],"damage_taken":[{"damage":12,"enemies":"Jaw Worm","floor":1,"turns":3},{"damage":0,"enemies":"2 Louse","floor":3,"turns":3},{"damage":8,"enemies":"Small Slimes","floor":4,"turns":3},{"damage":10,"enemies":"Exordium Thugs","floor":10,"turns":4},{"damage":3,"enemies":"Exordium Wildlife","floor":12,"turns":4},{"damage":0,"enemies":"Large Slime","floor":13,"turns":5},{"damage":8,"enemies":"3 Louse","floor":14,"turns":3},{"damage":31,"enemies":"Slime Boss","floor":16,"turns":19},{"damage":0,"enemies":"2 Thieves","floor":18,"turns":4},{"damage":0,"enemies":"Shell Parasite","floor":22,"turns":8},{"damage":3,"enemies":"Centurion and Healer","floor":24,"turns":9},{"damage":18,"enemies":"Sentry and Sphere","floor":27,"turns":6},{"damage":12,"enemies":"Snake Plant","floor":30,"turns":6},{"damage":2,"enemies":"Slaver and Parasite","floor":31,"turns":9},{"damage":94,"enemies":"Automaton","floor":33,"turns":16}],"relics_obtained":[{"floor":9,"key":"Juzu Bracelet"},{"floor":26,"key":"Pantograph"}],"event_choices":[{"event_name":"Liars Game","player_choice":"disagreed","floor":2,"damage_taken":0},{"event_name":"Golden Idol","player_choice":"Lose Max HP","floor":7,"damage_taken":0},{"event_name":"Vampires","player_choice":"Ignored","floor":19,"damage_taken":0},{"event_name":"The Library","player_choice":"Read","floor":20,"damage_taken":0},{"event_name":"Forgotten Altar","player_choice":"Gave Idol","floor":21,"damage_taken":0},{"event_name":"Nest","player_choice":"Joined the Cult","floor":28,"damage_taken":0},{"event_name":"Drug Dealer","player_choice":"Ignored","floor":29,"damage_taken":0}],"boss_relics":[{"not_picked":["Busted Crown","Black Star"],"picked":"Sozu"}],"items_purged_floors":[],"potions_floor_spawned":[3,10,14,22,27],"seed_played":"529878286773680115","killed_by":"Automaton","ascension_level":12,"potions_obtained":[{"floor":3,"key":"Weak Potion"},{"floor":10,"key":"Ancient Potion"}],"is_trial":false}