{"gold_per_floor":[116,116,41,41,64,64,79,79,379,379,419,419,457,481,481,611,611,636,636,233,246,54,88,88,115,189,209,209,209,209,221,221,324,324,334,351,8,0,0,0,30,30,77,102,116,116,134,134,134,134],"floor_reached":50,"playtime":15713,"items_purged":["Injury","Defend_R"],"score":644,"play_id":"8c4dc26a-4f89-42c0-86a2-beaf2b215b9d","local_time":"20181129004757","is_ascension_mode":false,"campfire_choices":[{"data":"Perfected Strike","floor":6,"key":"SMITH"},{"data":"Flex","floor":8,"key":"SMITH"},{"data":"Whirlwind","floor":12,"key":"SMITH"},{"data":"Disarm","floor":15,"key":"SMITH"},{"data":"Heavy Blade","floor":24,"key":"SMITH"},{"data":"Demon Form","floor":28,"key":"SMITH"},{"data":"Apotheosis","floor":30,"key":"SMITH"},{"floor":32,"key":"RECALL"},{"data":"Armaments","floor":40,"key":"SMITH"},{"floor":42,"key":"REST"},{"data":"Enlightenment","floor":49,"key":"SMITH"}],"neow_cost":"NONE","seed_source_timestamp":217712474866438,"circlet_count":0,"master_deck":["Strike_R","Strike_R","Strike_R","Strike_R","Strike_R","Defend_R","Perfected Strike+1","Flex+1","Disarm+1","Twin Strike","Flame Barrier","Whirlwind+1","Demon Form+1","Armaments+1","Perfected Strike+1","Flex","Apotheosis+1","Heavy Blade+1","Pommel Strike","Reaper","Perfected Strike+1","Battle Trance","Enlightenment+1","Rampage+1"],"relics":["Burning Blood","Bloody Idol","Old Coin","Thread and Needle","Matryoshka","Busted Crown","DollysMirror","Bag of Marbles","Oddly Smooth Stone","StoneCalendar","Shuriken","Pear","Happy Flower","Black Star","Gremlin Horn","Red Mask","Centennial Puzzle","Juzu Bracelet","PreservedInsect","Charon\u0027s Ashes","Du-Vu Doll"],"potions_floor_usage":[7,11,11,13,13,13,16,25,33,33,50,50],"damage_taken":[{"damage":11,"enemies":"Jaw Worm","floor":1,"turns":3},{"damage":3,"enemies":"Small Slimes","floor":5,"turns":3},{"damage":0,"enemies":"Cultist","floor":7,"turns":2},{"damage":0,"enemies":"Gremlin Nob","floor":11,"turns":2},{"damage":0,"enemies":"3 Sentries","floor":13,"turns":6},{"damage":1,"enemies":"Blue Slaver","floor":14,"turns":3},{"damage":13,"enemies":"The Guardian","floor":16,"turns":10},{"damage":6,"enemies":"Chosen","floor":18,"turns":3},{"damage":1,"enemies":"3 Byrds","floor":21,"turns":4},{"damage":21,"enemies":"Slavers","floor":23,"turns":3},{"damage":3,"enemies":"Gremlin Leader","floor":25,"turns":2},{"damage":5,"enemies":"Cultist and Chosen","floor":27,"turns":5},{"damage":1,"enemies":"Snecko","floor":31,"turns":3},{"damage":15,"enemies":"Champ","floor":33,"turns":7},{"damage":22,"enemies":"3 Darklings","floor":35,"turns":4},{"damage":14,"enemies":"Orb Walker","floor":36,"turns":3},{"damage":52,"enemies":"Giant Head","floor":41,"turns":7},{"damage":0,"enemies":"Reptomancer","floor":44,"turns":2},{"damage":0,"enemies":"Jaw Worm Horde","floor":45,"turns":2},{"damage":21,"enemies":"Maw","floor":47,"turns":5},{"damage":80,"enemies":"Time Eater","floor":50,"turns":4}],"seed_played":"8308909490491381218","potions_obtained":[{"floor":5,"key":"EntropicBrew"},{"floor":11,"key":"EntropicBrew"},{"floor":21,"key":"SpeedPotion"},{"floor":27,"key":"PowerPotion"},{"floor":31,"key":"PowerPotion"},{"floor":36,"key":"Poison Potion"},{"floor":44,"key":"Fire Potion"}],"is_trial":false,"path_per_floor":["M","?","$","?","M","R","M","R","T","?","E","R","E","M","R","B",null,"M","?","$","M","$","E","R","E","T","M","R","T","R","M","R","B",null,"M","M","$","?","?","R","E","R","T","E","M","?","M","?","R","B"],"character_chosen":"IRONCLAD","items_purchased":["DollysMirror","Bag of Marbles","Flex","Apotheosis","Heavy Blade","Gremlin Horn"],"campfire_rested":1,"item_purchase_floors":[20,20,20,22,22,37],"current_hp_per_floor":[75,75,75,75,78,78,80,80,80,73,79,79,80,80,80,73,80,80,80,80,80,80,70,70,78,80,80,80,90,90,90,90,86,90,79,76,76,76,76,76,55,82,87,90,90,90,80,80,80,0],"gold":134,"neow_bonus":"THREE_CARDS","is_prod":false,"is_daily":false,"chose_seed":false,"campfire_upgraded":9,"win_rate":0,"timestamp":1543470477,"path_taken":["M","?","$","?","?","R","M","R","T","?","E","R","E","M","R","BOSS","M","?","$","M","$","E","R","E","T","M","R","?","R","M","R","BOSS","M","M","$","?","?","R","E","R","T","E","M","?","M","?","R","BOSS"],"build_version":"2018-11-15","purchased_purges":2,"victory":false,"max_hp_per_floor":[80,80,80,80,80,80,80,80,80,80,80,80,80,80,80,80,80,80,80,80,80,80,80,80,80,80,80,80,90,90,90,90,90,90,90,90,90,90,90,90,90,90,90,90,90,90,90,85,85,85],"card_choices":[{"not_picked":["Combust","Warcry"],"picked":"Perfected Strike","floor":0},{"not_picked":["Clash","Havoc"],"picked":"Flex","floor":1},{"not_picked":["Heavy Blade","Bloodletting"],"picked":"Twin Strike","floor":5},{"not_picked":["Pummel","Feel No Pain"],"picked":"Flame Barrier","floor":7},{"not_picked":["Havoc","Metallicize"],"picked":"Whirlwind","floor":11},{"not_picked":["Havoc","Body Slam","Dropkick"],"picked":"SKIP","floor":13},{"not_picked":["Sword Boomerang","Heavy Blade","Sever Soul"],"picked":"SKIP","floor":14},{"not_picked":["Limit Break","Dark Embrace"],"picked":"Demon Form","floor":16},{"not_picked":[],"picked":"Armaments","floor":18},{"not_picked":["Anger"],"picked":"SKIP","floor":21},{"not_picked":["Rampage"],"picked":"SKIP","floor":23},{"not_picked":[],"picked":"Pommel Strike","floor":25},{"not_picked":["Clothesline+1"],"picked":"SKIP","floor":27},{"not_picked":["Cleave"],"picked":"SKIP","floor":31},{"not_picked":[],"picked":"Reaper","floor":33},{"not_picked":[],"picked":"Perfected Strike+1","floor":35},{"not_picked":["Fire Breathing+1"],"picked":"SKIP","floor":36},{"not_picked":["Burning Pact"],"picked":"SKIP","floor":41},{"not_picked":["Flame Barrier"],"picked":"SKIP","floor":44},{"not_picked":[],"picked":"Battle Trance","floor":45},{"not_picked":[],"picked":"Enlightenment","floor":46},{"not_picked":[],"picked":"Rampage+1","floor":47}],"player_experience":412595,"relics_obtained":[{"floor":9,"key":"Old Coin"},{"floor":11,"key":"Thread and Needle"},{"floor":13,"key":"Matryoshka"},{"floor":23,"key":"Oddly Smooth Stone"},{"floor":25,"key":"StoneCalendar"},{"floor":26,"key":"Shuriken"},{"floor":29,"key":"Pear"},{"floor":29,"key":"Happy Flower"},{"floor":41,"key":"Centennial Puzzle"},{"floor":41,"key":"Juzu Bracelet"},{"floor":43,"key":"PreservedInsect"},{"floor":44,"key":"Charon\u0027s Ashes"},{"floor":44,"key":"Du-Vu Doll"}],"event_choices":[{"damage_healed":0,"gold_gain":0,"player_choice":"Take Wound","damage_taken":0,"relics_obtained":["Golden Idol"],"max_hp_gain":0,"max_hp_loss":0,"event_name":"Golden Idol","floor":2,"gold_loss":0,"cards_obtained":["Injury"]},{"damage_healed":0,"gold_gain":0,"cards_transformed":["Defend_R"],"player_choice":"Transformed","damage_taken":0,"max_hp_gain":0,"max_hp_loss":0,"event_name":"Transmorgrifier","floor":4,"gold_loss":0,"cards_obtained":["Disarm"]},{"cards_removed":["Defend_R"],"damage_healed":0,"gold_gain":0,"player_choice":"Card Removal","damage_taken":7,"max_hp_gain":0,"max_hp_loss":0,"event_name":"Golden Wing","floor":10,"gold_loss":0},{"damage_healed":0,"gold_gain":0,"player_choice":"Gave Idol","damage_taken":0,"relics_obtained":["Bloody Idol"],"max_hp_gain":0,"max_hp_loss":0,"event_name":"Forgotten Altar","floor":19,"relics_lost":["Golden Idol"],"gold_loss":0},{"damage_healed":0,"gold_gain":0,"player_choice":"Paid","damage_taken":0,"relics_obtained":["Red Mask"],"max_hp_gain":0,"max_hp_loss":0,"event_name":"Tomb of Lord Red Mask","floor":38,"gold_loss":8},{"cards_removed":["Bash"],"damage_healed":0,"gold_gain":0,"player_choice":"Removed Attack","damage_taken":0,"max_hp_gain":0,"max_hp_loss":0,"event_name":"Falling","floor":39,"gold_loss":0},{"damage_healed":0,"gold_gain":0,"player_choice":"Memory 1","damage_taken":0,"max_hp_gain":0,"max_hp_loss":0,"event_name":"SensoryStone","floor":46,"gold_loss":0},{"damage_healed":0,"gold_gain":0,"player_choice":"Max HP","damage_taken":0,"max_hp_gain":0,"max_hp_loss":5,"event_name":"Winding Halls","floor":48,"gold_loss":0}],"is_beta":false,"boss_relics":[{"not_picked":["Astrolabe","Velvet Choker"],"picked":"Busted Crown"},{"not_picked":["Pandora\u0027s Box","Snecko Eye"],"picked":"Black Star"}],"items_purged_floors":[3,37],"is_endless":false,"potions_floor_spawned":[5,7,11,21,27,31,36,44],"killed_by":"Time Eater","ascension_level":0}