{"gold_per_floor":[110,126,16,34,49,76,76,102,127,143,173,187,3,30,30,103,103,116,136,162,162,162],"floor_reached":22,"playtime":1073,"items_purged":["Strike_B"],"score":432,"play_id":"e6436427-9cda-49e7-9aec-c10c5e69221c","local_time":"20190503073903","is_ascension_mode":true,"campfire_choices":[{"floor":7,"key":"REST"},{"data":"Loop","floor":15,"key":"SMITH"}],"neow_cost":"NONE","seed_source_timestamp":912687781868119,"circlet_count":0,"master_deck":["AscendersBane","Strike_B","Strike_B","Strike_B","Defend_B","Defend_B","Defend_B","Defend_B","Zap+1","Dualcast+1","Rebound","Doom and Gloom","Sunder","Loop+1","Melter","Cold Snap","Ball Lightning","Ball Lightning","Self Repair","FTL","Hologram","Compile Driver","Buffer","Seek","Compile Driver","Pain"],"relics":["Cracked Core","Regal Pillow","Vajra","PreservedInsect","War Paint","Strawberry","Centennial Puzzle","Busted Crown","Red Mask","WarpedTongs"],"potions_floor_usage":[5,6,8,16,18,19],"damage_taken":[{"damage":6,"enemies":"Cultist","floor":1,"turns":4},{"damage":1,"enemies":"2 Louse","floor":2,"turns":2},{"damage":7,"enemies":"Jaw Worm","floor":4,"turns":3},{"damage":7,"enemies":"Gremlin Gang","floor":5,"turns":3},{"damage":24,"enemies":"Lagavulin","floor":6,"turns":6},{"damage":5,"enemies":"3 Sentries","floor":8,"turns":5},{"damage":0,"enemies":"2 Fungi Beasts","floor":10,"turns":2},{"damage":11,"enemies":"Gremlin Nob","floor":11,"turns":3},{"damage":26,"enemies":"Exordium Thugs","floor":12,"turns":3},{"damage":10,"enemies":"Lagavulin","floor":14,"turns":4},{"damage":16,"enemies":"Slime Boss","floor":16,"turns":8},{"damage":21,"enemies":"Shell Parasite","floor":18,"turns":2},{"damage":22,"enemies":"2 Thieves","floor":19,"turns":2},{"damage":19,"enemies":"Masked Bandits","floor":20,"turns":3},{"damage":17,"enemies":"Snecko","floor":22,"turns":3}],"seed_played":"2936329832473015177","potions_obtained":[{"floor":4,"key":"FearPotion"},{"floor":5,"key":"Energy Potion"},{"floor":6,"key":"SkillPotion"},{"floor":16,"key":"Ancient Potion"},{"floor":18,"key":"SkillPotion"}],"is_trial":false,"path_per_floor":["M","M","$","M","M","E","R","E","T","M","E","M","$","E","R","B",null,"M","M","?","?","M"],"character_chosen":"DEFECT","items_purchased":["Sunder","Loop","PowerPotion","Compile Driver"],"campfire_rested":1,"item_purchase_floors":[3,3,13,13],"current_hp_per_floor":[58,57,57,50,43,19,55,50,50,50,53,34,34,31,31,22,64,43,28,16,16,0],"gold":162,"neow_bonus":"RANDOM_COMMON_RELIC","is_prod":false,"is_daily":false,"chose_seed":false,"campfire_upgraded":1,"win_rate":0,"timestamp":1556883543,"path_taken":["M","M","$","?","M","E","R","E","T","M","E","M","$","E","R","BOSS","M","?","?","?","M"],"build_version":"2019-01-23","purchased_purges":1,"victory":false,"max_hp_per_floor":[71,71,71,71,71,71,71,71,71,71,78,78,78,78,78,78,78,78,78,78,78,78],"card_choices":[{"not_picked":["Double Energy","Compile Driver"],"picked":"Rebound","floor":1},{"not_picked":["Scrape","Conserve Battery"],"picked":"Doom and Gloom","floor":2},{"not_picked":["Beam Cell","Doom and Gloom"],"picked":"Melter","floor":4},{"not_picked":["Rebound","White Noise"],"picked":"Cold Snap","floor":5},{"not_picked":["Machine Learning","Compile Driver"],"picked":"Ball Lightning","floor":6},{"not_picked":["Doom and Gloom","Scrape"],"picked":"Ball Lightning","floor":8},{"not_picked":["Hologram","Turbo"],"picked":"Self Repair","floor":10},{"not_picked":["Reinforced Body","Beam Cell"],"picked":"FTL","floor":11},{"not_picked":["Streamline","Go for the Eyes"],"picked":"Hologram","floor":12},{"not_picked":["Streamline","Hologram"],"picked":"Buffer","floor":14},{"not_picked":["Thunder Strike","Biased Cognition"],"picked":"Seek","floor":16},{"not_picked":[],"picked":"Compile Driver","floor":18},{"not_picked":["Rebound"],"picked":"SKIP","floor":19}],"player_experience":2287661,"relics_obtained":[{"floor":6,"key":"Vajra"},{"floor":8,"key":"PreservedInsect"},{"floor":9,"key":"War Paint"},{"floor":11,"key":"Strawberry"},{"floor":14,"key":"Centennial Puzzle"},{"floor":20,"key":"Red Mask"}],"event_choices":[{"damage_healed":0,"gold_gain":0,"player_choice":"Fought Bandits","damage_taken":0,"max_hp_gain":0,"max_hp_loss":0,"event_name":"Masked Bandits","floor":20,"gold_loss":0},{"damage_healed":0,"gold_gain":0,"player_choice":"Rummage","damage_taken":0,"relics_obtained":["WarpedTongs"],"max_hp_gain":0,"max_hp_loss":0,"event_name":"Accursed Blacksmith","floor":21,"gold_loss":0,"cards_obtained":["Pain"]}],"is_beta":false,"boss_relics":[{"not_picked":["Philosopher\u0027s Stone","Runic Pyramid"],"picked":"Busted Crown"}],"items_purged_floors":[13],"is_endless":false,"potions_floor_spawned":[4,5,6,16,18],"killed_by":"Snecko","ascension_level":20}