{"path_per_floor":["M","$","M","?","?","R","M","E","T","M","R","$","R","M","R","B",null,"M","M","M","?","M","R","M","M","T","?","M","R","T","M","R","B",null,"M","M","$","?","M","E","R","E","T","R","$","M","?","M","R"],"character_chosen":"IRONCLAD","items_purchased":["Brutality","Rupture","Double Tap","Ancient Tea Set","Bottled Lightning","Wild Strike"],"gold_per_floor":[113,38,54,54,54,54,66,96,171,181,181,109,109,124,124,198,198,212,224,236,236,254,254,266,281,355,355,370,370,396,411,411,488,488,506,524,383,383,393,424,424,454,479,479,29,39,39,51,51,51],"floor_reached":50,"campfire_rested":3,"playtime":1995,"current_hp_per_floor":[68,68,71,71,71,71,74,70,70,75,75,75,75,70,70,28,63,57,44,33,33,21,44,37,28,28,28,22,22,22,28,53,8,65,52,58,58,58,55,50,50,41,41,69,69,72,72,69,69,0],"items_purged":[],"gold":51,"score":980,"play_id":"fa8e3688-55b3-4f5c-b62b-aa15795d205d","local_time":"20180412005737","is_prod":false,"is_daily":false,"is_ascension_mode":true,"campfire_upgraded":7,"timestamp":1523509057,"path_taken":["M","?","M","?","?","R","?","E","T","M","R","$","R","?","R","BOSS","M","?","M","?","M","R","M","?","T","?","?","R","?","M","R","BOSS","M","M","$","?","M","E","R","E","T","R","$","M","?","M","R","BOSS"],"build_version":"2018-04-05v2","purchased_purges":4,"victory":false,"master_deck":["Strike_R+1","Strike_R+1","Strike_R+1","Strike_R+1","Strike_R+1","Defend_R+1","Defend_R+1","Defend_R+1","Defend_R+1","Bash","AscendersBane","Thunderclap","Brutality+1","Perfected Strike+1","Pommel Strike","Perfected Strike+1","Uppercut+1","Rupture+1","Inflame","Feed","Wild Strike+1","Wild Strike+1","Perfected Strike+1","Perfected Strike+1","Offering","Perfected Strike+1","Heavy Blade+1","Double Tap+1","Battle Trance+1","Combust+1","Wild Strike+1","Master of Strategy"],"max_hp_per_floor":[75,75,75,75,75,75,75,75,75,75,75,75,75,75,75,75,75,75,78,78,78,78,78,80,80,80,80,82,82,82,84,84,84,84,87,87,87,87,92,92,92,94,94,94,94,96,96,98,98,101],"relics":["Burning Blood","Anchor","Omamori","Kunai","Mark of Pain","Singing Bowl","Ornamental Fan","Whetstone","Runic Dome","Lantern","Art of War","Dream Catcher","Ancient Tea Set","Bottled Lightning"],"card_choices":[{"not_picked":["Cleave","Fire Breathing"],"picked":"Thunderclap","floor":1},{"not_picked":["Twin Strike","Headbutt"],"picked":"Perfected Strike","floor":3},{"not_picked":["Hemokinesis","Dual Wield"],"picked":"Pommel Strike","floor":7},{"not_picked":["Flame Barrier","Brutality"],"picked":"Perfected Strike","floor":8},{"not_picked":["Body Slam","Sword Boomerang"],"picked":"Uppercut","floor":10},{"not_picked":["Body Slam","Burning Pact"],"picked":"Inflame","floor":14},{"not_picked":["Brutality","Immolate"],"picked":"Feed","floor":16},{"not_picked":["Sword Boomerang","Cleave"],"picked":"Wild Strike","floor":18},{"not_picked":["Shockwave","Flex"],"picked":"Wild Strike","floor":19},{"not_picked":["Flex","Pummel"],"picked":"Perfected Strike","floor":20},{"not_picked":["Rage","Bloodletting"],"picked":"Battle Trance","floor":22},{"not_picked":["Corruption","Barricade"],"picked":"Perfected Strike","floor":25},{"not_picked":["Exhume","Bludgeon"],"picked":"Offering","floor":33},{"not_picked":["Cleave","Body Slam"],"picked":"Perfected Strike","floor":35},{"not_picked":["Dark Embrace","Pummel"],"picked":"Heavy Blade","floor":36},{"not_picked":["Heavy Blade","Power Through"],"picked":"Battle Trance","floor":40},{"not_picked":["Body Slam","Shockwave"],"picked":"Combust","floor":44},{"not_picked":["Thinking Ahead","Deep Breath"],"picked":"Master of Strategy","floor":47}],"player_experience":827402,"potions_floor_usage":[8,8,16,16,20,20,39,42,50,50],"damage_taken":[{"damage":6,"enemies":"Cultist","floor":1,"turns":3},{"damage":3,"enemies":"Small Slimes","floor":3,"turns":4},{"damage":3,"enemies":"Jaw Worm","floor":7,"turns":2},{"damage":10,"enemies":"Gremlin Nob","floor":8,"turns":3},{"damage":1,"enemies":"Looter","floor":10,"turns":2},{"damage":11,"enemies":"Gremlin Gang","floor":14,"turns":4},{"damage":48,"enemies":"Hexaghost","floor":16,"turns":8},{"damage":12,"enemies":"Chosen","floor":18,"turns":3},{"damage":22,"enemies":"3 Byrds","floor":19,"turns":5},{"damage":23,"enemies":"Slaver and Parasite","floor":20,"turns":3},{"damage":18,"enemies":"Chosen and Byrds","floor":22,"turns":5},{"damage":15,"enemies":"Snecko","floor":24,"turns":3},{"damage":15,"enemies":"Cultist and Chosen","floor":25,"turns":4},{"damage":14,"enemies":"Chosen and Byrds","floor":28,"turns":3},{"damage":2,"enemies":"Snecko","floor":31,"turns":3},{"damage":51,"enemies":"Automaton","floor":33,"turns":8},{"damage":22,"enemies":"3 Darklings","floor":35,"turns":4},{"damage":0,"enemies":"Orb Walker","floor":36,"turns":1},{"damage":14,"enemies":"4 Shapes","floor":39,"turns":3},{"damage":11,"enemies":"Giant Head","floor":40,"turns":5},{"damage":17,"enemies":"2 Orb Walkers","floor":42,"turns":3},{"damage":5,"enemies":"3 Darklings","floor":46,"turns":2},{"damage":11,"enemies":"Maw","floor":48,"turns":4},{"damage":76,"enemies":"Donu and Deca","floor":50,"turns":5}],"event_choices":[{"event_name":"Upgrade Shrine","player_choice":"Upgraded","floor":4,"damage_taken":0},{"event_name":"The Lab","player_choice":"Got Potions","floor":5,"damage_taken":0},{"event_name":"Accursed Blacksmith","player_choice":"Rummage","floor":21,"damage_taken":0},{"event_name":"Back to Basics","player_choice":"Simplicity","floor":27,"damage_taken":0},{"event_name":"SensoryStone","player_choice":"Memory 1","floor":47,"damage_taken":0}],"boss_relics":[{"not_picked":["White Beast Statue","Eternal Feather"],"picked":"Mark of Pain"},{"not_picked":["Runic Pyramid","Tiny House"],"picked":"Runic Dome"}],"potions_floor_spawned":[3,7,10,16,18,31,33,39,42],"seed_played":"-137119124019351853","killed_by":"Donu and Deca","ascension_level":15,"is_trial":false}