{"gold_per_floor":[109,184,184,199,209,243,243,223,223,240,274,274,308,321,321,398,398,409,324,334,334,334,334,361,373,385,397,423,451,463,500,512,595,607,632,744,770,782,794,836,848,889,901,930,942,965,977,999,1011,1023,1035],"floor_reached":51,"playtime":2140,"items_purged":[],"score":1526,"play_id":"b5fff372-a57b-4a18-a901-0f3f3872a408","local_time":"20190407022603","is_ascension_mode":true,"campfire_choices":[{"data":"Bash","floor":7,"key":"SMITH"},{"data":"Seeing Red","floor":12,"key":"SMITH"},{"data":"Spot Weakness","floor":15,"key":"SMITH"},{"data":"Disarm","floor":23,"key":"SMITH"},{"floor":25,"key":"RECALL"},{"floor":27,"key":"REST"},{"data":"Shrug It Off","floor":30,"key":"SMITH"},{"floor":32,"key":"REST"},{"floor":41,"key":"REST"},{"floor":45,"key":"REST"},{"floor":47,"key":"REST"},{"floor":49,"key":"REST"}],"neow_cost":"NONE","seed_source_timestamp":488760124259626,"circlet_count":0,"master_deck":["AscendersBane","Strike_R","Strike_R","Defend_R","Defend_R","Defend_R","Defend_R","Bash+1","Spot Weakness+1","Wild Strike+1","Pommel Strike+1","Seeing Red+1","Demon Form+1","Metallicize+1","Uppercut+1","Immolate+1","Anger+1","Disarm+1","Heavy Blade+1","Shrug It Off+1","Sword Boomerang+1","Evolve+1","Demon Form+1","Immolate+1","Dark Embrace+1","Fiend Fire+1","Heavy Blade+1","Metallicize+1","Barricade+1","Clothesline+1","Inflame+1","Pummel+1","Iron Wave+1"],"relics":["Burning Blood","NeowsBlessing","Molten Egg 2","Frozen Egg 2","Bag of Preparation","Dream Catcher","Gremlin Horn","Velvet Choker","Anchor","Ice Cream","MawBank","Turnip","Astrolabe","Champion Belt","Oddly Smooth Stone","Pear","Mango"],"potions_floor_usage":[6,10,10,16,24,29,31,33,36,40,42,46,50],"damage_taken":[{"damage":0,"enemies":"2 Louse","floor":1,"turns":1},{"damage":0,"enemies":"Cultist","floor":4,"turns":1},{"damage":0,"enemies":"Small Slimes","floor":5,"turns":1},{"damage":30,"enemies":"Lagavulin","floor":6,"turns":5},{"damage":5,"enemies":"Gremlin Gang","floor":10,"turns":3},{"damage":8,"enemies":"Gremlin Nob","floor":11,"turns":3},{"damage":20,"enemies":"Lagavulin","floor":13,"turns":6},{"damage":6,"enemies":"Looter","floor":14,"turns":2},{"damage":30,"enemies":"The Guardian","floor":16,"turns":7},{"damage":32,"enemies":"3 Byrds","floor":18,"turns":3},{"damage":0,"enemies":"Chosen","floor":20,"turns":2},{"damage":13,"enemies":"Slavers","floor":24,"turns":4},{"damage":10,"enemies":"Sentry and Sphere","floor":28,"turns":4},{"damage":8,"enemies":"Cultist and Chosen","floor":29,"turns":4},{"damage":0,"enemies":"Gremlin Leader","floor":31,"turns":4},{"damage":20,"enemies":"Collector","floor":33,"turns":5},{"damage":0,"enemies":"3 Shapes","floor":35,"turns":1},{"damage":40,"enemies":"Mind Bloom Boss Battle","floor":36,"turns":7},{"damage":13,"enemies":"Orb Walker","floor":37,"turns":3},{"damage":42,"enemies":"Reptomancer","floor":40,"turns":5},{"damage":26,"enemies":"Nemesis","floor":42,"turns":7},{"damage":18,"enemies":"Transient","floor":44,"turns":6},{"damage":17,"enemies":"Jaw Worm Horde","floor":46,"turns":3},{"damage":2,"enemies":"3 Darklings","floor":48,"turns":4},{"damage":34,"enemies":"Time Eater","floor":50,"turns":8},{"damage":76,"enemies":"Donu and Deca","floor":51,"turns":5}],"seed_played":"8909267510151712262","potions_obtained":[{"floor":4,"key":"AttackPotion"},{"floor":5,"key":"PowerPotion"},{"floor":8,"key":"Energy Potion"},{"floor":11,"key":"Regen Potion"},{"floor":13,"key":"SpeedPotion"},{"floor":16,"key":"Explosive Potion"},{"floor":28,"key":"Explosive Potion"},{"floor":29,"key":"Fire Potion"},{"floor":31,"key":"Block Potion"},{"floor":33,"key":"Strength Potion"},{"floor":36,"key":"Regen Potion"},{"floor":40,"key":"GamblersBrew"},{"floor":42,"key":"Dexterity Potion"}],"is_trial":false,"path_per_floor":["M","?","?","M","M","E","R","?","T","M","E","R","E","M","R","B",null,"M","?","M","?","?","R","E","R","T","R","M","M","R","E","R","B",null,"M","?","M","?","?","E","R","E","T","M","R","M","R","M","R","B","B"],"character_chosen":"IRONCLAD","items_purchased":[],"campfire_rested":6,"item_purchase_floors":[],"current_hp_per_floor":[74,63,63,69,75,51,51,51,51,52,50,50,36,36,36,27,63,37,37,43,43,43,43,36,36,36,58,54,52,52,58,75,61,72,75,41,34,34,34,12,34,24,38,26,55,44,73,77,99,71,0],"gold":1035,"neow_bonus":"THREE_ENEMY_KILL","is_prod":false,"is_daily":false,"chose_seed":false,"campfire_upgraded":5,"win_rate":0,"timestamp":1554618363,"path_taken":["M","?","?","?","M","E","R","?","T","?","E","R","E","M","R","BOSS","M","?","M","?","?","R","E","R","T","R","M","M","R","E","R","BOSS","M","?","M","?","?","E","R","E","T","M","R","M","R","M","R","BOSS","BOSS"],"build_version":"2019-01-23","purchased_purges":0,"victory":false,"max_hp_per_floor":[75,75,75,75,75,75,75,75,75,75,75,75,75,75,75,75,75,75,75,75,75,75,75,75,75,75,75,75,75,75,75,75,75,75,75,75,75,75,75,75,75,85,99,99,99,99,99,99,99,99,99],"card_choices":[{"not_picked":["Body Slam","Havoc"],"picked":"Shockwave","floor":1},{"not_picked":["Dropkick+1","Infernal Blade"],"picked":"Spot Weakness","floor":4},{"not_picked":["Burning Pact","Iron Wave+1"],"picked":"Wild Strike+1","floor":5},{"not_picked":["Cleave+1","Headbutt+1"],"picked":"Pommel Strike+1","floor":6},{"not_picked":["Intimidate","Infernal Blade"],"picked":"Seeing Red","floor":10},{"not_picked":["Entrench","Twin Strike+1"],"picked":"Demon Form+1","floor":11},{"not_picked":["Rupture+1","Wild Strike+1"],"picked":"Metallicize+1","floor":13},{"not_picked":["Warcry","Twin Strike+1"],"picked":"Uppercut+1","floor":14},{"not_picked":["Feed+1","Bludgeon+1"],"picked":"Immolate+1","floor":16},{"not_picked":["Hemokinesis+1","Cleave+1"],"picked":"Anger+1","floor":18},{"not_picked":["Headbutt+1","True Grit+1"],"picked":"Disarm","floor":20},{"not_picked":["Twin Strike+1","Havoc"],"picked":"Heavy Blade+1","floor":24},{"not_picked":["Flex","Heavy Blade+1"],"picked":"Shrug It Off","floor":27},{"not_picked":["Impervious","Wild Strike+1"],"picked":"Sword Boomerang+1","floor":28},{"not_picked":["Havoc","Ghostly Armor","Wild Strike+1"],"picked":"SKIP","floor":29},{"not_picked":["Sword Boomerang+1","Flex+1","Havoc"],"picked":"SKIP","floor":31},{"not_picked":["Blood for Blood+1","Thunderclap+1"],"picked":"Evolve+1","floor":32},{"not_picked":["Brutality+1","Double Tap"],"picked":"Demon Form+1","floor":33},{"not_picked":["Reckless Charge+1","Anger+1","Combust+1"],"picked":"SKIP","floor":35},{"not_picked":["Armaments","Wild Strike+1"],"picked":"Heavy Blade+1","floor":37},{"not_picked":["Intimidate","Iron Wave+1"],"picked":"Metallicize+1","floor":40},{"not_picked":["Anger+1","Havoc"],"picked":"Barricade+1","floor":41},{"not_picked":["Headbutt+1","Dual Wield","Rage"],"picked":"SKIP","floor":42},{"not_picked":["Havoc","Seeing Red"],"picked":"Clothesline+1","floor":44},{"not_picked":["True Grit","Iron Wave+1"],"picked":"Inflame+1","floor":46},{"not_picked":["Body Slam+1","Havoc"],"picked":"Pummel+1","floor":47},{"not_picked":["Pummel+1","Sword Boomerang+1"],"picked":"Iron Wave+1","floor":48}],"player_experience":1679302,"relics_obtained":[{"floor":6,"key":"Frozen Egg 2"},{"floor":9,"key":"Bag of Preparation"},{"floor":11,"key":"Dream Catcher"},{"floor":13,"key":"Gremlin Horn"},{"floor":24,"key":"MawBank"},{"floor":31,"key":"Turnip"},{"floor":36,"key":"Champion Belt"},{"floor":40,"key":"Oddly Smooth Stone"},{"floor":42,"key":"Pear"},{"floor":43,"key":"Mango"}],"event_choices":[{"damage_healed":0,"gold_gain":75,"player_choice":"Gather Gold","damage_taken":11,"max_hp_gain":0,"max_hp_loss":0,"event_name":"World of Goop","floor":2,"gold_loss":0},{"cards_removed":["Shockwave"],"damage_healed":0,"gold_gain":0,"player_choice":"Gave Card","damage_taken":0,"relics_obtained":["Molten Egg 2"],"max_hp_gain":0,"max_hp_loss":0,"event_name":"WeMeetAgain","floor":3,"gold_loss":0},{"damage_healed":0,"gold_gain":0,"player_choice":"Bought 1 Potion","damage_taken":0,"max_hp_gain":0,"max_hp_loss":0,"event_name":"The Woman in Blue","floor":8,"gold_loss":0},{"damage_healed":0,"gold_gain":0,"player_choice":"Obtained Relic","damage_taken":0,"relics_obtained":["Anchor"],"max_hp_gain":0,"max_hp_loss":0,"event_name":"Addict","floor":19,"gold_loss":85},{"damage_healed":0,"gold_gain":0,"player_choice":"Opened","damage_taken":0,"relics_obtained":["Ice Cream"],"max_hp_gain":0,"max_hp_loss":0,"event_name":"The Mausoleum","floor":21,"gold_loss":0,"cards_obtained":["Writhe"]},{"cards_removed":["Writhe"],"damage_healed":0,"gold_gain":0,"player_choice":"Removed Curses","damage_taken":0,"max_hp_gain":0,"max_hp_loss":0,"event_name":"Fountain of Cleansing","floor":22,"gold_loss":0},{"damage_healed":0,"gold_gain":0,"player_choice":"Fight","damage_taken":0,"max_hp_gain":0,"max_hp_loss":0,"event_name":"MindBloom","floor":36,"gold_loss":0},{"damage_healed":0,"gold_gain":0,"player_choice":"Memory 1","damage_taken":0,"max_hp_gain":0,"max_hp_loss":0,"event_name":"SensoryStone","floor":38,"gold_loss":0},{"damage_healed":0,"gold_gain":0,"player_choice":"Ignored","damage_taken":0,"max_hp_gain":0,"max_hp_loss":0,"event_name":"Mysterious Sphere","floor":39,"gold_loss":0}],"is_beta":false,"boss_relics":[{"not_picked":["Cursed Key","Snecko Eye"],"picked":"Velvet Choker"},{"not_picked":["Empty Cage","Pandora\u0027s Box"],"picked":"Astrolabe"}],"items_purged_floors":[],"is_endless":false,"potions_floor_spawned":[4,5,11,13,16,28,29,31,33,36,40,42,44],"killed_by":"Donu and Deca","ascension_level":20}