{"gold_per_floor":[116,191,210,223,223,223,249,249,249,268,268,44,56,91,91,170,170,187,102,112,112,112,138,138,156,156,156],"floor_reached":27,"playtime":977,"items_purged":["Strike_B"],"score":482,"play_id":"4e544eb9-9c97-4168-9a08-cf658fc0de4f","local_time":"20190507202958","is_ascension_mode":true,"campfire_choices":[{"data":"Zap","floor":6,"key":"SMITH"},{"floor":8,"key":"REST"},{"data":"Recycle","floor":11,"key":"SMITH"},{"floor":15,"key":"REST"},{"floor":24,"key":"REST"}],"neow_cost":"NONE","seed_source_timestamp":35844056455736,"circlet_count":0,"master_deck":["AscendersBane","Strike_B","Strike_B","Strike_B","Defend_B","Defend_B","Defend_B","Defend_B+1","Zap+1","Dualcast+1","Cold Snap","Gash","Melter","Streamline","Recycle+1","Gash","White Noise","All For One","Beam Cell","Genetic Algorithm","Gash","Consume"],"relics":["Cracked Core","Lantern","Pantograph","War Paint","Bronze Scales","Busted Crown","Girya","PreservedInsect","Art of War"],"potions_floor_usage":[16,23],"damage_taken":[{"damage":7,"enemies":"Small Slimes","floor":1,"turns":3},{"damage":0,"enemies":"2 Louse","floor":3,"turns":2},{"damage":5,"enemies":"Jaw Worm","floor":4,"turns":3},{"damage":27,"enemies":"3 Sentries","floor":7,"turns":8},{"damage":1,"enemies":"2 Fungi Beasts","floor":10,"turns":3},{"damage":3,"enemies":"Large Slime","floor":13,"turns":4},{"damage":40,"enemies":"Lagavulin","floor":14,"turns":6},{"damage":39,"enemies":"Slime Boss","floor":16,"turns":7},{"damage":22,"enemies":"Shell Parasite","floor":18,"turns":3},{"damage":5,"enemies":"Chosen","floor":20,"turns":4},{"damage":25,"enemies":"Colosseum Slavers","floor":21,"turns":4},{"damage":6,"enemies":"Gremlin Leader","floor":23,"turns":6},{"damage":12,"enemies":"3 Cultists","floor":25,"turns":4},{"damage":21,"enemies":"Chosen and Byrds","floor":27,"turns":3}],"seed_played":"-1057692763038112524","potions_obtained":[{"floor":3,"key":"EntropicBrew"},{"floor":4,"key":"FairyPotion"},{"floor":18,"key":"SteroidPotion"},{"floor":23,"key":"LiquidBronze"}],"is_trial":false,"path_per_floor":["M","?","M","M","?","R","E","R","T","M","R","$","M","E","R","B",null,"M","?","M","?","?","E","R","M","T","M"],"character_chosen":"DEFECT","items_purchased":["Gash","White Noise"],"campfire_rested":3,"item_purchase_floors":[12,12],"current_hp_per_floor":[57,46,46,41,46,46,19,41,41,40,40,40,37,7,29,15,61,39,39,34,9,9,3,25,13,13,0],"gold":156,"neow_bonus":"RANDOM_COMMON_RELIC","is_prod":false,"is_daily":false,"chose_seed":false,"campfire_upgraded":2,"win_rate":0,"timestamp":1557253798,"path_taken":["M","?","M","M","?","R","E","R","T","M","R","$","M","E","R","BOSS","M","?","M","?","?","E","R","?","T","M"],"build_version":"2019-01-23","purchased_purges":1,"victory":false,"max_hp_per_floor":[71,71,71,71,76,76,76,76,76,76,76,76,76,76,76,76,76,76,76,76,76,76,76,76,76,76,76],"card_choices":[{"not_picked":["Barrage","Steam Power"],"picked":"Cold Snap","floor":1},{"not_picked":["Coolheaded","Conserve Battery"],"picked":"Gash","floor":3},{"not_picked":["Leap","Double Energy"],"picked":"Melter","floor":4},{"not_picked":["Fusion","Darkness"],"picked":"Streamline","floor":7},{"not_picked":["Chill","Cold Snap"],"picked":"Recycle","floor":10},{"not_picked":["Coolheaded","Hologram"],"picked":"All For One","floor":13},{"not_picked":["FTL","Sweeping Beam"],"picked":"Beam Cell","floor":14},{"not_picked":[],"picked":"Genetic Algorithm","floor":18},{"not_picked":["Conserve Battery"],"picked":"SKIP","floor":20},{"not_picked":[],"picked":"Gash","floor":23},{"not_picked":[],"picked":"Consume","floor":25}],"player_experience":338004,"relics_obtained":[{"floor":7,"key":"Pantograph"},{"floor":9,"key":"War Paint"},{"floor":14,"key":"Bronze Scales"},{"floor":23,"key":"PreservedInsect"},{"floor":26,"key":"Art of War"}],"event_choices":[{"damage_healed":0,"gold_gain":75,"player_choice":"Gather Gold","damage_taken":11,"max_hp_gain":0,"max_hp_loss":0,"event_name":"World of Goop","floor":2,"gold_loss":0},{"damage_healed":0,"gold_gain":0,"player_choice":"Donut","damage_taken":0,"max_hp_gain":5,"max_hp_loss":0,"event_name":"Big Fish","floor":5,"gold_loss":0},{"damage_healed":0,"gold_gain":0,"player_choice":"Obtained Relic","damage_taken":0,"relics_obtained":["Girya"],"max_hp_gain":0,"max_hp_loss":0,"event_name":"Addict","floor":19,"gold_loss":85},{"damage_healed":0,"gold_gain":0,"player_choice":"Fight","damage_taken":0,"max_hp_gain":0,"max_hp_loss":0,"event_name":"Colosseum","floor":21,"gold_loss":0},{"damage_healed":0,"gold_gain":0,"player_choice":"Fled From Nobs","damage_taken":0,"max_hp_gain":0,"max_hp_loss":0,"event_name":"Colosseum","floor":21,"gold_loss":0},{"damage_healed":0,"gold_gain":0,"player_choice":"Ignored","damage_taken":0,"max_hp_gain":0,"max_hp_loss":0,"event_name":"The Mausoleum","floor":22,"gold_loss":0}],"is_beta":false,"boss_relics":[{"not_picked":["Inserter","Black Star"],"picked":"Busted Crown"}],"items_purged_floors":[12],"is_endless":false,"potions_floor_spawned":[3,4,16,18,20,23],"killed_by":"Chosen and Byrds","ascension_level":20}