{"gold_per_floor":[115,126,12,12,12,12,26,26,26,26,59,74,74,88,88,213,213,228,228,228,241,264,264,299,299,369,369,394,519,552,573,573,693,693,713,737,959,959,982,1016,1035,1079,1079,1119,491,512,512,555,555,555,555,555,61,105,105],"floor_reached":56,"playtime":4122,"items_purged":["Strike_R","Defend_R"],"score":1828,"play_id":"2191d605-4aab-4bb8-88d4-48055f24ff88","local_time":"20190509174207","is_ascension_mode":true,"campfire_choices":[{"data":"Bash","floor":6,"key":"SMITH"},{"data":"Uppercut","floor":8,"key":"SMITH"},{"data":"Cleave","floor":13,"key":"SMITH"},{"data":"Pommel Strike","floor":15,"key":"SMITH"},{"floor":23,"key":"RECALL"},{"floor":25,"key":"REST"},{"floor":27,"key":"REST"},{"floor":32,"key":"REST"},{"floor":49,"key":"REST"},{"floor":52,"key":"REST"}],"neow_cost":"NONE","seed_source_timestamp":422758509182657,"circlet_count":0,"master_deck":["AscendersBane","Strike_R","Strike_R","Strike_R","Strike_R","Defend_R+1","Defend_R+1","Bash+1","Cleave+1","Uppercut+1","Rampage","Shockwave","Pommel Strike+1","Ghostly Armor","Demon Form","Metallicize","Havoc+1","Second Wind","Battle Trance+1","Havoc","Reaper","Battle Trance+1","Sever Soul+1","Dropkick+1","Demon Form","Heavy Blade+1","Combust","Disarm","Evolve","Metallicize","Spot Weakness","Ghostly Armor+1","Demon Form"],"relics":["Burning Blood","Orichalcum","Golden Idol","Bag of Preparation","Mummified Hand","Fusion Hammer","Turnip","War Paint","Dodecahedron","Incense Burner","Pantograph","Red Mask","Snecko Eye","Strawberry","Bottled Tornado","FossilizedHelix","Bottled Flame","Bag of Marbles","Lee\u0027s Waffle","Juzu Bracelet","Bird Faced Urn","DollysMirror","Oddly Smooth Stone"],"potions_floor_usage":[16,22,24,33,39,40,55,55,55,55,55],"damage_taken":[{"damage":0,"enemies":"Cultist","floor":1,"turns":3},{"damage":4,"enemies":"Small Slimes","floor":2,"turns":3},{"damage":6,"enemies":"Jaw Worm","floor":7,"turns":3},{"damage":12,"enemies":"Gremlin Nob","floor":11,"turns":4},{"damage":4,"enemies":"Red Slaver","floor":12,"turns":2},{"damage":10,"enemies":"Exordium Wildlife","floor":14,"turns":3},{"damage":7,"enemies":"Slime Boss","floor":16,"turns":7},{"damage":5,"enemies":"Spheric Guardian","floor":18,"turns":3},{"damage":12,"enemies":"3 Byrds","floor":21,"turns":5},{"damage":10,"enemies":"Centurion and Healer","floor":22,"turns":5},{"damage":14,"enemies":"Gremlin Leader","floor":24,"turns":6},{"damage":10,"enemies":"Shelled Parasite and Fungi","floor":28,"turns":4},{"damage":13,"enemies":"Colosseum Slavers","floor":29,"turns":5},{"damage":6,"enemies":"Colosseum Nobs","floor":29,"turns":6},{"damage":8,"enemies":"Masked Bandits","floor":30,"turns":4},{"damage":5,"enemies":"Sentry and Sphere","floor":31,"turns":5},{"damage":41,"enemies":"Automaton","floor":33,"turns":8},{"damage":11,"enemies":"3 Darklings","floor":35,"turns":4},{"damage":0,"enemies":"3 Shapes","floor":36,"turns":3},{"damage":7,"enemies":"Jaw Worm Horde","floor":39,"turns":5},{"damage":9,"enemies":"Reptomancer","floor":40,"turns":5},{"damage":0,"enemies":"Maw","floor":41,"turns":6},{"damage":31,"enemies":"Nemesis","floor":42,"turns":5},{"damage":2,"enemies":"Reptomancer","floor":44,"turns":4},{"damage":15,"enemies":"3 Darklings","floor":46,"turns":4},{"damage":0,"enemies":"Nemesis","floor":48,"turns":5},{"damage":27,"enemies":"Donu and Deca","floor":50,"turns":7},{"damage":31,"enemies":"Shield and Spear","floor":54,"turns":5},{"damage":79,"enemies":"The Heart","floor":55,"turns":7}],"seed_played":"-153500577171401621","potions_obtained":[{"floor":2,"key":"Strength Potion"},{"floor":11,"key":"GamblersBrew"},{"floor":14,"key":"Regen Potion"},{"floor":21,"key":"Fire Potion"},{"floor":22,"key":"Weak Potion"},{"floor":29,"key":"SkillPotion"},{"floor":30,"key":"BloodPotion"},{"floor":35,"key":"BloodPotion"},{"floor":36,"key":"Block Potion"},{"floor":41,"key":"FearPotion"},{"floor":54,"key":"PowerPotion"}],"is_trial":false,"path_per_floor":["M","M","$","?","?","R","M","R","T","$","E","M","R","M","R","B",null,"M","T","?","M","M","R","E","R","T","R","M","?","?","M","R","B",null,"M","M","?","?","M","E","M","E","T","E","$","M","?","E","R","B",null,"R","$","E","B",null],"character_chosen":"IRONCLAD","items_purchased":["Rampage","Evolve","Bag of Marbles","Lee\u0027s Waffle","EntropicBrew","Bird Faced Urn","DollysMirror"],"campfire_rested":5,"item_purchase_floors":[3,45,45,45,45,53,53],"current_hp_per_floor":[78,80,80,60,60,60,60,60,60,60,54,56,56,52,52,51,73,74,74,74,68,64,64,56,80,80,80,76,69,67,68,80,50,73,80,80,80,80,80,87,87,62,62,81,94,94,94,94,94,94,94,94,94,92,53],"gold":105,"neow_bonus":"RANDOM_COMMON_RELIC","is_prod":false,"is_daily":false,"chose_seed":false,"campfire_upgraded":4,"win_rate":0,"timestamp":1557420127,"path_taken":["M","M","$","?","?","R","M","R","T","?","E","M","R","M","R","BOSS","M","?","?","?","M","R","E","R","T","R","M","?","?","M","R","BOSS","M","M","?","?","M","E","?","E","T","E","$","?","?","E","R","BOSS","R","$","E","BOSS"],"build_version":"2019-01-23","purchased_purges":2,"victory":true,"max_hp_per_floor":[80,80,80,80,80,80,80,80,80,80,80,80,80,80,80,80,80,80,80,80,80,80,80,80,80,80,80,80,80,80,80,80,80,80,80,80,80,80,80,87,87,87,87,87,94,94,94,94,94,94,94,94,94,94,94],"card_choices":[{"not_picked":["True Grit","Anger"],"picked":"Cleave","floor":1},{"not_picked":["Inflame","Thunderclap"],"picked":"Uppercut","floor":2},{"not_picked":["Burning Pact","Cleave"],"picked":"Shockwave","floor":7},{"not_picked":["Twin Strike","Heavy Blade"],"picked":"Anger","floor":11},{"not_picked":["Clothesline","Hemokinesis"],"picked":"Pommel Strike","floor":12},{"not_picked":["Rampage","Warcry"],"picked":"Ghostly Armor","floor":14},{"not_picked":["Juggernaut","Reaper"],"picked":"Demon Form","floor":16},{"not_picked":["Iron Wave","Sword Boomerang+1","Thunderclap"],"picked":"SKIP","floor":18},{"not_picked":["Anger","Reckless Charge+1"],"picked":"Metallicize","floor":21},{"not_picked":["Clothesline","Clash"],"picked":"Havoc+1","floor":22},{"not_picked":["Dual Wield","Sword Boomerang+1"],"picked":"Second Wind","floor":24},{"not_picked":["Wild Strike","Shrug It Off"],"picked":"Battle Trance+1","floor":28},{"not_picked":["Dual Wield","Demon Form"],"picked":"Havoc","floor":29},{"not_picked":["Spot Weakness","Cleave","Perfected Strike"],"picked":"SKIP","floor":31},{"not_picked":["Bludgeon","Immolate"],"picked":"Reaper","floor":33},{"not_picked":["Wild Strike","Perfected Strike"],"picked":"Battle Trance+1","floor":35},{"not_picked":["Sword Boomerang+1","Anger"],"picked":"Sever Soul+1","floor":36},{"not_picked":["Sword Boomerang","Body Slam+1"],"picked":"Dropkick+1","floor":39},{"not_picked":["Heavy Blade+1","Armaments"],"picked":"Demon Form","floor":40},{"not_picked":["Rage+1","Headbutt+1"],"picked":"Heavy Blade+1","floor":41},{"not_picked":["Body Slam","Wild Strike"],"picked":"Combust","floor":42},{"not_picked":["Shrug It Off","Pummel+1"],"picked":"Disarm","floor":44},{"not_picked":["Ghostly Armor+1","Heavy Blade"],"picked":"Metallicize","floor":46},{"not_picked":["Rupture","Searing Blow"],"picked":"Ghostly Armor+1","floor":48},{"not_picked":["Cleave+1","Pommel Strike","Sentinel"],"picked":"SKIP","floor":54}],"player_experience":341000,"relics_obtained":[{"floor":9,"key":"Bag of Preparation"},{"floor":11,"key":"Mummified Hand"},{"floor":24,"key":"War Paint"},{"floor":26,"key":"Dodecahedron"},{"floor":29,"key":"Incense Burner"},{"floor":29,"key":"Pantograph"},{"floor":30,"key":"Red Mask"},{"floor":40,"key":"Strawberry"},{"floor":42,"key":"Bottled Tornado"},{"floor":43,"key":"FossilizedHelix"},{"floor":44,"key":"Bottled Flame"},{"floor":48,"key":"Juzu Bracelet"},{"floor":54,"key":"Oddly Smooth Stone"}],"event_choices":[{"damage_healed":0,"gold_gain":0,"player_choice":"Take Damage","damage_taken":20,"relics_obtained":["Golden Idol"],"max_hp_gain":0,"max_hp_loss":0,"event_name":"Golden Idol","floor":4,"gold_loss":0},{"damage_healed":0,"gold_gain":0,"player_choice":"Ignored","damage_taken":0,"max_hp_gain":0,"max_hp_loss":0,"event_name":"Liars Game","floor":5,"gold_loss":0},{"cards_removed":["Anger"],"damage_healed":0,"gold_gain":0,"player_choice":"Gave Card","damage_taken":0,"relics_obtained":["Turnip"],"max_hp_gain":0,"max_hp_loss":0,"event_name":"WeMeetAgain","floor":20,"gold_loss":0},{"damage_healed":0,"gold_gain":0,"player_choice":"Fight","damage_taken":0,"max_hp_gain":0,"max_hp_loss":0,"event_name":"Colosseum","floor":29,"gold_loss":0},{"damage_healed":0,"gold_gain":0,"player_choice":"Fought Nobs","damage_taken":0,"max_hp_gain":0,"max_hp_loss":0,"event_name":"Colosseum","floor":29,"gold_loss":0},{"damage_healed":0,"gold_gain":0,"player_choice":"Fought Bandits","damage_taken":0,"max_hp_gain":0,"max_hp_loss":0,"event_name":"Masked Bandits","floor":30,"gold_loss":0},{"damage_healed":0,"gold_gain":222,"player_choice":"Wore Mask","damage_taken":0,"max_hp_gain":0,"max_hp_loss":0,"event_name":"Tomb of Lord Red Mask","floor":37,"gold_loss":0},{"damage_healed":0,"gold_gain":0,"player_choice":"Bought 0 Potions","damage_taken":0,"max_hp_gain":0,"max_hp_loss":0,"event_name":"The Woman in Blue","floor":38,"gold_loss":0},{"damage_healed":0,"gold_gain":0,"cards_transformed":["Defend_R"],"player_choice":"Transformed","damage_taken":0,"max_hp_gain":0,"max_hp_loss":0,"event_name":"Transmorgrifier","floor":47,"gold_loss":0,"cards_obtained":["Spot Weakness"]}],"is_beta":false,"boss_relics":[{"not_picked":["Tiny House","White Beast Statue"],"picked":"Fusion Hammer"},{"not_picked":["Black Star","Velvet Choker"],"picked":"Snecko Eye"}],"items_purged_floors":[3,45],"is_endless":false,"potions_floor_spawned":[2,11,14,21,22,29,30,31,35,36,41,48,54],"ascension_level":10}