{"path_per_floor":["M","T","$","?","M","R","?","?","T","R","M","M","R","M","R","B",null,"M","$","?","?","M","E","R","M","T"],"character_chosen":"IRONCLAD","items_purchased":["Thunderclap"],"gold_per_floor":[117,142,44,44,61,61,11,11,11,11,30,49,49,64,64,164,164,179,79,79,79,91,122,122,134,134],"floor_reached":27,"campfire_rested":0,"playtime":1152,"current_hp_per_floor":[77,77,77,70,67,67,67,67,67,67,73,71,71,68,68,58,72,78,78,78,78,73,56,56,24,24],"items_purged":["Parasite","Strike_R"],"gold":134,"score":332,"play_id":"2c203767-9c0d-46f2-8b02-8022a998eef2","local_time":"20180317111655","is_prod":false,"is_daily":false,"is_ascension_mode":true,"campfire_upgraded":5,"timestamp":1521299815,"path_taken":["M","?","$","?","M","R","?","?","T","R","M","M","R","M","R","BOSS","M","$","?","?","M","E","R","M","T","?"],"build_version":"2018-03-15v2","purchased_purges":2,"victory":false,"master_deck":["Strike_R","Strike_R","Defend_R","Defend_R","Defend_R","Defend_R","Bash","Pommel Strike+1","Thunderclap","Body Slam+1","Disarm+1","Clothesline","Flame Barrier+1","Barricade","Flame Barrier+1"],"max_hp_per_floor":[80,80,77,77,77,77,77,77,77,77,77,77,77,77,77,77,77,79,79,79,79,81,81,81,83,83],"relics":["Burning Blood","Singing Bowl","Dream Catcher","Gremlin Horn","Happy Flower","Velvet Choker","Omamori","Orichalcum"],"card_choices":[{"not_picked":["Fire Breathing","Feel No Pain"],"picked":"Pommel Strike"},{"not_picked":["Sentinel","Disarm"],"picked":"Body Slam"},{"not_picked":["Battle Trance","Blood for Blood"],"picked":"Disarm"},{"not_picked":["Thunderclap","Perfected Strike"],"picked":"Clothesline"},{"not_picked":["Sword Boomerang","Cleave"],"picked":"Flame Barrier"},{"not_picked":["Feed","Berserk"],"picked":"Barricade"},{"not_picked":["Battle Trance","Sever Soul"],"picked":"Flame Barrier"}],"player_experience":527297,"potions_floor_usage":[14,22,23],"damage_taken":[{"damage":1,"enemies":"Cultist","floor":1,"turns":4},{"damage":9,"enemies":"Jaw Worm","floor":5,"turns":3},{"damage":0,"enemies":"2 Louse","floor":11,"turns":2},{"damage":8,"enemies":"Blue Slaver","floor":12,"turns":2},{"damage":9,"enemies":"Exordium Wildlife","floor":14,"turns":3},{"damage":16,"enemies":"The Guardian","floor":16,"turns":13},{"damage":2,"enemies":"Shell Parasite","floor":18,"turns":6},{"damage":13,"enemies":"3 Byrds","floor":22,"turns":4},{"damage":23,"enemies":"Slavers","floor":23,"turns":8},{"damage":40,"enemies":"Sentry and Sphere","floor":25,"turns":8},{"damage":29,"enemies":"Centurion and Healer","floor":27,"turns":3}],"event_choices":[{"event_name":"Golden Wing","player_choice":"Card Removal","floor":4,"damage_taken":0},{"event_name":"The Cleric","player_choice":"Card Removal","floor":7,"damage_taken":0},{"event_name":"Wheel of Change","player_choice":"Relic","floor":8,"damage_taken":0},{"event_name":"Drug Dealer","player_choice":"Ignored","floor":20,"damage_taken":0},{"event_name":"Addict","player_choice":"Ignored","floor":21,"damage_taken":0}],"boss_relics":[{"not_picked":["White Beast Statue","Question Card"],"picked":"Velvet Choker"}],"potions_floor_spawned":[5,11,18,23],"seed_played":"-2678244243626976414","killed_by":"Centurion and Healer","ascension_level":10,"is_trial":false}