{"gold_per_floor":[115,127,127,127,140,159,6,45,45,45,79,79,112,131,131,131],"floor_reached":16,"playtime":718,"items_purged":["Decay"],"score":240,"play_id":"e563eaf7-3095-419e-b348-3ad19e576098","local_time":"20190404053227","is_ascension_mode":true,"campfire_choices":[{"data":"Hyperbeam","floor":10,"key":"SMITH"},{"data":"Hologram","floor":12,"key":"SMITH"},{"data":"Buffer","floor":15,"key":"SMITH"}],"neow_cost":"CURSE","seed_source_timestamp":242112199251077,"circlet_count":0,"master_deck":["AscendersBane","Strike_B","Strike_B","Strike_B","Strike_B","Defend_B","Defend_B","Defend_B","Defend_B","Zap","Dualcast","Undo","Genetic Algorithm","Hyperbeam+1","Gash","Defragment","Rebound","Hologram+1","Conserve Battery","Buffer+1"],"relics":["Cracked Core","Emotion Chip","Golden Idol","Bag of Marbles","Anchor","Question Card","Incense Burner"],"potions_floor_usage":[8,13,16],"damage_taken":[{"damage":3,"enemies":"Cultist","floor":1,"turns":3},{"damage":4,"enemies":"Jaw Worm","floor":2,"turns":4},{"damage":10,"enemies":"Small Slimes","floor":5,"turns":4},{"damage":24,"enemies":"Exordium Thugs","floor":6,"turns":5},{"damage":5,"enemies":"3 Sentries","floor":8,"turns":5},{"damage":8,"enemies":"Gremlin Nob","floor":11,"turns":3},{"damage":13,"enemies":"Lagavulin","floor":13,"turns":7},{"damage":0,"enemies":"2 Fungi Beasts","floor":14,"turns":2},{"damage":19,"enemies":"Hexaghost","floor":16,"turns":9}],"seed_played":"3869363945575371623","potions_obtained":[{"floor":2,"key":"Dexterity Potion"},{"floor":6,"key":"SkillPotion"},{"floor":14,"key":"Regen Potion"}],"is_trial":false,"path_per_floor":["M","M","?","?","M","M","$","E","T","R","E","R","E","M","R","B"],"character_chosen":"DEFECT","items_purchased":["Defragment"],"campfire_rested":0,"item_purchase_floors":[7],"current_hp_per_floor":[61,57,62,62,52,28,28,23,23,23,15,15,2,2,2,0],"gold":131,"neow_bonus":"ONE_RARE_RELIC","is_prod":false,"is_daily":false,"chose_seed":false,"campfire_upgraded":3,"win_rate":0,"timestamp":1554370347,"path_taken":["M","?","?","?","M","M","$","E","T","R","E","R","E","M","R","BOSS"],"build_version":"2019-01-23","purchased_purges":1,"victory":false,"max_hp_per_floor":[71,71,76,69,69,69,69,69,69,69,69,69,69,69,69,69],"card_choices":[{"not_picked":["Steam Power","Barrage"],"picked":"Undo","floor":1},{"not_picked":["Hologram","Beam Cell"],"picked":"Genetic Algorithm","floor":2},{"not_picked":["Leap","Gash"],"picked":"Hyperbeam","floor":5},{"not_picked":["Scrape","Streamline"],"picked":"Gash","floor":6},{"not_picked":["Recycle","Capacitor"],"picked":"Rebound","floor":8},{"not_picked":["Leap","Conserve Battery"],"picked":"Hologram","floor":11},{"not_picked":["Scrape","Stack","Compile Driver"],"picked":"Conserve Battery","floor":13},{"not_picked":["Coolheaded","Double Energy","Stack"],"picked":"Buffer","floor":14}],"player_experience":1590872,"relics_obtained":[{"floor":8,"key":"Bag of Marbles"},{"floor":9,"key":"Anchor"},{"floor":11,"key":"Question Card"},{"floor":13,"key":"Incense Burner"}],"event_choices":[{"damage_healed":0,"gold_gain":0,"player_choice":"Donut","damage_taken":0,"max_hp_gain":5,"max_hp_loss":0,"event_name":"Big Fish","floor":3,"gold_loss":0},{"damage_healed":0,"gold_gain":0,"player_choice":"Lose Max HP","damage_taken":0,"relics_obtained":["Golden Idol"],"max_hp_gain":0,"max_hp_loss":7,"event_name":"Golden Idol","floor":4,"gold_loss":0}],"is_beta":false,"boss_relics":[],"items_purged_floors":[7],"is_endless":false,"potions_floor_spawned":[2,6,14],"killed_by":"Hexaghost","ascension_level":20}