{"gold_per_floor":[113,36,56,56,76,76,37,37,64,64,64,239,239,253,253,354,354,364,4,4,21,41,41],"floor_reached":23,"playtime":1056,"items_purged":["Doubt"],"score":179,"play_id":"976c8b5c-d24d-4cb1-90bc-be6e475509e7","local_time":"20190317135314","is_ascension_mode":false,"campfire_choices":[{"data":"Amplify","floor":6.0,"key":"SMITH"},{"data":"Defragment","floor":8.0,"key":"SMITH"},{"data":"Defragment","floor":10.0,"key":"SMITH"},{"floor":15.0,"key":"RECALL"}],"neow_cost":"NONE","seed_source_timestamp":383372939452314,"circlet_count":0,"master_deck":["Strike_B","Strike_B","Strike_B","Defend_B","Defend_B","Defend_B","Zap","Dualcast","Amplify+1","Capacitor","Defragment+1","Steam","Melter","Defragment+1","Ball Lightning","Amplify","Ball Lightning","Sunder","Barrage","Thunder Strike","Barrage","Aggregate"],"special_seed":0,"relics":["Cracked Core","Du-Vu Doll","Meat on the Bone","Lizard Tail","Bottled Flame"],"potions_floor_usage":[21,21,22,23],"damage_taken":[{"damage":1.0,"enemies":"Cultist","floor":1.0,"turns":3.0},{"damage":8.0,"enemies":"Jaw Worm","floor":3.0,"turns":5.0},{"damage":0.0,"enemies":"Small Slimes","floor":5.0,"turns":3.0},{"damage":1.0,"enemies":"2 Fungi Beasts","floor":14.0,"turns":3.0},{"damage":37.0,"enemies":"Hexaghost","floor":16.0,"turns":8.0},{"damage":0.0,"enemies":"Spheric Guardian","floor":18.0,"turns":2.0},{"damage":25,"enemies":"2 Thieves","floor":21,"turns":4},{"damage":35,"enemies":"Cultist and Chosen","floor":22,"turns":6},{"damage":70,"enemies":"Gremlin Leader","floor":23,"turns":7}],"seed_played":"-7522141602487487861","potions_obtained":[{"floor":1.0,"key":"EssenceOfSteel"},{"floor":4.0,"key":"AttackPotion"},{"floor":4.0,"key":"SteroidPotion"},{"floor":16.0,"key":"Weak Potion"},{"floor":21,"key":"Block Potion"},{"floor":22,"key":"Strength Potion"}],"is_trial":false,"path_per_floor":["M","$","M","?","M","R","$","R","T","R","?","?","T","M","R","B",null,"M","$","?","M","M","E"],"character_chosen":"DEFECT","items_purchased":["Defragment","Defragment","Sunder","Bottled Flame"],"campfire_rested":0,"item_purchase_floors":[2,7,19,19],"current_hp_per_floor":[74,74,66,66,66,66,66,66,66,66,54,54,54,53,53,28,75,75,75,75,50,27,0],"gold":41,"neow_bonus":"ONE_RANDOM_RARE_CARD","is_prod":false,"is_daily":false,"chose_seed":false,"campfire_upgraded":3,"win_rate":0,"timestamp":1552845194,"path_taken":["M","$","M","?","M","R","?","R","T","R","?","?","?","M","R","BOSS","M","$","?","M","M","E"],"build_version":"2019-01-23","purchased_purges":1,"victory":false,"max_hp_per_floor":[75,75,75,75,75,75,75,75,75,75,75,75,75,75,75,75,75,75,75,75,75,75,75],"card_choices":[{"not_picked":["Scrape","Chill"],"picked":"Capacitor","floor":1.0},{"not_picked":["Chill","Beam Cell"],"picked":"Steam","floor":3.0},{"not_picked":["Rebound","Fusion"],"picked":"Melter","floor":5.0},{"not_picked":["Conserve Battery","Skim"],"picked":"Ball Lightning","floor":14.0},{"not_picked":["Multi-Cast","All For One"],"picked":"Amplify","floor":16.0},{"not_picked":["Coolheaded+1","Gash"],"picked":"Ball Lightning","floor":18.0},{"not_picked":["Recycle","Redo"],"picked":"Barrage","floor":21},{"not_picked":["Barrage","Gash"],"picked":"Aggregate","floor":22}],"player_experience":738378,"relics_obtained":[{"floor":13.0,"key":"Meat on the Bone"}],"event_choices":[{"damage_healed":0.0,"max_hp_gain":0.0,"max_hp_loss":0.0,"gold_gain":0.0,"event_name":"Lab","player_choice":"Got Potions","floor":4.0,"gold_loss":0.0,"damage_taken":0.0},{"damage_healed":0.0,"max_hp_gain":0.0,"max_hp_loss":0.0,"gold_gain":0.0,"event_name":"Scrap Ooze","player_choice":"Success","floor":11.0,"gold_loss":0.0,"damage_taken":12.0,"relics_obtained":["Du-Vu Doll"]},{"damage_healed":0.0,"max_hp_gain":0.0,"max_hp_loss":0.0,"gold_gain":175.0,"event_name":"Liars Game","player_choice":"AGREE","floor":12.0,"gold_loss":0.0,"damage_taken":0.0,"cards_obtained":["Doubt"]},{"damage_healed":0.0,"max_hp_gain":0.0,"max_hp_loss":0.0,"gold_gain":0.0,"cards_transformed":["Defend_B","Strike_B"],"event_name":"Drug Dealer","player_choice":"Became Test Subject","floor":20.0,"gold_loss":0.0,"damage_taken":0.0,"cards_obtained":["Barrage","Thunder Strike"]}],"is_beta":false,"boss_relics":[{"not_picked":["Runic Dome","White Beast Statue"],"picked":"Lizard Tail"}],"items_purged_floors":[19],"is_endless":false,"potions_floor_spawned":[1,16,21,22],"killed_by":"Gremlin Leader","ascension_level":0}