{"gold_per_floor":[118,136,148,1,18,18,18,18,45,60,60,89,89,119,119,119],"floor_reached":16,"playtime":419,"items_purged":[],"score":204,"play_id":"6821b8c7-3380-40e0-9eaa-f5e572d9f984","local_time":"20190131234237","is_ascension_mode":true,"campfire_choices":[{"data":"Bash","floor":6,"key":"SMITH"},{"data":"True Grit","floor":8,"key":"SMITH"},{"data":"Intimidate","floor":11,"key":"SMITH"},{"floor":15,"key":"REST"}],"neow_cost":"NONE","seed_source_timestamp":138681847353017,"circlet_count":0,"master_deck":["AscendersBane","Strike_R","Strike_R","Strike_R","Defend_R","Defend_R","Defend_R","Defend_R","Bash+1","Power Through","Intimidate+1","Metallicize","True Grit+1","Pommel Strike","Searing Blow","Twin Strike","Havoc","Flame Barrier"],"relics":["Burning Blood","Lantern","Bag of Marbles","Turnip"],"potions_floor_usage":[5,10,10],"damage_taken":[{"damage":9,"enemies":"Jaw Worm","floor":1,"turns":4},{"damage":6,"enemies":"Cultist","floor":2,"turns":4},{"damage":6,"enemies":"Small Slimes","floor":3,"turns":4},{"damage":5,"enemies":"3 Louse","floor":5,"turns":2},{"damage":0,"enemies":"Gremlin Gang","floor":10,"turns":1},{"damage":39,"enemies":"Gremlin Nob","floor":12,"turns":5},{"damage":28,"enemies":"3 Sentries","floor":14,"turns":13},{"damage":57,"enemies":"The Guardian","floor":16,"turns":15}],"seed_played":"101233357361264","potions_obtained":[{"floor":2,"key":"Poison Potion"},{"floor":3,"key":"Explosive Potion"},{"floor":5,"key":"AttackPotion"}],"is_trial":false,"path_per_floor":["M","M","M","$","M","R","?","R","T","M","R","E","?","E","R","B"],"character_chosen":"IRONCLAD","items_purchased":["Metallicize","True Grit"],"campfire_rested":1,"item_purchase_floors":[4,4],"current_hp_per_floor":[65,65,65,65,66,66,66,66,66,72,72,39,39,17,39,0],"gold":119,"neow_bonus":"REMOVE_CARD","is_prod":false,"is_daily":false,"chose_seed":false,"campfire_upgraded":3,"win_rate":0,"timestamp":1549003357,"path_taken":["M","M","M","$","M","R","?","R","T","?","R","E","?","E","R","BOSS"],"build_version":"2019-01-23","purchased_purges":0,"victory":false,"max_hp_per_floor":[75,75,75,75,75,75,75,75,75,75,75,75,75,75,75,75],"card_choices":[{"not_picked":["Warcry","Seeing Red"],"picked":"Power Through","floor":1},{"not_picked":["Sword Boomerang","Flex"],"picked":"Intimidate","floor":2},{"not_picked":["Wild Strike","Clash","Carnage"],"picked":"SKIP","floor":3},{"not_picked":["Iron Wave","Infernal Blade"],"picked":"Pommel Strike","floor":5},{"not_picked":["Perfected Strike","Rage"],"picked":"Twin Strike","floor":10},{"not_picked":["Power Through","Infernal Blade"],"picked":"Havoc","floor":12},{"not_picked":["Warcry","Clothesline"],"picked":"Flame Barrier","floor":14}],"player_experience":1048843,"relics_obtained":[{"floor":9,"key":"Lantern"},{"floor":12,"key":"Bag of Marbles"},{"floor":14,"key":"Turnip"}],"event_choices":[{"damage_healed":0,"gold_gain":0,"cards_transformed":["Strike_R"],"player_choice":"Transformed","damage_taken":0,"max_hp_gain":0,"max_hp_loss":0,"event_name":"Transmorgrifier","floor":7,"gold_loss":0,"cards_obtained":["Searing Blow"]},{"damage_healed":0,"gold_gain":0,"player_choice":"Searched \u00270\u0027 times","damage_taken":0,"max_hp_gain":0,"max_hp_loss":0,"event_name":"Dead Adventurer","floor":13,"gold_loss":0}],"is_beta":true,"boss_relics":[],"items_purged_floors":[],"is_endless":false,"potions_floor_spawned":[2,3,5],"killed_by":"The Guardian","ascension_level":17}