{"path_per_floor":["M","M","?","M","M","R","E","M","T","E","M","E","R","E","R","B",null,"M","?","$","M","M","E","M","E","T","T","R","M","$","E","R","B",null,"M","?","$","?","M","R","M","R","T","E","R","?","?","$","R","B"],"character_chosen":"THE_SILENT","items_purchased":["Letter Opener","Catalyst"],"gold_per_floor":[113,129,129,140,155,155,185,198,198,224,238,267,267,296,296,391,391,410,410,86,102,120,151,171,206,206,206,206,222,43,72,72,167,167,185,185,60,60,71,71,82,82,82,114,114,114,169,19,19,19],"floor_reached":51,"campfire_rested":2,"playtime":3630,"current_hp_per_floor":[70,66,54,54,38,38,31,29,29,26,26,39,60,60,60,53,70,70,70,70,67,63,58,58,58,58,72,72,74,74,61,84,69,84,71,71,71,71,73,73,75,75,75,71,71,71,56,56,56,61],"items_purged":["Strike_G","Strike_G","Heel Hook","Strike_G"],"gold":19,"score":852,"play_id":"b19da0d8-fa71-4804-8b0e-89db53c36fae","is_prod":false,"is_daily":false,"is_ascension_mode":true,"campfire_upgraded":2,"path_taken":["M","M","?","M","M","R","E","?","T","E","M","E","R","E","R","BOSS","M","?","$","M","M","E","M","E","T","?","R","M","?","E","R","BOSS","M","?","?","?","M","R","M","R","T","E","R","?","?","$","R","BOSS"],"build_version":"2018-02-12-PROD1","purchased_purges":5,"victory":true,"master_deck":["Survivor+1","Neutralize+1","Bouncing Flask+1","Backstab+1","Blur+1","Terror+1","Deadly Poison+1","Catalyst+1","Catalyst+1","Catalyst+1","Catalyst+1","Catalyst+1","Bullet Time+1","Poisoned Stab+1"],"max_hp_per_floor":[70,70,70,70,70,70,70,70,70,70,70,70,70,70,70,70,70,70,70,70,70,70,70,70,70,70,84,84,84,84,84,84,84,84,84,84,84,84,84,84,84,84,84,84,84,84,84,84,84,84],"relics":["Ring of the Snake","Toxic Egg 2","Centennial Puzzle","Thread and Needle","Gremlin Horn","Dream Catcher","Molten Egg 2","The Specimen","Letter Opener","Whetstone","Peace Pipe","Blood Vial","Mango","Gambling Chip","Astrolabe","Ginger","Lantern","Unceasing Top"],"card_choices":[{"not_picked":["Blade Dance","Deflect"],"picked":"Bouncing Flask"},{"not_picked":["Quick Slash","Backflip"],"picked":"Backstab"},{"not_picked":["Deflect","Accuracy"],"picked":"Blur"},{"not_picked":["Well Laid Plans","Quick Slash"],"picked":"Terror"},{"not_picked":["Outmaneuver","Storm of Steel"],"picked":"Deadly Poison"},{"not_picked":["Deadly Poison","Cloak And Dagger"],"picked":"Catalyst"},{"not_picked":["Deadly Poison","Sucker Punch"],"picked":"Escape Plan"},{"not_picked":["Prepared","Acrobatics"],"picked":"Catalyst"},{"not_picked":["Eviscerate","Outmaneuver"],"picked":"Catalyst"},{"not_picked":["Tactician","Doppelganger"],"picked":"Bullet Time"}],"player_experience":236739,"potions_floor_usage":[4,5,12,14,16,25,29,33,39,50,50,50],"damage_taken":[{"damage":0,"enemies":"Cultist","floor":1,"turns":4},{"damage":4,"enemies":"Jaw Worm","floor":2,"turns":4},{"damage":0,"enemies":"Small Slimes","floor":4,"turns":3},{"damage":31,"enemies":"Exordium Thugs","floor":5,"turns":7},{"damage":7,"enemies":"Lagavulin","floor":7,"turns":5},{"damage":2,"enemies":"2 Fungi Beasts","floor":8,"turns":3},{"damage":3,"enemies":"Gremlin Nob","floor":10,"turns":4},{"damage":0,"enemies":"Gremlin Gang","floor":11,"turns":3},{"damage":2,"enemies":"Lagavulin","floor":12,"turns":6},{"damage":0,"enemies":"Gremlin Nob","floor":14,"turns":4},{"damage":7,"enemies":"Hexaghost","floor":16,"turns":6},{"damage":0,"enemies":"Chosen","floor":18,"turns":3},{"damage":3,"enemies":"2 Thieves","floor":21,"turns":2},{"damage":4,"enemies":"Centurion and Healer","floor":22,"turns":3},{"damage":5,"enemies":"Book of Stabbing","floor":23,"turns":4},{"damage":0,"enemies":"Chosen and Byrds","floor":24,"turns":4},{"damage":0,"enemies":"Gremlin Leader","floor":25,"turns":4},{"damage":0,"enemies":"Snecko","floor":29,"turns":4},{"damage":15,"enemies":"Slavers","floor":31,"turns":3},{"damage":15,"enemies":"Automaton","floor":33,"turns":3},{"damage":13,"enemies":"3 Shapes","floor":35,"turns":4},{"damage":0,"enemies":"3 Darklings","floor":39,"turns":3},{"damage":0,"enemies":"Maw","floor":41,"turns":2},{"damage":6,"enemies":"2 Orb Walkers","floor":44,"turns":2},{"damage":17,"enemies":"Mysterious Sphere","floor":47,"turns":3},{"damage":0,"enemies":"Time Eater","floor":50,"turns":1}],"event_choices":[{"event_name":"Scrap Ooze","player_choice":"success","floor":3,"damage_taken":12},{"event_name":"The Library","player_choice":"Read","floor":19,"damage_taken":0},{"event_name":"Tomb of Lord Red Mask","player_choice":"Ignored","floor":36,"damage_taken":0},{"event_name":"Upgrade Shrine","player_choice":"Upgraded","floor":46,"damage_taken":0},{"event_name":"Mysterious Sphere","player_choice":"Fight","floor":47,"damage_taken":0}],"boss_relics":[{"not_picked":["Sozu","Orrery"],"picked":"The Specimen"},{"not_picked":["Black Star","Snecko Eye"],"picked":"Astrolabe"}],"potions_floor_spawned":[1,2,10,11,14,18,21,23,25,35,44,47],"seed_played":"-6084522332367634753","ascension_level":4,"is_trial":false}