{"gold_per_floor":[119,91,91,91,91,91,154,169,169,196,196,213,213,213],"floor_reached":14,"playtime":304,"items_purged":[],"score":242,"play_id":"8695e51f-9d43-402d-ad1b-62930ac3b90c","local_time":"20190426045336","is_ascension_mode":true,"campfire_choices":[{"data":"Zap","floor":6,"key":"SMITH"},{"data":"Barrage","floor":13,"key":"SMITH"}],"neow_cost":"NONE","seed_source_timestamp":298677391996623,"circlet_count":0,"master_deck":["AscendersBane","Strike_B","Strike_B","Strike_B","Defend_B","Defend_B","Defend_B","Defend_B+1","Zap+1","Dualcast","Go for the Eyes","Coolheaded+1","Heatsinks","Barrage+1","Auto Shields","Genetic Algorithm"],"relics":["Cracked Core","NeowsBlessing","Smiling Mask","Tiny Chest","Bottled Flame","War Paint"],"potions_floor_usage":[10,14],"damage_taken":[{"damage":0,"enemies":"2 Louse","floor":1,"turns":1},{"damage":0,"enemies":"3 Sentries","floor":7,"turns":1},{"damage":0,"enemies":"Jaw Worm","floor":8,"turns":1},{"damage":9,"enemies":"Lagavulin","floor":10,"turns":7},{"damage":0,"enemies":"Cultist","floor":12,"turns":4},{"damage":53,"enemies":"Gremlin Nob","floor":14,"turns":4}],"seed_played":"-6014875792053375555","potions_obtained":[{"floor":1,"key":"PowerPotion"},{"floor":10,"key":"Explosive Potion"}],"is_trial":false,"path_per_floor":["M","$","?","?","?","R","E","M","T","E","T","M","R","E"],"character_chosen":"DEFECT","items_purchased":["Coolheaded"],"campfire_rested":0,"item_purchase_floors":[2],"current_hp_per_floor":[64,64,53,58,51,51,51,51,51,42,42,42,42,0],"gold":213,"neow_bonus":"THREE_ENEMY_KILL","is_prod":false,"is_daily":false,"chose_seed":false,"campfire_upgraded":2,"win_rate":0,"timestamp":1556268816,"path_taken":["M","$","?","?","?","R","E","M","T","E","?","?","R","E"],"build_version":"2019-01-23","purchased_purges":0,"victory":false,"max_hp_per_floor":[71,71,71,76,76,76,76,76,76,76,76,76,76,76],"card_choices":[{"not_picked":["Steam Power","Sweeping Beam"],"picked":"Go for the Eyes","floor":1},{"not_picked":["Multi-Cast","Melter"],"picked":"Heatsinks","floor":7},{"not_picked":["Lockon","Beam Cell"],"picked":"Barrage","floor":8},{"not_picked":["Redo","Leap"],"picked":"Auto Shields","floor":10},{"not_picked":["Darkness","Coolheaded"],"picked":"Genetic Algorithm","floor":12}],"player_experience":1947549,"relics_obtained":[{"floor":7,"key":"Tiny Chest"},{"floor":10,"key":"Bottled Flame"},{"floor":11,"key":"War Paint"}],"event_choices":[{"damage_healed":0,"gold_gain":0,"player_choice":"Success","damage_taken":11,"relics_obtained":["Smiling Mask"],"max_hp_gain":0,"max_hp_loss":0,"event_name":"Scrap Ooze","floor":3,"gold_loss":0},{"damage_healed":0,"gold_gain":0,"player_choice":"Donut","damage_taken":0,"max_hp_gain":5,"max_hp_loss":0,"event_name":"Big Fish","floor":4,"gold_loss":0},{"cards_removed":["Strike_B"],"damage_healed":0,"gold_gain":0,"player_choice":"Card Removal","damage_taken":7,"max_hp_gain":0,"max_hp_loss":0,"event_name":"Golden Wing","floor":5,"gold_loss":0}],"is_beta":false,"boss_relics":[],"items_purged_floors":[],"is_endless":false,"potions_floor_spawned":[1,10],"killed_by":"Gremlin Nob","ascension_level":20}