{"path_per_floor":["M","?","M","M","$","R","E","R","T","E","$","$","M","M","R","B",null,"M","?","M"],"character_chosen":"DEFECT","items_purchased":["Stack","Ball Lightning","Go for the Eyes","Capacitor","Seek"],"gold_per_floor":[115,190,206,224,50,50,82,82,106,139,4,4,23,38,38,140,140,140,140,80,80],"floor_reached":21,"campfire_rested":1,"playtime":698,"current_hp_per_floor":[56,45,38,38,38,38,22,42,42,30,30,30,27,21,21,3,52,39,23,4,0],"items_purged":[],"gold":80,"score":265,"play_id":"a476de90-cf23-43b9-8652-8d581c080ba7","local_time":"20180430115857","is_prod":false,"is_daily":false,"chose_seed":false,"is_ascension_mode":true,"campfire_upgraded":2,"timestamp":1525114737,"path_taken":["M","?","M","?","$","R","E","R","T","E","?","$","M","M","R","BOSS","M","?","M","M"],"build_version":"2018-04-27v3","seed_source_timestamp":6872401246524,"purchased_purges":0,"victory":false,"master_deck":["Strike_B","Strike_B","Strike_B","Strike_B","Defend_B+1","Defend_B","Defend_B","Defend_B","Zap+1","Dualcast","FTL","Coolheaded","Genetic Algorithm+1","Stack","Ball Lightning","Go for the Eyes","Capacitor","Genetic Algorithm+1","Go for the Eyes","Seek","Ball Lightning","Hologram","Echo Form","Stack","Sweeping Beam+1"],"max_hp_per_floor":[68,68,68,68,68,68,68,68,68,68,68,68,68,68,68,68,68,68,68,68,68],"relics":["Cracked Core","Sundial","Ancient Tea Set","War Paint","Prayer Wheel","Ectoplasm","Nilry\u0027s Codex"],"card_choices":[{"not_picked":["Scrape","Stack"],"picked":"FTL","floor":1},{"not_picked":["Sweeping Beam","Go for the Eyes"],"picked":"Coolheaded","floor":3},{"not_picked":["Beam Cell","Force Field"],"picked":"Genetic Algorithm","floor":4},{"not_picked":["Beam Cell","Recycle"],"picked":"Genetic Algorithm","floor":7},{"not_picked":["Recycle","Barrage"],"picked":"Go for the Eyes","floor":10},{"not_picked":["Darkness","Chill"],"picked":"Ball Lightning","floor":13},{"not_picked":["Coolheaded","Sweeping Beam"],"picked":"Hologram","floor":14},{"not_picked":["Nova","Meteor Strike"],"picked":"Echo Form","floor":16},{"not_picked":["Go for the Eyes","Axe Kick"],"picked":"Stack","floor":18},{"not_picked":["Coolheaded","Flux Capacitor"],"picked":"Sweeping Beam","floor":20}],"player_experience":562085,"potions_floor_usage":[7,14,16,20,21,21],"damage_taken":[{"damage":12,"enemies":"2 Louse","floor":1,"turns":4},{"damage":7,"enemies":"Small Slimes","floor":3,"turns":3},{"damage":0,"enemies":"Cultist","floor":4,"turns":4},{"damage":16,"enemies":"Lagavulin","floor":7,"turns":5},{"damage":12,"enemies":"3 Sentries","floor":10,"turns":7},{"damage":3,"enemies":"Red Slaver","floor":13,"turns":4},{"damage":6,"enemies":"Exordium Wildlife","floor":14,"turns":4},{"damage":18,"enemies":"Slime Boss","floor":16,"turns":7},{"damage":13,"enemies":"Shell Parasite","floor":18,"turns":7},{"damage":19,"enemies":"2 Thieves","floor":20,"turns":4},{"damage":5,"enemies":"Snake Plant","floor":21,"turns":5}],"event_choices":[{"event_name":"World of Goop","player_choice":"Gather Gold","floor":2,"damage_taken":0},{"event_name":"Cursed Tome","player_choice":"Obtained Book","floor":19,"damage_taken":0}],"boss_relics":[{"not_picked":["Eternal Feather","Philosopher\u0027s Stone"],"picked":"Ectoplasm"}],"potions_floor_spawned":[1,7,13,14,18,20],"seed_played":"4146217597648132695","killed_by":"Snake Plant","ascension_level":8,"is_trial":false}