{"gold_per_floor":[110,110,129,129,54,86,86,119,198,218,218,235,250,250,250,328,328,339,339,264,284,284,284,312,312,312,323,323,350,378,391,391,391],"floor_reached":33,"playtime":1191,"items_purged":[],"score":588,"play_id":"f1a54b49-4da3-444c-a98b-05118db79303","local_time":"20180912204915","is_ascension_mode":true,"campfire_choices":[{"data":"Perfected Strike","floor":7,"key":"SMITH"},{"data":"Bash","floor":11,"key":"SMITH"},{"data":"Clothesline","floor":15,"key":"SMITH"},{"data":"Strike_R","floor":23,"key":"SMITH"},{"data":"Strike_R","floor":25,"key":"SMITH"},{"floor":28,"key":"REST"},{"data":"Strike_R","floor":32,"key":"SMITH"}],"neow_cost":"NONE","seed_source_timestamp":872053060163492,"circlet_count":0,"master_deck":["Strike_R","Strike_R","Strike_R+1","Strike_R+1","Strike_R+1","Defend_R","Defend_R","Defend_R","Defend_R","Bash+1","AscendersBane","Perfected Strike+1","Clothesline+1","Twin Strike+1","Feel No Pain+1","Blood for Blood+1","Metallicize+1","Pommel Strike+1","Demon Form+1","Intimidate+1","Fire Breathing+1","Anger+1"],"relics":["Burning Blood","NeowsBlessing","Happy Flower","Anchor","Frozen Egg 2","FossilizedHelix","Molten Egg 2","Busted Crown","Meat on the Bone","Bottled Tornado","Sundial","Orichalcum","Red Mask"],"potions_floor_usage":[12,16,18,29,29],"damage_taken":[{"damage":0,"enemies":"2 Louse","floor":1,"turns":1},{"damage":0,"enemies":"Small Slimes","floor":3,"turns":1},{"damage":0,"enemies":"3 Sentries","floor":6,"turns":2},{"damage":15,"enemies":"Lagavulin","floor":8,"turns":7},{"damage":0,"enemies":"Jaw Worm","floor":10,"turns":3},{"damage":0,"enemies":"3 Louse","floor":12,"turns":3},{"damage":0,"enemies":"Looter","floor":13,"turns":3},{"damage":20,"enemies":"Slime Boss","floor":16,"turns":6},{"damage":6,"enemies":"3 Byrds","floor":18,"turns":5},{"damage":3,"enemies":"Shell Parasite","floor":21,"turns":5},{"damage":33,"enemies":"Book of Stabbing","floor":24,"turns":5},{"damage":10,"enemies":"Snake Plant","floor":27,"turns":4},{"damage":10,"enemies":"Gremlin Leader","floor":29,"turns":4},{"damage":12,"enemies":"Masked Bandits","floor":30,"turns":4},{"damage":9,"enemies":"Snecko","floor":31,"turns":4},{"damage":75,"enemies":"Automaton","floor":33,"turns":6}],"seed_played":"2921064008760246449","potions_obtained":[{"floor":1,"key":"FearPotion"},{"floor":10,"key":"Strength Potion"},{"floor":12,"key":"Poison Potion"},{"floor":13,"key":"Energy Potion"},{"floor":24,"key":"Explosive Potion"},{"floor":27,"key":"BloodPotion"},{"floor":30,"key":"Fire Potion"}],"is_trial":false,"path_per_floor":["M","?","M","?","?","E","R","E","T","M","R","M","M","?","R","B",null,"M","?","?","M","?","R","E","R","T","M","R","E","?","M","R"],"character_chosen":"IRONCLAD","items_purchased":[],"campfire_rested":1,"item_purchase_floors":[],"current_hp_per_floor":[74,74,75,64,64,70,70,61,61,67,67,73,75,75,75,61,72,72,72,72,75,75,75,48,48,48,44,66,69,63,60,60,0],"gold":391,"neow_bonus":"THREE_ENEMY_KILL","is_prod":false,"is_daily":false,"chose_seed":false,"campfire_upgraded":6,"win_rate":0,"timestamp":1536799755,"path_taken":["M","?","M","?","?","E","R","E","T","?","R","M","?","?","R","BOSS","M","?","?","?","?","R","E","R","T","?","R","E","?","M","R","BOSS"],"build_version":"2018-09-06","purchased_purges":0,"victory":false,"max_hp_per_floor":[75,75,75,75,75,75,75,75,75,75,75,75,75,75,75,75,75,75,75,75,75,75,75,75,75,75,75,75,75,75,75,75,75],"card_choices":[{"not_picked":["Infernal Blade","Wild Strike"],"picked":"Perfected Strike","floor":1},{"not_picked":["Flex","Bloodletting"],"picked":"Clothesline","floor":3},{"not_picked":["Fire Breathing","Clothesline"],"picked":"Twin Strike","floor":6},{"not_picked":["Wild Strike","Warcry"],"picked":"Feel No Pain+1","floor":8},{"not_picked":["True Grit","Shrug It Off"],"picked":"Blood for Blood+1","floor":10},{"not_picked":["Combust+1","Heavy Blade+1"],"picked":"Metallicize+1","floor":12},{"not_picked":["Thunderclap+1","Havoc"],"picked":"Pommel Strike+1","floor":13},{"not_picked":["Dark Embrace+1","Reaper+1"],"picked":"Demon Form+1","floor":16},{"not_picked":[],"picked":"Intimidate+1","floor":18},{"not_picked":["Clash+1"],"picked":"SKIP","floor":21},{"not_picked":[],"picked":"Fire Breathing+1","floor":24},{"not_picked":[],"picked":"Anger+1","floor":27},{"not_picked":["Iron Wave+1"],"picked":"SKIP","floor":29},{"not_picked":["Battle Trance"],"picked":"SKIP","floor":31}],"player_experience":1006546,"relics_obtained":[{"floor":6,"key":"Frozen Egg 2"},{"floor":8,"key":"FossilizedHelix"},{"floor":9,"key":"Molten Egg 2"},{"floor":24,"key":"Bottled Tornado"},{"floor":26,"key":"Sundial"},{"floor":29,"key":"Orichalcum"},{"floor":30,"key":"Red Mask"}],"event_choices":[{"event_name":"Big Fish","player_choice":"Box","floor":2,"damage_taken":0},{"event_name":"Scrap Ooze","player_choice":"success","floor":4,"damage_taken":11},{"event_name":"The Cleric","player_choice":"Card Removal","floor":5,"damage_taken":0},{"event_name":"Upgrade Shrine","player_choice":"Upgraded","floor":14,"damage_taken":0},{"event_name":"The Mausoleum","player_choice":"Yes","floor":19,"damage_taken":0},{"event_name":"Beggar","player_choice":"Gave Gold","floor":20,"damage_taken":0},{"event_name":"Ghosts","player_choice":"Ignored","floor":22,"damage_taken":0},{"event_name":"Masked Bandits","player_choice":"Fought Bandits","floor":30,"damage_taken":0}],"is_beta":false,"boss_relics":[{"not_picked":["Tiny House","Runic Pyramid"],"picked":"Busted Crown"}],"items_purged_floors":[],"is_endless":false,"potions_floor_spawned":[1,10,12,13,24,27,30],"killed_by":"Automaton","ascension_level":17}