{"gold_per_floor":[112,37,37,37,37,70,90,134,216,216,232,273,8,27,27,27],"floor_reached":16,"playtime":446,"items_purged":[],"score":286,"play_id":"010b0a59-dd65-4481-8509-d668b2a00a6a","local_time":"20190317160617","is_ascension_mode":true,"campfire_choices":[{"floor":10,"key":"REST"},{"data":"Armaments","floor":15,"key":"SMITH"}],"neow_cost":"NONE","seed_source_timestamp":52381613303382,"circlet_count":0,"master_deck":["AscendersBane","Strike_R","Strike_R","Strike_R","Strike_R","Defend_R","Defend_R","Defend_R","Defend_R","Bash","Whirlwind","Clothesline","Armaments+1","Uppercut","Metallicize","Pommel Strike","Impervious"],"relics":["Burning Blood","NeowsBlessing","Golden Idol","Oddly Smooth Stone","Juzu Bracelet","Paper Frog","Mummified Hand","Singing Bowl"],"potions_floor_usage":[11,12],"damage_taken":[{"damage":0,"enemies":"Small Slimes","floor":1,"turns":1},{"damage":0,"enemies":"Lagavulin","floor":6,"turns":1},{"damage":0,"enemies":"2 Louse","floor":7,"turns":1},{"damage":54,"enemies":"Gremlin Nob","floor":8,"turns":5},{"damage":0,"enemies":"Jaw Worm","floor":11,"turns":3},{"damage":42,"enemies":"3 Sentries","floor":12,"turns":10},{"damage":6,"enemies":"Large Slime","floor":14,"turns":7},{"damage":0,"enemies":"Slime Boss","floor":16,"turns":3}],"seed_played":"-4614610793357323610","potions_obtained":[{"floor":6,"key":"Dexterity Potion"},{"floor":8,"key":"Energy Potion"},{"floor":14,"key":"Weak Potion"}],"is_trial":false,"path_per_floor":["M","?","?","$","?","E","M","E","T","R","M","E","$","M","R","B"],"character_chosen":"IRONCLAD","items_purchased":["Singing Bowl"],"campfire_rested":1,"item_purchase_floors":[13],"current_hp_per_floor":[74,74,79,79,51,57,63,15,15,39,45,9,9,9,9,9],"gold":27,"neow_bonus":"THREE_ENEMY_KILL","is_prod":false,"is_daily":false,"chose_seed":false,"campfire_upgraded":1,"win_rate":0,"timestamp":1552853177,"path_taken":["M","?","?","?","?","E","?","E","T","R","M","E","$","M","R","BOSS"],"build_version":"2019-01-23","purchased_purges":0,"victory":false,"max_hp_per_floor":[75,75,80,80,80,80,80,80,80,80,80,80,80,80,80,80],"card_choices":[{"not_picked":["Sword Boomerang","Pommel Strike"],"picked":"Whirlwind","floor":1},{"not_picked":["Perfected Strike","Rampage"],"picked":"Clothesline","floor":6},{"not_picked":["Bloodletting","Flex"],"picked":"Armaments","floor":7},{"not_picked":["Headbutt","Whirlwind"],"picked":"Uppercut","floor":8},{"not_picked":["Cleave","Whirlwind"],"picked":"Metallicize","floor":11},{"not_picked":["Hemokinesis","Sword Boomerang"],"picked":"Pommel Strike","floor":12},{"not_picked":["Corruption","Wild Strike"],"picked":"Impervious","floor":14}],"player_experience":1173531,"relics_obtained":[{"floor":6,"key":"Oddly Smooth Stone"},{"floor":8,"key":"Juzu Bracelet"},{"floor":9,"key":"Paper Frog"},{"floor":12,"key":"Mummified Hand"}],"event_choices":[{"cards_removed":["Strike_R"],"damage_healed":0,"gold_gain":0,"player_choice":"Card Removal","damage_taken":0,"max_hp_gain":0,"max_hp_loss":0,"event_name":"The Cleric","floor":2,"gold_loss":75},{"damage_healed":0,"gold_gain":0,"player_choice":"Donut","damage_taken":0,"max_hp_gain":5,"max_hp_loss":0,"event_name":"Big Fish","floor":3,"gold_loss":0},{"damage_healed":0,"gold_gain":0,"player_choice":"Take Damage","damage_taken":28,"relics_obtained":["Golden Idol"],"max_hp_gain":0,"max_hp_loss":0,"event_name":"Golden Idol","floor":5,"gold_loss":0}],"is_beta":false,"boss_relics":[],"items_purged_floors":[],"is_endless":false,"potions_floor_spawned":[6,8,14],"killed_by":"Slime Boss","ascension_level":20}