{"gold_per_floor":[118,134,134,24,24,24,24,24,24,24,42,57,57,89,89,89],"floor_reached":16,"playtime":366,"items_purged":[],"score":172,"play_id":"2adc900c-3fa4-449e-84c5-d237e0375858","local_time":"20180803104319","is_ascension_mode":true,"campfire_choices":[{"data":"Bash","floor":6,"key":"SMITH"},{"data":"Metallicize","floor":13,"key":"SMITH"},{"data":"Uppercut","floor":15,"key":"SMITH"}],"neow_cost":"NONE","seed_source_timestamp":92460128141440,"circlet_count":0,"master_deck":["Strike_R","Strike_R","Strike_R","Strike_R","Defend_R","Defend_R","Defend_R+1","Defend_R","Bash+1","AscendersBane","Shrug It Off+1","Armaments","Metallicize+1","Uppercut+1","True Grit","Clothesline","Pommel Strike"],"relics":["Burning Blood","Nunchaku","Pen Nib"],"potions_floor_usage":[14,16],"damage_taken":[{"damage":1,"enemies":"Jaw Worm","floor":1,"turns":5},{"damage":12,"enemies":"Small Slimes","floor":2,"turns":4},{"damage":1,"enemies":"Cultist","floor":11,"turns":3},{"damage":2,"enemies":"Blue Slaver","floor":12,"turns":5},{"damage":25,"enemies":"3 Sentries","floor":14,"turns":9},{"damage":43,"enemies":"Slime Boss","floor":16,"turns":12}],"seed_played":"-6339289391565258812","potions_obtained":[{"floor":2,"key":"BloodPotion"},{"floor":12,"key":"AttackPotion"},{"floor":14,"key":"SmokeBomb"}],"is_trial":false,"path_per_floor":["M","M","?","$","?","R","?","$","T","$","M","M","R","E","R"],"character_chosen":"IRONCLAD","items_purchased":["Metallicize","Uppercut"],"campfire_rested":0,"item_purchase_floors":[4,4],"current_hp_per_floor":[73,67,67,67,67,67,44,44,44,44,49,53,53,34,34,0],"gold":89,"neow_bonus":"THREE_CARDS","is_prod":false,"is_daily":false,"chose_seed":false,"campfire_upgraded":3,"win_rate":0,"timestamp":1533318199,"path_taken":["M","M","?","$","?","R","?","$","T","$","?","M","R","E","R","BOSS"],"build_version":"2018-08-01","purchased_purges":0,"victory":false,"max_hp_per_floor":[75,75,75,75,75,75,75,75,75,75,75,75,75,75,75,75],"card_choices":[{"not_picked":["Heavy Blade","Bloodletting"],"picked":"Shrug It Off","floor":0},{"not_picked":["Headbutt","Heavy Blade"],"picked":"Armaments","floor":1},{"not_picked":["Rupture","Combust","Dropkick"],"picked":"SKIP","floor":2},{"not_picked":["Perfected Strike","Searing Blow"],"picked":"True Grit","floor":11},{"not_picked":["Dual Wield","Immolate"],"picked":"Clothesline","floor":12},{"not_picked":["Anger","Sword Boomerang"],"picked":"Pommel Strike","floor":14}],"player_experience":833766,"relics_obtained":[{"floor":9,"key":"Nunchaku"},{"floor":14,"key":"Pen Nib"}],"event_choices":[{"event_name":"Living Wall","player_choice":"Forget","floor":3,"damage_taken":0},{"event_name":"The Cleric","player_choice":"Leave","floor":5,"damage_taken":0},{"event_name":"Shining Light","player_choice":"Entered Light","floor":7,"damage_taken":0}],"is_beta":true,"boss_relics":[],"items_purged_floors":[],"is_endless":false,"potions_floor_spawned":[2,12,14],"killed_by":"Slime Boss","ascension_level":15}