{"path_per_floor":["M","?","M","?","?","E","M","R","T","R","E","$","R","M","R","B",null,"M","?","M"],"character_chosen":"THE_SILENT","items_purchased":["Oddly Smooth Stone"],"gold_per_floor":[119,119,135,60,60,88,100,100,153,153,185,40,40,52,52,128,128,53,53,53,53],"floor_reached":21,"campfire_rested":1,"playtime":1184,"current_hp_per_floor":[57,57,57,57,62,45,41,41,41,41,25,25,25,21,57,23,59,32,32,17,0],"items_purged":[],"gold":53,"score":352,"play_id":"a6174549-c107-41f5-af46-91a77a3564a6","local_time":"20180414150940","is_prod":false,"is_daily":false,"chose_seed":false,"is_ascension_mode":true,"campfire_upgraded":3,"timestamp":1523732980,"path_taken":["M","?","M","?","?","E","M","R","T","R","E","$","R","M","R","BOSS","M","?","M","M"],"build_version":"2018-04-12","seed_source_timestamp":148967279096818,"purchased_purges":0,"victory":false,"master_deck":["Survivor","Neutralize","AscendersBane","Masterful Stab+1","Prepared+1","Slice","Slice","Noxious Fumes+1","Underhanded Strike","Slice","Slice","PiercingWail","Dodge and Roll+1","Footwork","Eviscerate"],"max_hp_per_floor":[66,66,66,66,71,71,71,71,71,71,71,71,71,71,71,71,71,71,71,71,71],"relics":["Pandora\u0027s Box","Regal Pillow","Happy Flower","Shuriken","Oddly Smooth Stone","Ectoplasm"],"card_choices":[{"not_picked":["Dodge and Roll","Eviscerate"],"picked":"PiercingWail","floor":6},{"not_picked":["Bane","All Out Attack"],"picked":"Dodge and Roll","floor":7},{"not_picked":["Skewer","Dagger Spray"],"picked":"Footwork","floor":14},{"not_picked":["Deadly Poison","Prepared"],"picked":"Eviscerate","floor":20}],"player_experience":864135,"potions_floor_usage":[11,11,16,20,21],"damage_taken":[{"damage":2,"enemies":"2 Louse","floor":1,"turns":3},{"damage":0,"enemies":"Cultist","floor":3,"turns":4},{"damage":17,"enemies":"3 Sentries","floor":6,"turns":6},{"damage":4,"enemies":"Small Slimes","floor":7,"turns":4},{"damage":16,"enemies":"Lagavulin","floor":11,"turns":9},{"damage":4,"enemies":"Exordium Wildlife","floor":14,"turns":4},{"damage":34,"enemies":"Slime Boss","floor":16,"turns":11},{"damage":27,"enemies":"2 Thieves","floor":18,"turns":5},{"damage":15,"enemies":"Spheric Guardian","floor":20,"turns":4},{"damage":18,"enemies":"Cultist and Chosen","floor":21,"turns":5}],"event_choices":[{"event_name":"Upgrade Shrine","player_choice":"Upgraded","floor":2,"damage_taken":0},{"event_name":"The Cleric","player_choice":"Card Removal","floor":4,"damage_taken":0},{"event_name":"Big Fish","player_choice":"Donut","floor":5,"damage_taken":0},{"event_name":"Back to Basics","player_choice":"Elegance","floor":19,"damage_taken":0}],"boss_relics":[{"not_picked":["Velvet Choker","Black Star"],"picked":"Ectoplasm"}],"potions_floor_spawned":[3,6,7,14,20],"seed_played":"8797884978625264058","killed_by":"Cultist and Chosen","ascension_level":15,"is_trial":false}