{"path_per_floor":["M","?","?","M","?","E","M","M","T","$","M","M","R","?","R","B",null,"M","?","?","M","T","R","M"],"character_chosen":"THE_SILENT","items_purchased":["Footwork","Finesse"],"gold_per_floor":[109,109,109,124,124,152,169,182,182,18,28,46,46,46,46,117,117,117,117,117,117,117,117,117,117],"floor_reached":25,"campfire_rested":1,"playtime":1069,"current_hp_per_floor":[70,67,67,67,67,46,42,41,41,41,40,40,40,23,48,23,69,44,44,34,27,27,27,16,0],"items_purged":[],"gold":117,"score":361,"play_id":"f7bc00cd-140c-441c-aeb0-c20dc2d2cf71","local_time":"20180405231241","is_prod":false,"is_daily":false,"is_ascension_mode":true,"campfire_upgraded":2,"timestamp":1522984361,"path_taken":["M","?","?","M","?","E","M","M","T","$","M","M","R","?","R","BOSS","M","?","?","M","?","R","M","E"],"build_version":"2018-04-05","purchased_purges":1,"victory":false,"master_deck":["Defend_G+1","Defend_G","Defend_G","Defend_G","Defend_G","Survivor","Neutralize","AscendersBane","Well Laid Plans","Deadly Poison+1","Bullet Time","Infinite Blades","Bane","Footwork","Finesse","Escape Plan","Noxious Fumes+1","Wraith Form+1","Blur","Bite","Bite","Bite","Bite","Bite"],"max_hp_per_floor":[84,84,84,84,84,84,84,84,84,84,84,84,84,84,84,84,84,84,58,63,63,63,63,63,63],"relics":["Ring of the Snake","Calipers","Letter Opener","Art of War","Ectoplasm","Bag of Marbles"],"card_choices":[{"not_picked":["Deflect","Accuracy"],"picked":"Well Laid Plans","floor":1},{"not_picked":["All Out Attack","Prepared"],"picked":"Deadly Poison","floor":4},{"not_picked":["All Out Attack","Well Laid Plans"],"picked":"Bullet Time","floor":6},{"not_picked":["Concentrate","Underhanded Strike"],"picked":"Infinite Blades","floor":7},{"not_picked":["Outmaneuver","Quick Slash"],"picked":"Bane","floor":8},{"not_picked":["Flechettes","Well Laid Plans"],"picked":"Escape Plan","floor":11},{"not_picked":["Backstab","Dagger Spray"],"picked":"Noxious Fumes","floor":12},{"not_picked":["After Image","Grand Finale"],"picked":"Wraith Form","floor":16},{"not_picked":["Slice","Calculated Gamble"],"picked":"Blur","floor":18}],"player_experience":687152,"potions_floor_usage":[11,11,16,24],"damage_taken":[{"damage":7,"enemies":"Small Slimes","floor":1,"turns":7},{"damage":0,"enemies":"Jaw Worm","floor":4,"turns":4},{"damage":21,"enemies":"Lagavulin","floor":6,"turns":8},{"damage":4,"enemies":"Cultist","floor":7,"turns":3},{"damage":1,"enemies":"Exordium Wildlife","floor":8,"turns":3},{"damage":1,"enemies":"Looter","floor":11,"turns":4},{"damage":0,"enemies":"Red Slaver","floor":12,"turns":4},{"damage":37,"enemies":"Slime Boss","floor":16,"turns":8},{"damage":25,"enemies":"Chosen","floor":18,"turns":5},{"damage":17,"enemies":"Spheric Guardian","floor":21,"turns":4},{"damage":19,"enemies":"Snake Plant","floor":24,"turns":4},{"damage":28,"enemies":"Book of Stabbing","floor":25,"turns":4}],"event_choices":[{"event_name":"Scrap Ooze","player_choice":"success","floor":2,"damage_taken":3},{"event_name":"Fountain of Cleansing","player_choice":"Removed Curse","floor":3,"damage_taken":0},{"event_name":"Accursed Blacksmith","player_choice":"Forge","floor":5,"damage_taken":0},{"event_name":"Shining Light","player_choice":"Entered Light","floor":14,"damage_taken":0},{"event_name":"Vampires","player_choice":"Became a vampire","floor":19,"damage_taken":0},{"event_name":"Forgotten Altar","player_choice":"Shed Blood","floor":20,"damage_taken":0}],"boss_relics":[{"not_picked":["Lizard Tail","Eternal Feather"],"picked":"Ectoplasm"}],"potions_floor_spawned":[6,7,11,21],"seed_played":"3861980716910610170","killed_by":"Book of Stabbing","ascension_level":13,"is_trial":false}