{"gold_per_floor":[214,389,402,40,55,55,83,83,83,115,126,126,149,192,204,319,331,363,387,499,511,523],"floor_reached":22,"playtime":1790,"items_purged":["Doubt"],"score":306,"play_id":"6974e2e1-f927-490d-8217-ddfbc8cf17f3","local_time":"20190509163033","is_ascension_mode":true,"campfire_choices":[{"data":"Neutralize","floor":6,"key":"SMITH"},{"data":"Noxious Fumes","floor":8,"key":"SMITH"},{"floor":15,"key":"REST"}],"neow_cost":"NONE","seed_source_timestamp":420812373597972,"circlet_count":0,"master_deck":["AscendersBane","Defend_G","Defend_G","Defend_G","Defend_G","Defend_G","Strike_G","Strike_G","Strike_G","Strike_G","Strike_G","Survivor","Neutralize+1","Cloak And Dagger","Finisher","Bouncing Flask+1","Noxious Fumes+1","Distraction+1","Dash","Outmaneuver+1","Dodge and Roll+1","A Thousand Cuts","Catalyst+1","Escape Plan+1","Catalyst+1"],"relics":["Ring of the Snake","Toxic Egg 2","Question Card","Pantograph","Bottled Tornado","MawBank","Centennial Puzzle","Sozu","Unceasing Top","Ninja Scroll"],"potions_floor_usage":[7,7,16,16,16],"damage_taken":[{"damage":2,"enemies":"2 Louse","floor":1,"turns":4},{"damage":5,"enemies":"Jaw Worm","floor":3,"turns":5},{"damage":0,"enemies":"Cultist","floor":5,"turns":3},{"damage":10,"enemies":"Lagavulin","floor":7,"turns":6},{"damage":33,"enemies":"3 Sentries","floor":10,"turns":9},{"damage":0,"enemies":"Blue Slaver","floor":11,"turns":3},{"damage":2,"enemies":"3 Louse","floor":13,"turns":5},{"damage":10,"enemies":"Lagavulin","floor":14,"turns":6},{"damage":52,"enemies":"Slime Boss","floor":16,"turns":10},{"damage":9,"enemies":"Spheric Guardian","floor":18,"turns":4},{"damage":7,"enemies":"3 Byrds","floor":19,"turns":4},{"damage":9,"enemies":"Colosseum Slavers","floor":20,"turns":4},{"damage":28,"enemies":"Colosseum Nobs","floor":20,"turns":5},{"damage":2,"enemies":"Snake Plant","floor":22,"turns":2}],"seed_played":"-535641524156799195","potions_obtained":[{"floor":1,"key":"Regen Potion"},{"floor":5,"key":"SkillPotion"},{"floor":10,"key":"PowerPotion"},{"floor":11,"key":"Dexterity Potion"},{"floor":14,"key":"GamblersBrew"}],"is_trial":false,"path_per_floor":["M","?","M","$","M","R","E","R","T","E","M","T","M","E","R","B",null,"M","M","?","?","M"],"character_chosen":"THE_SILENT","items_purchased":["Toxic Egg 2","Bouncing Flask+1"],"campfire_rested":1,"item_purchase_floors":[4,4],"current_hp_per_floor":[61,61,56,56,56,56,61,61,61,28,28,28,26,16,37,10,55,46,39,2,2,0],"gold":523,"neow_bonus":"HUNDRED_GOLD","is_prod":false,"is_daily":false,"chose_seed":false,"campfire_upgraded":2,"win_rate":0,"timestamp":1557415833,"path_taken":["M","?","M","$","M","R","E","R","T","E","M","?","?","E","R","BOSS","M","M","?","?","M"],"build_version":"2019-01-23","purchased_purges":1,"victory":false,"max_hp_per_floor":[70,70,70,70,70,70,70,70,70,70,70,70,70,70,70,70,70,70,70,70,70,70],"card_choices":[{"not_picked":["Tactician","Acrobatics"],"picked":"Cloak And Dagger","floor":1},{"not_picked":["Dodge and Roll","Riddle With Holes"],"picked":"Finisher","floor":3},{"not_picked":["Prepared+1","Deadly Poison+1"],"picked":"Noxious Fumes","floor":5},{"not_picked":["Choke","Bane"],"picked":"Distraction+1","floor":7},{"not_picked":["Setup+1","Flechettes","Accuracy"],"picked":"Dash","floor":10},{"not_picked":["Masterful Stab","Tactician+1","Poisoned Stab"],"picked":"Outmaneuver+1","floor":11},{"not_picked":["Poisoned Stab","Bane","Tools of the Trade","Outmaneuver+1"],"picked":"SKIP","floor":13},{"not_picked":["Poisoned Stab","Choke","Acrobatics+1"],"picked":"Dodge and Roll+1","floor":14},{"not_picked":["Adrenaline+1","Night Terror+1","Glass Knife"],"picked":"A Thousand Cuts","floor":16},{"not_picked":["Flying Knee","Bane+1","Dagger Throw"],"picked":"Catalyst+1","floor":18},{"not_picked":["Dodge and Roll+1","Predator","Bullet Time+1"],"picked":"Escape Plan+1","floor":19},{"not_picked":["Caltrops+1","Bane+1","Cloak And Dagger+1"],"picked":"Catalyst+1","floor":20}],"player_experience":339210,"relics_obtained":[{"floor":7,"key":"Question Card"},{"floor":9,"key":"Pantograph"},{"floor":10,"key":"Bottled Tornado"},{"floor":12,"key":"MawBank"},{"floor":14,"key":"Centennial Puzzle"},{"floor":20,"key":"Unceasing Top"},{"floor":20,"key":"Ninja Scroll"}],"event_choices":[{"damage_healed":0,"gold_gain":175,"player_choice":"AGREE","damage_taken":0,"max_hp_gain":0,"max_hp_loss":0,"event_name":"Liars Game","floor":2,"gold_loss":0,"cards_obtained":["Doubt"]},{"damage_healed":0,"gold_gain":0,"player_choice":"Fight","damage_taken":0,"max_hp_gain":0,"max_hp_loss":0,"event_name":"Colosseum","floor":20,"gold_loss":0},{"damage_healed":0,"gold_gain":0,"player_choice":"Fought Nobs","damage_taken":0,"max_hp_gain":0,"max_hp_loss":0,"event_name":"Colosseum","floor":20,"gold_loss":0},{"damage_healed":0,"gold_gain":0,"player_choice":"Got Potions","damage_taken":0,"max_hp_gain":0,"max_hp_loss":0,"event_name":"Lab","floor":21,"gold_loss":0}],"is_beta":false,"boss_relics":[{"not_picked":["Calling Bell","Ring of the Serpent"],"picked":"Sozu"}],"items_purged_floors":[4],"is_endless":false,"potions_floor_spawned":[1,5,10,11,14,18],"killed_by":"Snake Plant","ascension_level":10}