{"path_per_floor":["M","?","$","M","?","R","E","R","T","E","?","M","M","?","R","B",null,"M","?","M","?","?","E","R","M","T","$","?","E","R","E","R","B",null,"M","M","M","?","M","E","M","R","T","E","$","M","?","M","R","B"],"character_chosen":"THE_SILENT","items_purchased":["Shuriken","Strength Potion","Glass Knife","Panache","Swift Potion","Mummified Hand"],"gold_per_floor":[360,360,74,94,94,94,121,121,148,178,178,193,211,211,211,285,285,302,302,316,316,316,343,343,357,428,7,7,36,36,61,61,136,136,147,164,183,183,196,222,238,238,238,265,5,17,17,37,37,37],"floor_reached":51,"campfire_rested":1,"playtime":3190,"current_hp_per_floor":[59,59,59,59,59,59,41,41,41,19,19,19,16,16,16,27,52,47,47,47,47,30,30,30,30,30,30,40,40,40,40,40,25,36,36,36,36,29,29,25,24,24,24,18,18,17,17,16,28,28],"items_purged":[],"gold":37,"score":1559,"play_id":"b3d88082-d84b-4610-8f08-0a90995df2d2","local_time":"20180415161404","is_prod":false,"is_daily":false,"chose_seed":false,"is_ascension_mode":true,"campfire_upgraded":7,"timestamp":1523823244,"path_taken":["M","?","$","M","?","R","E","R","T","E","?","M","?","?","R","BOSS","M","?","?","?","?","E","R","M","T","$","?","E","R","E","R","BOSS","M","M","M","?","?","E","M","R","T","E","$","M","?","?","R","BOSS"],"build_version":"2018-04-12","seed_source_timestamp":6484867432786,"purchased_purges":0,"victory":true,"master_deck":["Defend_G+1","Defend_G+1","Defend_G+1","Defend_G+1","Defend_G+1","Strike_G+1","Strike_G+1","Survivor","Neutralize+1","AscendersBane","Infinite Blades+1","A Thousand Cuts+1","Terror","Injury","Dodge and Roll","Backstab","Backflip","After Image+1","Escape Plan+1","Burst+1","Dagger Spray","Backflip","Neutralize+1","Finisher+1","Ghostly","Ghostly","Ghostly","Ghostly","Ghostly","Escape Plan","Deflect","Glass Knife+1","Panache","Footwork","Dagger Throw+1","Envenom+1","Dash+1","Dash+1","Predator","Madness","Madness","Prepared+1","Bane","Prepared+1","Regret","Choke","Dark Shackles+1","Deflect+1","PiercingWail+1"],"max_hp_per_floor":[60,60,60,60,60,60,60,60,60,60,60,60,60,60,60,60,60,60,60,60,60,30,30,30,30,30,30,40,40,40,40,40,40,40,40,40,40,40,40,40,40,40,40,40,40,40,40,40,40,40],"relics":["Ring of the Snake","Shuriken","Centennial Puzzle","Art of War","Gambling Chip","Astrolabe","Kunai","Bottled Flame","Bronze Scales","Snake Skull","Cursed Key","Vajra","Toxic Egg 2","Dream Catcher","Mummified Hand"],"card_choices":[{"not_picked":["Quick Slash","Deadly Poison"],"picked":"Infinite Blades","floor":1},{"not_picked":["Bane","Setup"],"picked":"Terror","floor":4},{"not_picked":["Outmaneuver","Crippling Poison"],"picked":"Dodge and Roll","floor":7},{"not_picked":["Quick Slash","Concentrate"],"picked":"Backstab","floor":10},{"not_picked":["Deadly Poison","Deflect"],"picked":"Backflip","floor":12},{"not_picked":["Dagger Throw","Flying Knee"],"picked":"After Image","floor":13},{"not_picked":["Envenom","Burst"],"picked":"Bullet Time","floor":16},{"not_picked":["Bouncing Flask","Flying Knee"],"picked":"Dagger Spray","floor":18},{"not_picked":["Skewer","Underhanded Strike"],"picked":"Finisher","floor":20},{"not_picked":["Distraction","Venomology"],"picked":"Escape Plan","floor":23},{"not_picked":["Poisoned Stab","Acrobatics"],"picked":"Deflect","floor":25},{"not_picked":["Acrobatics","Noxious Fumes"],"picked":"Footwork","floor":29},{"not_picked":["PiercingWail","Eviscerate"],"picked":"Dagger Throw","floor":31},{"not_picked":["Night Terror","Grand Finale"],"picked":"Envenom","floor":33},{"not_picked":["Dagger Spray","Prepared"],"picked":"Dash","floor":35},{"not_picked":["Underhanded Strike","Dodge and Roll"],"picked":"Dash","floor":36},{"not_picked":["Bouncing Flask","Masterful Stab"],"picked":"Predator","floor":37},{"not_picked":["Finisher","Slice"],"picked":"Prepared","floor":39},{"not_picked":["Deflect","Finisher"],"picked":"Bane","floor":40},{"not_picked":["Endless Agony","Burst"],"picked":"Prepared","floor":41},{"not_picked":["Deadly Poison","Expertise"],"picked":"Choke","floor":44},{"not_picked":["Trip","Thinking Ahead"],"picked":"Dark Shackles","floor":47},{"not_picked":["Cloak And Dagger","Skewer"],"picked":"Deflect","floor":48},{"not_picked":["Outmaneuver","Dodge and Roll"],"picked":"PiercingWail","floor":49}],"player_experience":882073,"potions_floor_usage":[10,16,16,16,23,29,29,33,44,50,50,50],"damage_taken":[{"damage":0,"enemies":"Jaw Worm","floor":1,"turns":7},{"damage":0,"enemies":"Cultist","floor":4,"turns":5},{"damage":18,"enemies":"3 Sentries","floor":7,"turns":6},{"damage":22,"enemies":"Gremlin Nob","floor":10,"turns":5},{"damage":0,"enemies":"Small Slimes","floor":12,"turns":3},{"damage":3,"enemies":"Exordium Thugs","floor":13,"turns":4},{"damage":1,"enemies":"Slime Boss","floor":16,"turns":8},{"damage":5,"enemies":"Chosen","floor":18,"turns":6},{"damage":0,"enemies":"Shell Parasite","floor":20,"turns":8},{"damage":0,"enemies":"Gremlin Leader","floor":23,"turns":7},{"damage":0,"enemies":"Cultist and Chosen","floor":25,"turns":7},{"damage":0,"enemies":"Slavers","floor":29,"turns":4},{"damage":0,"enemies":"Gremlin Leader","floor":31,"turns":6},{"damage":15,"enemies":"Automaton","floor":33,"turns":10},{"damage":0,"enemies":"3 Shapes","floor":35,"turns":6},{"damage":0,"enemies":"Orb Walker","floor":36,"turns":3},{"damage":0,"enemies":"3 Darklings","floor":37,"turns":5},{"damage":0,"enemies":"Sphere and 2 Shapes","floor":39,"turns":4},{"damage":4,"enemies":"Nemesis","floor":40,"turns":5},{"damage":1,"enemies":"4 Shapes","floor":41,"turns":4},{"damage":6,"enemies":"2 Orb Walkers","floor":44,"turns":4},{"damage":1,"enemies":"Maw","floor":46,"turns":6},{"damage":1,"enemies":"3 Darklings","floor":48,"turns":4},{"damage":0,"enemies":"Donu and Deca","floor":50,"turns":7}],"event_choices":[{"event_name":"Transmorgrifier","player_choice":"Transform","floor":2,"damage_taken":0},{"event_name":"Accursed Blacksmith","player_choice":"Forge","floor":5,"damage_taken":0},{"event_name":"Liars Game","player_choice":"disagreed","floor":11,"damage_taken":0},{"event_name":"Shining Light","player_choice":"Ignored","floor":14,"damage_taken":0},{"event_name":"Match and Keep!","player_choice":"2 cards matched","floor":19,"damage_taken":0},{"event_name":"Back to Basics","player_choice":"Simplicity","floor":21,"damage_taken":0},{"event_name":"Ghosts","player_choice":"Became a Ghost","floor":22,"damage_taken":0},{"event_name":"Bonfire Elementals","player_choice":"RARE","floor":28,"damage_taken":0},{"event_name":"Winding Halls","player_choice":"Embrace Madness","floor":38,"damage_taken":0},{"event_name":"SensoryStone","player_choice":"Memory 1","floor":47,"damage_taken":0}],"boss_relics":[{"not_picked":["Snecko Eye","Lizard Tail"],"picked":"Astrolabe"},{"not_picked":["Runic Pyramid","Pandora\u0027s Box"],"picked":"Cursed Key"}],"potions_floor_spawned":[1,12,13,16,23,25,31,33,35,41,44,46],"seed_played":"-7909553630571287666","ascension_level":15,"is_trial":false}