{"gold_per_floor":[114,127,127,77,96,122,122,138,138,169,22,22,47,60,60,165,165,184,184,196,166,166,166],"floor_reached":23,"playtime":1070,"items_purged":[],"score":298,"play_id":"6fa93fc1-236c-433f-b9e3-a5d7a7a3337d","local_time":"20180903210411","is_ascension_mode":true,"campfire_choices":[{"data":"Hello World","floor":7,"key":"SMITH"},{"floor":12,"key":"REST"},{"data":"Storm","floor":15,"key":"SMITH"}],"neow_cost":"TEN_PERCENT_HP_LOSS","seed_source_timestamp":95399281574585,"circlet_count":0,"master_deck":["Strike_B","Strike_B","Strike_B","Defend_B","Defend_B","Defend_B","Defend_B","Zap","Dualcast","Loop+1","Force Field","Redo","Hello World+1","Compile Driver","Storm+1","Echo Form","Darkness","Storm+1"],"relics":["Cracked Core","Bird Faced Urn","Pear","Symbiotic Virus","Smiling Mask","Regal Pillow","Pantograph","Black Star"],"potions_floor_usage":[10,18,20,23,23],"damage_taken":[{"damage":5,"enemies":"Small Slimes","floor":1,"turns":3},{"damage":0,"enemies":"Cultist","floor":2,"turns":3},{"damage":7,"enemies":"Jaw Worm","floor":5,"turns":3},{"damage":40,"enemies":"3 Sentries","floor":6,"turns":7},{"damage":4,"enemies":"Red Slaver","floor":8,"turns":4},{"damage":34,"enemies":"Gremlin Nob","floor":10,"turns":4},{"damage":10,"enemies":"Lagavulin","floor":13,"turns":5},{"damage":11,"enemies":"Exordium Wildlife","floor":14,"turns":4},{"damage":0,"enemies":"Slime Boss","floor":16,"turns":6},{"damage":34,"enemies":"2 Thieves","floor":18,"turns":4},{"damage":21,"enemies":"Spheric Guardian","floor":20,"turns":5},{"damage":77,"enemies":"Gremlin Leader","floor":23,"turns":5}],"seed_played":"8192471390904994152","potions_obtained":[{"floor":5,"key":"Energy Potion"},{"floor":6,"key":"FearPotion"},{"floor":14,"key":"EssenceOfSteel"},{"floor":16,"key":"Energy Potion"},{"floor":21,"key":"LiquidBronze"},{"floor":21,"key":"FearPotion"}],"is_trial":false,"path_per_floor":["M","M","?","?","M","E","R","M","T","E","$","R","E","M","R","B",null,"M","?","M","?","?"],"character_chosen":"DEFECT","items_purchased":["Regal Pillow"],"campfire_rested":1,"item_purchase_floors":[11],"current_hp_per_floor":[63,65,65,65,60,32,32,32,32,2,2,40,36,31,31,62,78,46,46,37,37,63,0],"gold":166,"neow_bonus":"ONE_RARE_RELIC","is_prod":false,"is_daily":false,"chose_seed":false,"campfire_upgraded":2,"win_rate":0,"timestamp":1536023051,"path_taken":["M","M","?","?","M","E","R","?","T","E","$","R","E","M","R","BOSS","M","?","M","?","?","E"],"build_version":"2018-08-30","purchased_purges":0,"victory":false,"max_hp_per_floor":[68,68,68,68,68,78,78,78,78,78,78,78,78,78,78,78,78,78,78,78,78,78,78],"card_choices":[{"not_picked":["Rebound","Lockon"],"picked":"Loop","floor":1},{"not_picked":["Steam Power","Rebound"],"picked":"Force Field","floor":2},{"not_picked":["Compile Driver","Beam Cell"],"picked":"Redo","floor":5},{"not_picked":["Glacier","Ball Lightning"],"picked":"Hello World","floor":6},{"not_picked":["Beam Cell","Ball Lightning"],"picked":"Compile Driver","floor":8},{"not_picked":["Hologram","Compile Driver"],"picked":"Storm","floor":10},{"not_picked":["Sweeping Beam","FTL","Steam"],"picked":"SKIP","floor":13},{"not_picked":["Redo","Stack","FTL"],"picked":"SKIP","floor":14},{"not_picked":["Machine Learning","Core Surge"],"picked":"Echo Form","floor":16},{"not_picked":["Storm","Barrage+1"],"picked":"Darkness","floor":18},{"not_picked":["Coolheaded","FTL","Doom and Gloom"],"picked":"SKIP","floor":20}],"player_experience":978472,"relics_obtained":[{"floor":6,"key":"Pear"},{"floor":9,"key":"Symbiotic Virus"},{"floor":10,"key":"Smiling Mask"},{"floor":13,"key":"Pantograph"}],"event_choices":[{"event_name":"Upgrade Shrine","player_choice":"Upgraded","floor":3,"damage_taken":0},{"event_name":"The Cleric","player_choice":"Card Removal","floor":4,"damage_taken":0},{"event_name":"Duplicator","player_choice":"One dupe","floor":19,"damage_taken":0},{"event_name":"The Woman in Blue","player_choice":"Bought 2 Potions","floor":21,"damage_taken":0},{"event_name":"The Library","player_choice":"Heal","floor":22,"damage_taken":0}],"is_beta":false,"boss_relics":[{"not_picked":["Philosopher\u0027s Stone","Runic Dome"],"picked":"Black Star"}],"items_purged_floors":[],"is_endless":false,"potions_floor_spawned":[5,6,14,16],"killed_by":"Gremlin Leader","ascension_level":3}