{"gold_per_floor":[116,129,149,162,5,5,34,54,77,77,89,123,123,141,141,220,220,234,246,246,171,189,189,222,64,64,94,94,109,109,136,136,136],"floor_reached":33,"playtime":1946,"items_purged":[],"score":669,"play_id":"982a6829-61f2-436d-8df8-51c278ea2566","local_time":"20190501080611","is_ascension_mode":true,"campfire_choices":[{"data":"Bludgeon","floor":6.0,"key":"SMITH"},{"data":"Bash","floor":10,"key":"SMITH"},{"data":"True Grit","floor":13,"key":"SMITH"},{"data":"Disarm","floor":15,"key":"SMITH"},{"data":"Uppercut","floor":23,"key":"SMITH"},{"data":"Spot Weakness","floor":32,"key":"SMITH"}],"neow_cost":"NONE","seed_source_timestamp":740562930612877,"circlet_count":0,"master_deck":["AscendersBane","Strike_R+1","Strike_R+1","Strike_R+1","Strike_R+1","Strike_R+1","Defend_R+1","Defend_R+1","Defend_R+1","Defend_R+1","Bash+1","Battle Trance","True Grit+1","Bludgeon+1","Feed","Clothesline","Spot Weakness+1","Disarm+1","Reaper","Uppercut+1","Shrug It Off"],"special_seed":0,"relics":["Burning Blood","Lantern","Ancient Tea Set","Pen Nib","Art of War","Sozu","Potion Belt","Bag of Marbles","Bird Faced Urn","Bronze Scales","MutagenicStrength","Red Mask"],"potions_floor_usage":[7,12,16,27],"damage_taken":[{"damage":1.0,"enemies":"Cultist","floor":1.0,"turns":3.0},{"damage":10.0,"enemies":"Small Slimes","floor":2.0,"turns":4.0},{"damage":5.0,"enemies":"2 Louse","floor":3.0,"turns":3.0},{"damage":12.0,"enemies":"Exordium Wildlife","floor":4.0,"turns":4.0},{"damage":26,"enemies":"Gremlin Nob","floor":7,"turns":4},{"damage":5,"enemies":"3 Louse","floor":8,"turns":5},{"damage":0,"enemies":"2 Fungi Beasts","floor":11,"turns":2},{"damage":30,"enemies":"Lagavulin","floor":12,"turns":6},{"damage":0,"enemies":"Looter","floor":14,"turns":1},{"damage":7,"enemies":"The Guardian","floor":16,"turns":11},{"damage":26,"enemies":"Shell Parasite","floor":18,"turns":4},{"damage":19,"enemies":"2 Thieves","floor":19,"turns":4},{"damage":32,"enemies":"Cultist and Chosen","floor":22,"turns":6},{"damage":18,"enemies":"Book of Stabbing","floor":24,"turns":3},{"damage":29,"enemies":"Gremlin Leader","floor":27,"turns":5},{"damage":0,"enemies":"Centurion and Healer","floor":29,"turns":6},{"damage":0,"enemies":"Masked Bandits","floor":31,"turns":3},{"damage":96,"enemies":"Champ","floor":33,"turns":14}],"seed_played":"9046561999248306182","potions_obtained":[{"floor":2.0,"key":"Block Potion"},{"floor":3.0,"key":"PowerPotion"},{"floor":8,"key":"GamblersBrew"},{"floor":11,"key":"Fire Potion"},{"floor":16,"key":"Block Potion"}],"is_trial":false,"path_per_floor":["M","M","M","M","$","R","E","M","T","R","M","E","R","M","R","B",null,"M","M","?","?","M","R","E","$","T","E","?","M","?","?","R","B"],"character_chosen":"IRONCLAD","items_purchased":["Lantern","Bag of Marbles"],"campfire_rested":0,"item_purchase_floors":[5,25],"current_hp_per_floor":[73,69,70,64,64,64,44,45,45,45,51,30,30,39,39,41,73,55,55,55,55,39,39,27,27,27,18,18,31,50,59,59,0],"gold":136,"neow_bonus":"THREE_CARDS","is_prod":false,"is_daily":false,"chose_seed":false,"campfire_upgraded":6,"win_rate":0,"timestamp":1556712371,"path_taken":["M","M","M","M","$","R","E","M","T","R","M","E","R","M","R","BOSS","M","?","?","?","M","R","E","?","T","E","?","M","?","?","R","BOSS"],"build_version":"2019-01-23","purchased_purges":0,"victory":false,"max_hp_per_floor":[75,75,75,75,75,75,75,75,75,75,75,78,78,81,81,84,84,84,87,87,87,90,90,90,90,90,90,90,93,93,96,96,96],"card_choices":[{"not_picked":["Flex","Dropkick"],"picked":"Thunderclap","floor":0.0},{"not_picked":["Anger","Iron Wave"],"picked":"Battle Trance","floor":1.0},{"not_picked":["Headbutt","Heavy Blade"],"picked":"True Grit","floor":2.0},{"not_picked":["Fire Breathing","Bloodletting"],"picked":"Bludgeon","floor":3.0},{"not_picked":["Heavy Blade","Iron Wave","Sever Soul"],"picked":"SKIP","floor":4.0},{"not_picked":["Carnage","Clash","Anger"],"picked":"SKIP","floor":7},{"not_picked":["Uppercut","Anger"],"picked":"Feed","floor":8},{"not_picked":["Searing Blow","Flex"],"picked":"Clothesline","floor":11},{"not_picked":["Juggernaut","Sever Soul"],"picked":"Spot Weakness","floor":12},{"not_picked":["Sword Boomerang","Battle Trance"],"picked":"Disarm","floor":14},{"not_picked":["Berserk","Juggernaut"],"picked":"Reaper","floor":16},{"not_picked":["Anger","Twin Strike","Reckless Charge"],"picked":"SKIP","floor":18},{"not_picked":["Anger","Iron Wave","Perfected Strike"],"picked":"SKIP","floor":19},{"not_picked":["Whirlwind","Carnage"],"picked":"Uppercut","floor":22},{"not_picked":["Sword Boomerang","Flex","Twin Strike+1"],"picked":"SKIP","floor":24},{"not_picked":["Warcry","Cleave","Havoc"],"picked":"SKIP","floor":27},{"not_picked":["Combust+1","Barricade","Infernal Blade"],"picked":"SKIP","floor":29},{"not_picked":["Seeing Red","Perfected Strike"],"picked":"Shrug It Off","floor":31}],"player_experience":2194736,"relics_obtained":[{"floor":7,"key":"Ancient Tea Set"},{"floor":9,"key":"Pen Nib"},{"floor":12,"key":"Art of War"},{"floor":24,"key":"Potion Belt"},{"floor":26,"key":"Bird Faced Urn"},{"floor":27,"key":"Bronze Scales"},{"floor":31,"key":"Red Mask"}],"event_choices":[{"damage_healed":0,"gold_gain":0,"player_choice":"Simplicity","damage_taken":0,"max_hp_gain":0,"max_hp_loss":0,"event_name":"Back to Basics","floor":20,"gold_loss":0,"cards_upgraded":["Strike_R","Strike_R","Strike_R","Strike_R","Strike_R","Defend_R","Defend_R","Defend_R","Defend_R"]},{"cards_removed":["Thunderclap"],"damage_healed":0,"gold_gain":0,"player_choice":"Gave Gold","damage_taken":0,"max_hp_gain":0,"max_hp_loss":0,"event_name":"Beggar","floor":21,"gold_loss":75},{"damage_healed":0,"gold_gain":0,"player_choice":"Inject Mutagens","damage_taken":0,"relics_obtained":["MutagenicStrength"],"max_hp_gain":0,"max_hp_loss":0,"event_name":"Drug Dealer","floor":28,"gold_loss":0},{"damage_healed":19,"gold_gain":0,"player_choice":"Heal","damage_taken":0,"max_hp_gain":0,"max_hp_loss":0,"event_name":"The Library","floor":30,"gold_loss":0},{"damage_healed":0,"gold_gain":0,"player_choice":"Fought Bandits","damage_taken":0,"max_hp_gain":0,"max_hp_loss":0,"event_name":"Masked Bandits","floor":31,"gold_loss":0}],"is_beta":false,"boss_relics":[{"not_picked":["Ectoplasm","Black Star"],"picked":"Sozu"}],"items_purged_floors":[],"is_endless":false,"potions_floor_spawned":[2,3,8,11,16,18,24,29,31],"killed_by":"Champ","ascension_level":20}