{"gold_per_floor":[116,134,134,16,36,36,65,76,76,76,107,107,122,140,140,217,217,237,13,13,13,13,38,38],"floor_reached":24,"playtime":693,"items_purged":[],"score":448,"play_id":"400df816-80c1-4453-b5d4-8c67e3691c21","local_time":"20190510000542","is_ascension_mode":true,"campfire_choices":[{"data":"Whirlwind","floor":6.0,"key":"SMITH"},{"data":"True Grit","floor":12.0,"key":"SMITH"},{"data":"Inflame","floor":15.0,"key":"SMITH"}],"neow_cost":"NONE","seed_source_timestamp":1490703158269237,"circlet_count":0,"master_deck":["AscendersBane","Strike_R","Strike_R","Strike_R","Strike_R","Strike_R","Defend_R","Defend_R","Defend_R","Defend_R","Bash","Whirlwind+1","Wild Strike","Inflame+1","Heavy Blade","Clothesline","True Grit+1","Seeing Red","Battle Trance","Shockwave","Demon Form","Headbutt"],"special_seed":0,"relics":["Burning Blood","Red Skull","Bird Faced Urn","Blue Candle","Matryoshka","Blood Vial","Busted Crown","ClockworkSouvenir","Dead Branch"],"potions_floor_usage":[18,23],"damage_taken":[{"damage":4.0,"enemies":"Small Slimes","floor":1.0,"turns":5.0},{"damage":14.0,"enemies":"Jaw Worm","floor":2.0,"turns":4.0},{"damage":0.0,"enemies":"Cultist","floor":5.0,"turns":3.0},{"damage":15.0,"enemies":"3 Sentries","floor":7.0,"turns":3.0},{"damage":0.0,"enemies":"Large Slime","floor":8.0,"turns":4.0},{"damage":30.0,"enemies":"Gremlin Nob","floor":11.0,"turns":4.0},{"damage":0.0,"enemies":"2 Fungi Beasts","floor":13.0,"turns":1.0},{"damage":5.0,"enemies":"3 Louse","floor":14.0,"turns":2.0},{"damage":22.0,"enemies":"Slime Boss","floor":16.0,"turns":8.0},{"damage":11,"enemies":"Spheric Guardian","floor":18,"turns":3},{"damage":51,"enemies":"Slavers","floor":23,"turns":4},{"damage":13,"enemies":"Colosseum Slavers","floor":24,"turns":1}],"seed_played":"6995404169045907051","potions_obtained":[{"floor":2.0,"key":"Explosive Potion"},{"floor":11.0,"key":"SkillPotion"},{"floor":13.0,"key":"FearPotion"},{"floor":23,"key":"LiquidBronze"}],"is_trial":false,"path_per_floor":["M","M","?","$","M","R","E","M","T","T","E","R","M","M","R","B",null,"M","$","?","?","$","E","?"],"character_chosen":"IRONCLAD","items_purchased":["Inflame","Heavy Blade","ClockworkSouvenir"],"campfire_rested":0,"item_purchase_floors":[4,4,19],"current_hp_per_floor":[77,69,64,64,70,70,61,69,69,69,47,47,55,58,58,46,73,72,72,72,48,48,9,0],"gold":38,"neow_bonus":"TEN_PERCENT_HP_BONUS","is_prod":false,"is_daily":false,"chose_seed":false,"campfire_upgraded":3,"win_rate":0,"timestamp":1557461142,"path_taken":["M","M","?","$","M","R","E","M","T","?","E","R","M","M","R","BOSS","M","?","?","?","$","E","?"],"build_version":"2019-01-23","purchased_purges":0,"victory":false,"max_hp_per_floor":[82,82,82,82,82,82,82,82,82,82,82,82,82,82,82,82,82,82,82,82,87,87,87,87],"card_choices":[{"not_picked":["Havoc","Sword Boomerang"],"picked":"Whirlwind","floor":1.0},{"not_picked":["Iron Wave","Clash"],"picked":"Wild Strike","floor":2.0},{"not_picked":["Headbutt","Infernal Blade"],"picked":"Clothesline","floor":5.0},{"not_picked":["Inflame","Infernal Blade"],"picked":"True Grit","floor":7.0},{"not_picked":["Warcry","Reckless Charge"],"picked":"Seeing Red","floor":8.0},{"not_picked":["Flex","Twin Strike"],"picked":"Battle Trance","floor":11.0},{"not_picked":["Sword Boomerang","Perfected Strike","Wild Strike"],"picked":"SKIP","floor":13.0},{"not_picked":["Heavy Blade","Iron Wave"],"picked":"Shockwave","floor":14.0},{"not_picked":["Double Tap","Brutality"],"picked":"Demon Form","floor":16.0},{"not_picked":["Headbutt"],"picked":"SKIP","floor":18},{"not_picked":[],"picked":"Headbutt","floor":18},{"not_picked":["Bludgeon"],"picked":"SKIP","floor":23}],"player_experience":2532819,"relics_obtained":[{"floor":7.0,"key":"Bird Faced Urn"},{"floor":9.0,"key":"Blue Candle"},{"floor":10.0,"key":"Matryoshka"},{"floor":11.0,"key":"Blood Vial"},{"floor":23,"key":"Dead Branch"}],"event_choices":[{"damage_healed":0.0,"max_hp_gain":0.0,"max_hp_loss":0.0,"gold_gain":0.0,"event_name":"Scrap Ooze","player_choice":"Success","floor":3.0,"gold_loss":0.0,"damage_taken":5.0,"relics_obtained":["Red Skull"]},{"damage_healed":0,"gold_gain":0,"player_choice":"Ignored","damage_taken":0,"max_hp_gain":0,"max_hp_loss":0,"event_name":"Beggar","floor":20,"gold_loss":0},{"damage_healed":0,"gold_gain":0,"player_choice":"Shed Blood","damage_taken":29,"max_hp_gain":5,"max_hp_loss":0,"event_name":"Forgotten Altar","floor":21,"gold_loss":0},{"damage_healed":0,"gold_gain":0,"player_choice":"Fight","damage_taken":0,"max_hp_gain":0,"max_hp_loss":0,"event_name":"Colosseum","floor":24,"gold_loss":0}],"is_beta":false,"boss_relics":[{"not_picked":["Lizard Tail","Calling Bell"],"picked":"Busted Crown"}],"items_purged_floors":[],"is_endless":false,"potions_floor_spawned":[2,11,13,23],"killed_by":"Colosseum Slavers","ascension_level":20}