{"gold_per_floor":[111,261,261,280,280,280,165,165,165,65,90,108,108,120,120,198,198,215,140,172,222,81,81,81,116,116,116,150,165,181,212,212,288,288,302,321,321,10,25,58,70,82,145,196,208,269,352,398,410,422,434],"floor_reached":51,"playtime":2225,"items_purged":["Pain","Doubt"],"score":1494,"play_id":"c629458d-44ff-4efa-9724-56c0947b493b","local_time":"20190427013848","is_ascension_mode":true,"campfire_choices":[{"data":"Bash","floor":6,"key":"SMITH"},{"data":"Feel No Pain","floor":8,"key":"SMITH"},{"data":"Disarm","floor":13,"key":"SMITH"},{"data":"Uppercut","floor":15,"key":"SMITH"},{"data":"Bludgeon","floor":23,"key":"SMITH"},{"data":"Inflame","floor":27,"key":"SMITH"},{"floor":32,"key":"REST"},{"floor":41,"key":"RECALL"},{"floor":45,"key":"REST"},{"floor":49,"key":"REST"}],"neow_cost":"NONE","seed_source_timestamp":371430532166613,"circlet_count":0,"master_deck":["AscendersBane","Strike_R","Strike_R","Strike_R","Defend_R","Defend_R","Defend_R","Defend_R","Bash+1","Sword Boomerang","Feel No Pain+1","Disarm+1","Uppercut+1","Bludgeon+1","Inflame+1","Corruption","Clothesline","Juggernaut","True Grit","Exhume","Spot Weakness","Clothesline+1","Offering","Heavy Blade+1","HandOfGreed","Secret Technique","Purity","Feel No Pain+1","Dark Shackles","Offering","Battle Trance"],"relics":["Burning Blood","NeowsBlessing","WarpedTongs","Mummified Hand","Lantern","Snecko Eye","Red Mask","Regal Pillow","Bottled Flame","Matryoshka","Philosopher\u0027s Stone","DollysMirror","MawBank","Red Skull","Smiling Mask","Mango","PreservedInsect","Letter Opener","Kunai"],"potions_floor_usage":[14,20,30,30,40,46,46],"damage_taken":[{"damage":0,"enemies":"Cultist","floor":1,"turns":1},{"damage":0,"enemies":"2 Louse","floor":4,"turns":1},{"damage":0,"enemies":"Jaw Worm","floor":12,"turns":1},{"damage":12,"enemies":"Exordium Thugs","floor":14,"turns":4},{"damage":22,"enemies":"The Guardian","floor":16,"turns":14},{"damage":19,"enemies":"3 Byrds","floor":18,"turns":5},{"damage":25,"enemies":"Masked Bandits","floor":20,"turns":5},{"damage":6,"enemies":"Gremlin Leader","floor":25,"turns":3},{"damage":34,"enemies":"Slavers","floor":28,"turns":4},{"damage":0,"enemies":"Chosen","floor":29,"turns":1},{"damage":4,"enemies":"Shelled Parasite and Fungi","floor":30,"turns":2},{"damage":7,"enemies":"Gremlin Leader","floor":31,"turns":4},{"damage":20,"enemies":"Automaton","floor":33,"turns":6},{"damage":3,"enemies":"3 Darklings","floor":35,"turns":3},{"damage":9,"enemies":"Orb Walker","floor":36,"turns":2},{"damage":26,"enemies":"3 Darklings","floor":39,"turns":4},{"damage":12,"enemies":"Reptomancer","floor":40,"turns":2},{"damage":24,"enemies":"Jaw Worm Horde","floor":44,"turns":3},{"damage":16,"enemies":"2 Orb Walkers","floor":46,"turns":4},{"damage":16,"enemies":"Giant Head","floor":48,"turns":5},{"damage":57,"enemies":"Awakened One","floor":50,"turns":9},{"damage":46,"enemies":"Donu and Deca","floor":51,"turns":3}],"seed_played":"-1020481599633820409","potions_obtained":[{"floor":4,"key":"Strength Potion"},{"floor":14,"key":"SpeedPotion"},{"floor":18,"key":"FearPotion"},{"floor":28,"key":"Swift Potion"},{"floor":29,"key":"Explosive Potion"},{"floor":35,"key":"LiquidBronze"},{"floor":39,"key":"Block Potion"},{"floor":44,"key":"EssenceOfSteel"}],"is_trial":false,"path_per_floor":["M","?","?","M","?","R","$","R","T","$","T","M","R","M","R","B",null,"M","?","?","?","$","R","?","E","T","R","E","M","M","E","R","B",null,"M","M","?","$","M","E","R","?","T","M","R","?","T","E","R","B","B"],"character_chosen":"IRONCLAD","items_purchased":["Disarm","Corruption","Clothesline","DollysMirror","Dark Shackles"],"campfire_rested":3,"item_purchase_floors":[7,22,22,38,38],"current_hp_per_floor":[74,74,74,75,80,80,80,80,80,80,80,80,80,74,74,58,75,62,62,43,43,43,43,43,43,43,43,15,21,23,22,61,47,72,75,72,62,62,42,36,36,36,36,18,57,61,61,51,94,43,0],"gold":434,"neow_bonus":"THREE_ENEMY_KILL","is_prod":false,"is_daily":false,"chose_seed":false,"campfire_upgraded":6,"win_rate":0,"timestamp":1556343528,"path_taken":["M","?","?","?","?","R","$","R","T","$","?","M","R","M","R","BOSS","M","?","?","?","$","R","?","E","T","R","E","?","M","E","R","BOSS","M","M","?","$","M","E","R","?","T","?","R","?","?","E","R","BOSS","BOSS"],"build_version":"2019-01-23","purchased_purges":2,"victory":false,"max_hp_per_floor":[75,75,75,75,80,80,80,80,80,80,80,80,80,80,80,80,80,80,80,80,80,80,80,80,80,80,80,80,80,80,80,80,80,80,80,80,80,80,80,80,80,80,80,80,80,94,94,94,94,94,94],"card_choices":[{"not_picked":["Wild Strike","Rupture"],"picked":"Sword Boomerang","floor":1},{"not_picked":["Shrug It Off","Twin Strike"],"picked":"Feel No Pain","floor":4},{"not_picked":["Headbutt","Feed"],"picked":"Uppercut","floor":12},{"not_picked":["Wild Strike","Body Slam","Headbutt"],"picked":"SKIP","floor":14},{"not_picked":["Brutality","Double Tap"],"picked":"Bludgeon","floor":16},{"not_picked":["Cleave","Dropkick"],"picked":"Inflame","floor":18},{"not_picked":["Dropkick+1","Carnage","Ghostly Armor"],"picked":"SKIP","floor":25},{"not_picked":["Wild Strike","Thunderclap"],"picked":"True Grit","floor":28},{"not_picked":["Warcry","True Grit"],"picked":"Exhume","floor":29},{"not_picked":["Dropkick","Flex"],"picked":"Spot Weakness","floor":30},{"not_picked":["Combust","Iron Wave"],"picked":"Clothesline+1","floor":31},{"not_picked":["Impervious","Double Tap"],"picked":"Offering","floor":33},{"not_picked":["Whirlwind","Entrench+1"],"picked":"Heavy Blade+1","floor":35},{"not_picked":["Headbutt","Body Slam","Searing Blow"],"picked":"SKIP","floor":36},{"not_picked":["Enlightenment","Madness"],"picked":"HandOfGreed","floor":37},{"not_picked":["Swift Strike","Mayhem"],"picked":"Secret Technique","floor":37},{"not_picked":["Trip","Panacea"],"picked":"Purity","floor":37},{"not_picked":["Sever Soul","Anger","Wild Strike+1"],"picked":"SKIP","floor":39},{"not_picked":["Spot Weakness","Inflame","Headbutt"],"picked":"SKIP","floor":40},{"not_picked":["Headbutt","Wild Strike","Cleave"],"picked":"SKIP","floor":44},{"not_picked":["Clash","Cleave"],"picked":"Battle Trance","floor":48}],"player_experience":1986616,"relics_obtained":[{"floor":9,"key":"Mummified Hand"},{"floor":11,"key":"Lantern"},{"floor":20,"key":"Red Mask"},{"floor":25,"key":"Regal Pillow"},{"floor":28,"key":"Bottled Flame"},{"floor":31,"key":"Matryoshka"},{"floor":40,"key":"MawBank"},{"floor":43,"key":"Red Skull"},{"floor":43,"key":"Smiling Mask"},{"floor":46,"key":"Mango"},{"floor":47,"key":"PreservedInsect"},{"floor":47,"key":"Letter Opener"},{"floor":48,"key":"Kunai"}],"event_choices":[{"damage_healed":0,"gold_gain":150,"player_choice":"AGREE","damage_taken":0,"max_hp_gain":0,"max_hp_loss":0,"event_name":"Liars Game","floor":2,"gold_loss":0,"cards_obtained":["Doubt"]},{"damage_healed":0,"gold_gain":0,"player_choice":"Rummage","damage_taken":0,"relics_obtained":["WarpedTongs"],"max_hp_gain":0,"max_hp_loss":0,"event_name":"Accursed Blacksmith","floor":3,"gold_loss":0,"cards_obtained":["Pain"]},{"damage_healed":0,"gold_gain":0,"player_choice":"Donut","damage_taken":0,"max_hp_gain":5,"max_hp_loss":0,"event_name":"Big Fish","floor":5,"gold_loss":0},{"cards_removed":["Strike_R"],"damage_healed":0,"gold_gain":0,"player_choice":"Gave Gold","damage_taken":0,"max_hp_gain":0,"max_hp_loss":0,"event_name":"Beggar","floor":19,"gold_loss":75},{"damage_healed":0,"gold_gain":0,"player_choice":"Fought Bandits","damage_taken":0,"max_hp_gain":0,"max_hp_loss":0,"event_name":"Masked Bandits","floor":20,"gold_loss":0},{"damage_healed":0,"gold_gain":50,"player_choice":"Stole From Cult","damage_taken":0,"max_hp_gain":0,"max_hp_loss":0,"event_name":"Nest","floor":21,"gold_loss":0},{"damage_healed":0,"gold_gain":0,"cards_transformed":["Strike_R"],"player_choice":"Transformed","damage_taken":0,"max_hp_gain":0,"max_hp_loss":0,"event_name":"Transmorgrifier","floor":24,"gold_loss":0,"cards_obtained":["Juggernaut"]},{"damage_healed":0,"gold_gain":0,"player_choice":"Memory 3","damage_taken":10,"max_hp_gain":0,"max_hp_loss":0,"event_name":"SensoryStone","floor":37,"gold_loss":0},{"damage_healed":0,"gold_gain":0,"player_choice":"1 cards matched","damage_taken":0,"max_hp_gain":0,"max_hp_loss":0,"event_name":"Match and Keep!","floor":42,"gold_loss":0,"cards_obtained":["Offering"]},{"damage_healed":0,"gold_gain":0,"player_choice":"Fight","damage_taken":0,"max_hp_gain":0,"max_hp_loss":0,"event_name":"Mysterious Sphere","floor":46,"gold_loss":0}],"is_beta":false,"boss_relics":[{"not_picked":["Tiny House","Black Blood"],"picked":"Snecko Eye"},{"not_picked":["Runic Cube","Runic Pyramid"],"picked":"Philosopher\u0027s Stone"}],"items_purged_floors":[7,10],"is_endless":false,"potions_floor_spawned":[4,14,18,28,29,35,39,44],"killed_by":"Donu and Deca","ascension_level":20}