{"gold_per_floor":[109,123,141,161,173,173,199,199,222,232,232,232,232,243,243,243],"floor_reached":16,"playtime":358,"items_purged":[],"score":208,"play_id":"f1827bd2-c7b3-4c63-90ae-1e6c733f5da8","local_time":"20190203161525","is_ascension_mode":true,"campfire_choices":[{"data":"Streamline","floor":6,"key":"SMITH"},{"data":"Zap","floor":8,"key":"SMITH"},{"data":"Hologram","floor":13,"key":"SMITH"},{"data":"Defend_B","floor":15,"key":"SMITH"}],"neow_cost":"NONE","seed_source_timestamp":17288563515782,"circlet_count":0,"master_deck":["AscendersBane","Strike_B","Strike_B","Strike_B","Strike_B+1","Defend_B","Defend_B","Defend_B","Defend_B+1","Zap+1","Dualcast","Sweeping Beam+1","Ball Lightning","Streamline+1","Conserve Battery","Melter","Doom and Gloom","Hologram+1","Ball Lightning"],"relics":["Runic Dome","Omamori","Ancient Tea Set"],"potions_floor_usage":[7,16],"damage_taken":[{"damage":0,"enemies":"Cultist","floor":1,"turns":4},{"damage":0,"enemies":"2 Louse","floor":2,"turns":3},{"damage":0,"enemies":"Small Slimes","floor":3,"turns":2},{"damage":4,"enemies":"Exordium Wildlife","floor":4,"turns":4},{"damage":6,"enemies":"Looter","floor":5,"turns":3},{"damage":13,"enemies":"3 Sentries","floor":7,"turns":5},{"damage":1,"enemies":"Lots of Slimes","floor":10,"turns":2},{"damage":0,"enemies":"Blue Slaver","floor":14,"turns":2},{"damage":20,"enemies":"The Guardian","floor":16,"turns":4}],"seed_played":"-1871468173003957617","potions_obtained":[{"floor":1,"key":"AttackPotion"},{"floor":2,"key":"FocusPotion"}],"is_trial":false,"path_per_floor":["M","M","M","M","M","R","E","R","T","M","?","?","R","M","R","B"],"character_chosen":"DEFECT","items_purchased":[],"campfire_rested":0,"item_purchase_floors":[],"current_hp_per_floor":[64,64,64,60,54,54,41,41,41,40,19,19,19,19,19,0],"gold":243,"neow_bonus":"BOSS_RELIC","is_prod":false,"is_daily":false,"chose_seed":false,"campfire_upgraded":4,"win_rate":0,"timestamp":1549235725,"path_taken":["M","?","M","M","M","R","E","R","T","M","?","?","R","M","R","BOSS"],"build_version":"2019-01-23","purchased_purges":0,"victory":false,"max_hp_per_floor":[71,71,71,71,71,71,71,71,71,71,71,71,71,71,71,71],"card_choices":[{"not_picked":["Chaos","Barrage"],"picked":"Sweeping Beam","floor":1},{"not_picked":["Lockon","Streamline"],"picked":"Ball Lightning","floor":2},{"not_picked":["Aggregate","Barrage"],"picked":"Streamline","floor":3},{"not_picked":["Redo","Consume"],"picked":"Conserve Battery","floor":4},{"not_picked":["Gash","Static Discharge"],"picked":"Melter","floor":5},{"not_picked":["Auto Shields","Amplify"],"picked":"Doom and Gloom","floor":7},{"not_picked":["Compile Driver","Heatsinks"],"picked":"Hologram","floor":10},{"not_picked":["Steam","Reboot"],"picked":"Ball Lightning","floor":14}],"player_experience":1074228,"relics_obtained":[{"floor":7,"key":"Omamori"},{"floor":9,"key":"Ancient Tea Set"}],"event_choices":[{"damage_healed":0,"gold_gain":0,"player_choice":"Entered Light","damage_taken":21,"max_hp_gain":0,"max_hp_loss":0,"event_name":"Shining Light","floor":11,"gold_loss":0,"cards_upgraded":["Strike_B","Sweeping Beam"]},{"damage_healed":0,"gold_gain":0,"player_choice":"Searched \u00270\u0027 times","damage_taken":0,"max_hp_gain":0,"max_hp_loss":0,"event_name":"Dead Adventurer","floor":12,"gold_loss":0}],"is_beta":true,"boss_relics":[],"items_purged_floors":[],"is_endless":false,"potions_floor_spawned":[1,2,5],"killed_by":"The Guardian","ascension_level":20}