{"path_per_floor":["M","?","M","?","T","E","R","E","T","?","$","R","M","E","R","B",null,"M","M","M","?","?"],"character_chosen":"IRONCLAD","items_purchased":["Twin Strike","War Paint","Swift Potion"],"gold_per_floor":[117,117,134,134,134,161,161,186,186,216,41,41,51,79,79,179,179,194,205,225,225,225],"floor_reached":23,"campfire_rested":0,"playtime":2875,"current_hp_per_floor":[80,64,70,70,70,48,48,39,39,20,20,20,36,38,38,26,80,76,60,42,42,42],"items_purged":[],"gold":225,"play_id":"f2990bce-88de-4afd-88d2-43e544c63c1e","is_prod":false,"is_daily":false,"is_ascension_mode":true,"campfire_upgraded":3,"path_taken":["M","?","?","?","?","E","R","E","T","?","$","R","M","E","R","BOSS","M","M","M","?","?","E"],"build_version":"2018-02-01-PROD3","purchased_purges":1,"victory":false,"master_deck":["Strike_R","Strike_R+1","Strike_R","Strike_R","Strike_R+1","Defend_R","Defend_R","Defend_R","Defend_R+1","Bash","Dark Embrace+1","Clash","True Grit+1","Burning Pact+1","Exhume+1","Twin Strike","Rampage+1","Clash","Bludgeon","Clash","Metallicize","Spot Weakness+1","Intimidate"],"max_hp_per_floor":[80,80,80,80,80,80,80,80,80,80,80,80,80,80,80,80,80,80,80,80,80,80],"relics":["Burning Blood","Bird Faced Urn","The Courier","Meat on the Bone","Regal Pillow","Odd Mushroom","War Paint","Oddly Smooth Stone","Lizard Tail","Mummified Hand"],"card_choices":[{"not_picked":["Twin Strike","Flex"],"picked":"Clash"},{"not_picked":["Bloodletting","Metallicize"],"picked":"True Grit"},{"not_picked":["Berserk","Havoc"],"picked":"Burning Pact"},{"not_picked":["Heavy Blade","Headbutt"],"picked":"Exhume"},{"not_picked":["Twin Strike","Blood for Blood"],"picked":"Rampage"},{"not_picked":["Body Slam","Reaper"],"picked":"Clash"},{"not_picked":["Limit Break","Double Tap"],"picked":"Bludgeon"},{"not_picked":["Clothesline","Cleave"],"picked":"Clash"},{"not_picked":["Wild Strike","Heavy Blade"],"picked":"Metallicize"},{"not_picked":["Shrug It Off","Burning Pact"],"picked":"Spot Weakness"}],"player_experience":109486,"potions_floor_usage":[8,14,14,18,20,23],"damage_taken":[{"damage":6,"enemies":"Cultist","floor":1,"turns":3},{"damage":0,"enemies":"2 Louse","floor":3,"turns":2},{"damage":30,"enemies":"Gremlin Nob","floor":6,"turns":5},{"damage":17,"enemies":"3 Sentries","floor":8,"turns":9},{"damage":39,"enemies":"The Mushroom Lair","floor":10,"turns":5},{"damage":4,"enemies":"Blue Slaver","floor":13,"turns":3},{"damage":18,"enemies":"Lagavulin","floor":14,"turns":7},{"damage":32,"enemies":"Hexaghost","floor":16,"turns":8},{"damage":10,"enemies":"Chosen","floor":18,"turns":5},{"damage":24,"enemies":"Shell Parasite","floor":19,"turns":7},{"damage":40,"enemies":"Sentry and Sphere","floor":20,"turns":7},{"damage":93,"enemies":"Gremlin Leader","floor":23,"turns":6}],"event_choices":[{"event_name":"Shining Light","player_choice":"Entered Light","floor":2,"damage_taken":0},{"event_name":"Living Wall","player_choice":"Grow","floor":4,"damage_taken":0},{"event_name":"Mushrooms","player_choice":"Fought Mushrooms","floor":10,"damage_taken":0},{"event_name":"The Library","player_choice":"Read","floor":21,"damage_taken":0},{"event_name":"The Mausoleum","player_choice":"Yes","floor":22,"damage_taken":0}],"boss_relics":[{"not_picked":["Runic Dome","Velvet Choker"],"picked":"Lizard Tail"}],"potions_floor_spawned":[6,13,16,18,20],"seed_played":"-8180627181076138237","killed_by":"Gremlin Leader","ascension_level":1,"is_trial":false}