{"gold_per_floor":[115,115,115,115,65,399,399,417,441,441,441,453,453,466,466,537,537,554,569,569],"floor_reached":20,"playtime":463,"items_purged":[],"score":394,"play_id":"2dd098e0-f083-4ea9-a793-9220efb1cd91","local_time":"20190223160751","is_ascension_mode":true,"campfire_choices":[{"data":"Zap","floor":11,"key":"SMITH"},{"data":"Creative AI","floor":13,"key":"SMITH"},{"data":"Buffer","floor":15,"key":"SMITH"}],"neow_cost":"NONE","seed_source_timestamp":456950112858818,"circlet_count":0,"master_deck":["AscendersBane","Strike_B","Strike_B","Defend_B","Defend_B","Defend_B","Defend_B","Zap+1","Dualcast","Streamline","Ball Lightning","Genetic Algorithm","BootSequence","Creative AI+1","Hologram","Buffer+1","Core Surge","Sunder","Sweeping Beam+1"],"relics":["Cracked Core","NeowsBlessing","Orichalcum","Old Coin","Dream Catcher","Velvet Choker"],"potions_floor_usage":[16,20],"damage_taken":[{"damage":0,"enemies":"Jaw Worm","floor":1,"turns":1},{"damage":0,"enemies":"3 Sentries","floor":6,"turns":1},{"damage":0,"enemies":"Small Slimes","floor":8,"turns":1},{"damage":0,"enemies":"Cultist","floor":12,"turns":3},{"damage":15,"enemies":"Exordium Thugs","floor":14,"turns":5},{"damage":18,"enemies":"The Guardian","floor":16,"turns":10},{"damage":18,"enemies":"Shell Parasite","floor":18,"turns":8},{"damage":26,"enemies":"3 Byrds","floor":19,"turns":5},{"damage":31,"enemies":"Masked Bandits","floor":20,"turns":3}],"seed_played":"8117415621329766242","potions_obtained":[{"floor":14,"key":"GamblersBrew"},{"floor":19,"key":"AttackPotion"}],"is_trial":false,"path_per_floor":["M","?","$","?","$","E","?","M","T","?","R","M","R","M","R","B",null,"M","M","?"],"character_chosen":"DEFECT","items_purchased":["Ball Lightning"],"campfire_rested":0,"item_purchase_floors":[5],"current_hp_per_floor":[64,64,64,53,53,53,53,53,53,53,53,53,53,38,38,20,58,40,14,0],"gold":569,"neow_bonus":"THREE_ENEMY_KILL","is_prod":false,"is_daily":false,"chose_seed":false,"campfire_upgraded":3,"win_rate":0,"timestamp":1550963271,"path_taken":["M","?","$","?","$","E","?","M","T","?","R","M","R","M","R","BOSS","M","M","?"],"build_version":"2019-02-06","purchased_purges":0,"victory":false,"max_hp_per_floor":[71,71,71,71,71,71,71,71,71,71,71,71,71,71,71,71,71,71,71,71],"card_choices":[{"not_picked":["Conserve Battery","Chill"],"picked":"Streamline","floor":1},{"not_picked":["Rebound","Buffer"],"picked":"Genetic Algorithm","floor":6},{"not_picked":["Tempest","Skim"],"picked":"BootSequence","floor":8},{"not_picked":["Go for the Eyes","White Noise"],"picked":"Hologram","floor":12},{"not_picked":["Beam Cell","Stack"],"picked":"Buffer","floor":14},{"not_picked":["Rainbow","Creative AI"],"picked":"Core Surge","floor":16},{"not_picked":["Reinforced Body","Heatsinks"],"picked":"Sunder","floor":18},{"not_picked":["Steam","Redo"],"picked":"Sweeping Beam+1","floor":19}],"player_experience":1124565,"relics_obtained":[{"floor":6,"key":"Old Coin"},{"floor":9,"key":"Dream Catcher"}],"event_choices":[{"cards_removed":["Strike_B"],"damage_healed":0,"gold_gain":0,"player_choice":"Forget","damage_taken":0,"max_hp_gain":0,"max_hp_loss":0,"event_name":"Living Wall","floor":2,"gold_loss":0},{"damage_healed":0,"gold_gain":0,"player_choice":"Success","damage_taken":11,"relics_obtained":["Orichalcum"],"max_hp_gain":0,"max_hp_loss":0,"event_name":"Scrap Ooze","floor":4,"gold_loss":0},{"damage_healed":0,"gold_gain":0,"player_choice":"Ignored","damage_taken":0,"max_hp_gain":0,"max_hp_loss":0,"event_name":"Liars Game","floor":7,"gold_loss":0},{"damage_healed":0,"gold_gain":0,"cards_transformed":["Strike_B"],"player_choice":"Transformed","damage_taken":0,"max_hp_gain":0,"max_hp_loss":0,"event_name":"Transmorgrifier","floor":10,"gold_loss":0,"cards_obtained":["Creative AI"]},{"damage_healed":0,"gold_gain":0,"player_choice":"Fought Bandits","damage_taken":0,"max_hp_gain":0,"max_hp_loss":0,"event_name":"Masked Bandits","floor":20,"gold_loss":0}],"is_beta":true,"boss_relics":[{"not_picked":["Lizard Tail","Runic Pyramid"],"picked":"Velvet Choker"}],"items_purged_floors":[],"is_endless":false,"potions_floor_spawned":[14,19],"killed_by":"Masked Bandits","ascension_level":20}