{"gold_per_floor":[115,134,134,147,159,159,84,84,84,84,146,160,160,178,178,255,255,266,266,5,5,18,18,18],"floor_reached":24,"playtime":886,"items_purged":["Strike_B","Strike_B"],"score":492,"play_id":"08c7beb8-9838-4704-b00e-ba9148bd403e","local_time":"20190430204810","is_ascension_mode":true,"campfire_choices":[{"data":"Barrage","floor":6,"key":"SMITH"},{"data":"Zap","floor":8,"key":"SMITH"},{"data":"Go for the Eyes","floor":10,"key":"SMITH"},{"data":"Barrage","floor":15,"key":"SMITH"},{"data":"J.A.X.","floor":23,"key":"SMITH"}],"neow_cost":"PERCENT_DAMAGE","seed_source_timestamp":700995700634509,"circlet_count":0,"master_deck":["AscendersBane","Defend_B","Defend_B","Defend_B","Defend_B","Zap+1","Dualcast","Go for the Eyes+1","Ball Lightning","Ball Lightning","Barrage+1","Compile Driver","Barrage","Barrage+1","Echo Form","J.A.X.+1"],"relics":["Cracked Core","Dead Branch","Mango","Mummified Hand","Busted Crown","Pen Nib"],"potions_floor_usage":[13,13,24,24],"damage_taken":[{"damage":1,"enemies":"Cultist","floor":1,"turns":4},{"damage":4,"enemies":"Jaw Worm","floor":2,"turns":3},{"damage":7,"enemies":"Small Slimes","floor":4,"turns":3},{"damage":9,"enemies":"Exordium Wildlife","floor":5,"turns":3},{"damage":26,"enemies":"Lagavulin Event","floor":11,"turns":5},{"damage":0,"enemies":"2 Fungi Beasts","floor":12,"turns":2},{"damage":4,"enemies":"Gremlin Nob","floor":13,"turns":3},{"damage":7,"enemies":"Lots of Slimes","floor":14,"turns":3},{"damage":0,"enemies":"Slime Boss","floor":16,"turns":4},{"damage":11,"enemies":"Spheric Guardian","floor":18,"turns":3},{"damage":15,"enemies":"Shell Parasite","floor":22,"turns":3},{"damage":48,"enemies":"Slavers","floor":24,"turns":2}],"seed_played":"9196018613727966078","potions_obtained":[{"floor":5,"key":"LiquidBronze"},{"floor":11,"key":"SmokeBomb"},{"floor":16,"key":"Weak Potion"},{"floor":18,"key":"Explosive Potion"},{"floor":22,"key":"Regen Potion"}],"is_trial":false,"path_per_floor":["M","M","?","M","M","R","$","R","T","R","?","M","E","M","R","B",null,"M","?","$","?","M","R","E"],"character_chosen":"DEFECT","items_purchased":["Pen Nib"],"campfire_rested":0,"item_purchase_floors":[20],"current_hp_per_floor":[45,41,41,34,25,25,25,25,39,39,13,13,9,2,2,2,64,53,53,53,53,38,38,0],"gold":18,"neow_bonus":"ONE_RARE_RELIC","is_prod":false,"is_daily":false,"chose_seed":false,"campfire_upgraded":5,"win_rate":0,"timestamp":1556671690,"path_taken":["M","M","?","M","?","R","$","R","T","R","?","M","E","M","R","BOSS","M","?","$","?","M","R","E"],"build_version":"2019-01-23","purchased_purges":2,"victory":false,"max_hp_per_floor":[71,71,71,71,71,71,71,71,85,85,85,85,85,85,85,85,85,85,85,85,85,85,85,85],"card_choices":[{"not_picked":["Hologram","Gash"],"picked":"Go for the Eyes","floor":1},{"not_picked":["Compile Driver","Multi-Cast"],"picked":"Ball Lightning","floor":2},{"not_picked":["Go for the Eyes","Static Discharge"],"picked":"Ball Lightning","floor":4},{"not_picked":["Force Field","Sunder"],"picked":"Barrage","floor":5},{"not_picked":["Skim","Hello World"],"picked":"Compile Driver","floor":11},{"not_picked":["Beam Cell","Redo"],"picked":"Barrage","floor":12},{"not_picked":["Chaos","Stack"],"picked":"Barrage","floor":14},{"not_picked":["Biased Cognition","Electrodynamics"],"picked":"Echo Form","floor":16},{"not_picked":["Beam Cell"],"picked":"SKIP","floor":18},{"not_picked":["Double Energy+1"],"picked":"SKIP","floor":22}],"player_experience":2164333,"relics_obtained":[{"floor":9,"key":"Mango"}],"event_choices":[{"cards_removed":["Strike_B"],"damage_healed":0,"gold_gain":0,"player_choice":"Purged","damage_taken":0,"max_hp_gain":0,"max_hp_loss":0,"event_name":"Purifier","floor":3,"gold_loss":0},{"damage_healed":0,"gold_gain":0,"player_choice":"Searched \u00272\u0027 times","damage_taken":0,"relics_obtained":["Mummified Hand"],"max_hp_gain":0,"max_hp_loss":0,"event_name":"Dead Adventurer","floor":11,"gold_loss":0},{"damage_healed":0,"gold_gain":0,"player_choice":"Obtain J.A.X.","damage_taken":0,"max_hp_gain":0,"max_hp_loss":0,"event_name":"Drug Dealer","floor":19,"gold_loss":0,"cards_obtained":["J.A.X."]},{"cards_removed":["Strike_B"],"damage_healed":0,"gold_gain":0,"player_choice":"Elegance","damage_taken":0,"max_hp_gain":0,"max_hp_loss":0,"event_name":"Back to Basics","floor":21,"gold_loss":0}],"is_beta":false,"boss_relics":[{"not_picked":["Tiny House","Runic Pyramid"],"picked":"Busted Crown"}],"items_purged_floors":[7,20],"is_endless":false,"potions_floor_spawned":[5,11,13,16,18,22],"killed_by":"Slavers","ascension_level":20}