{"gold_per_floor":[111,13,13,13,113,156,156,190,216,216,229,252,293,137,137,137],"floor_reached":16,"playtime":400,"items_purged":["Parasite"],"score":232,"play_id":"e09822bc-cdd0-444b-89e6-2562755d5f12","local_time":"20190415234155","is_ascension_mode":true,"campfire_choices":[{"floor":7,"key":"REST"},{"data":"Bash","floor":10,"key":"SMITH"},{"data":"Metallicize","floor":15,"key":"SMITH"}],"neow_cost":"CURSE","seed_source_timestamp":364701558924325,"circlet_count":0,"master_deck":["AscendersBane","Strike_R","Strike_R","Strike_R","Strike_R","Strike_R","Defend_R+1","Defend_R+1","Defend_R","Defend_R","Bash+1","Perfected Strike","Inflame","Perfected Strike","Wild Strike","Inflame","Metallicize+1"],"relics":["Burning Blood","Golden Idol","PreservedInsect","Singing Bowl","War Paint","Blood Vial"],"potions_floor_usage":[16,16],"damage_taken":[{"damage":1,"enemies":"2 Louse","floor":1,"turns":3},{"damage":46,"enemies":"Lagavulin","floor":6,"turns":8},{"damage":20,"enemies":"3 Sentries","floor":8,"turns":5},{"damage":5,"enemies":"Small Slimes","floor":11,"turns":3},{"damage":1,"enemies":"Cultist","floor":12,"turns":3},{"damage":28,"enemies":"Gremlin Nob","floor":13,"turns":4},{"damage":32,"enemies":"The Guardian","floor":16,"turns":2}],"seed_played":"4828999066286236760","potions_obtained":[{"floor":11,"key":"Regen Potion"},{"floor":13,"key":"PowerPotion"}],"is_trial":false,"path_per_floor":["M","$","?","?","?","E","R","E","T","R","M","M","E","$","R","B"],"character_chosen":"IRONCLAD","items_purchased":["Inflame","Perfected Strike","Metallicize"],"campfire_rested":1,"item_purchase_floors":[2,2,14],"current_hp_per_floor":[87,87,87,56,56,16,42,30,30,30,31,38,18,18,18,0],"gold":137,"neow_bonus":"TWENTY_PERCENT_HP_BONUS","is_prod":false,"is_daily":false,"chose_seed":false,"campfire_upgraded":2,"win_rate":0,"timestamp":1555386115,"path_taken":["M","$","?","?","?","E","R","E","T","R","M","?","E","$","R","BOSS"],"build_version":"2019-01-23","purchased_purges":1,"victory":false,"max_hp_per_floor":[89,89,89,89,89,89,89,91,91,91,91,93,95,92,92,92],"card_choices":[{"not_picked":["Combust","Evolve"],"picked":"Perfected Strike","floor":1},{"not_picked":["Shockwave","Body Slam"],"picked":"Wild Strike","floor":6},{"not_picked":["Cleave","Headbutt","Clash"],"picked":"Singing Bowl","floor":8},{"not_picked":["Twin Strike","Heavy Blade"],"picked":"Inflame","floor":11},{"not_picked":["Iron Wave","Flex","Armaments"],"picked":"Singing Bowl","floor":12},{"not_picked":["Brutality","Bloodletting","Impervious"],"picked":"Singing Bowl","floor":13}],"player_experience":1846334,"relics_obtained":[{"floor":6,"key":"PreservedInsect"},{"floor":8,"key":"Singing Bowl"},{"floor":9,"key":"War Paint"},{"floor":13,"key":"Blood Vial"}],"event_choices":[{"damage_healed":0,"gold_gain":0,"player_choice":"Leave","damage_taken":0,"max_hp_gain":0,"max_hp_loss":0,"event_name":"The Cleric","floor":3,"gold_loss":0},{"damage_healed":0,"gold_gain":0,"player_choice":"Take Damage","damage_taken":31,"relics_obtained":["Golden Idol"],"max_hp_gain":0,"max_hp_loss":0,"event_name":"Golden Idol","floor":4,"gold_loss":0},{"damage_healed":0,"gold_gain":100,"player_choice":"Gold","damage_taken":0,"max_hp_gain":0,"max_hp_loss":0,"event_name":"Wheel of Change","floor":5,"gold_loss":0}],"is_beta":false,"boss_relics":[],"items_purged_floors":[14],"is_endless":false,"potions_floor_spawned":[11,13],"killed_by":"The Guardian","ascension_level":20}