{"gold_per_floor":[118,118,131,131,144,179,196,196,223,246,258,297,309,341,353,365],"floor_reached":16,"playtime":327,"items_purged":[],"score":224,"play_id":"1b4ff13c-6410-4e7f-b6ba-fea64c290be7","local_time":"20190127234353","is_ascension_mode":true,"campfire_choices":[{"floor":8,"key":"REST"},{"data":"Glass Knife","floor":13,"key":"SMITH"},{"data":"Neutralize","floor":15,"key":"SMITH"}],"neow_cost":"NONE","seed_source_timestamp":737162873781506,"circlet_count":0,"master_deck":["AscendersBane","Defend_G","Defend_G","Defend_G","Defend_G","Defend_G","Strike_G","Strike_G","Strike_G","Strike_G","Strike_G","Survivor","Neutralize","Crippling Poison","Neutralize+1","Glass Knife+1","Poisoned Stab","Dash","Dash","Dagger Spray","Backstab"],"relics":["Ring of the Snake","NeowsBlessing","GremlinMask","Lantern","MawBank","Strawberry"],"potions_floor_usage":[6,12],"damage_taken":[{"damage":0,"enemies":"2 Louse","floor":1,"turns":1},{"damage":0,"enemies":"Cultist","floor":3,"turns":1},{"damage":0,"enemies":"Jaw Worm","floor":5,"turns":1},{"damage":36,"enemies":"Lagavulin","floor":6,"turns":8},{"damage":10,"enemies":"Red Slaver","floor":7,"turns":3},{"damage":3,"enemies":"Looter","floor":10,"turns":3},{"damage":14,"enemies":"3 Sentries","floor":12,"turns":6},{"damage":1,"enemies":"Blue Slaver","floor":14,"turns":4},{"damage":46,"enemies":"The Guardian","floor":16,"turns":11}],"seed_played":"-4394909046528001572","potions_obtained":[{"floor":3,"key":"Explosive Potion"},{"floor":5,"key":"SkillPotion"},{"floor":7,"key":"Block Potion"}],"is_trial":false,"path_per_floor":["M","?","M","?","M","E","M","R","T","M","?","E","R","M","R","B"],"character_chosen":"THE_SILENT","items_purchased":[],"campfire_rested":1,"item_purchase_floors":[],"current_hp_per_floor":[59,59,59,59,59,23,13,32,32,29,29,22,22,21,21,0],"gold":365,"neow_bonus":"THREE_ENEMY_KILL","is_prod":false,"is_daily":false,"chose_seed":false,"campfire_upgraded":2,"win_rate":0,"timestamp":1548657833,"path_taken":["M","?","?","?","M","E","M","R","T","?","?","E","R","M","R","BOSS"],"build_version":"2019-01-23","purchased_purges":0,"victory":false,"max_hp_per_floor":[66,66,66,66,66,66,66,66,66,66,66,73,73,73,73,73],"card_choices":[{"not_picked":["Quick Slash","Dodge and Roll"],"picked":"Crippling Poison","floor":1},{"not_picked":["Acrobatics","Reflex"],"picked":"Poisoned Stab","floor":3},{"not_picked":["Dagger Spray","PiercingWail"],"picked":"Dash","floor":5},{"not_picked":["Endless Agony","Quick Slash","Slice"],"picked":"SKIP","floor":6},{"not_picked":["Reflex","Outmaneuver"],"picked":"Dash","floor":7},{"not_picked":["Blade Dance","Bane"],"picked":"Dagger Spray","floor":10},{"not_picked":["Prepared","Deadly Poison"],"picked":"Backstab","floor":12},{"not_picked":["Quick Slash","Prepared","Slice"],"picked":"SKIP","floor":14}],"player_experience":1047349,"relics_obtained":[{"floor":6,"key":"Lantern"},{"floor":9,"key":"MawBank"},{"floor":12,"key":"Strawberry"}],"event_choices":[{"damage_healed":0,"gold_gain":0,"player_choice":"2 cards matched","damage_taken":0,"max_hp_gain":0,"max_hp_loss":0,"event_name":"Match and Keep!","floor":2,"gold_loss":0,"cards_obtained":["Neutralize","Glass Knife"]},{"damage_healed":0,"gold_gain":0,"player_choice":"Trade","damage_taken":0,"relics_obtained":["GremlinMask"],"max_hp_gain":0,"max_hp_loss":0,"event_name":"FaceTrader","floor":4,"gold_loss":0},{"damage_healed":0,"gold_gain":0,"player_choice":"Ignored","damage_taken":0,"max_hp_gain":0,"max_hp_loss":0,"event_name":"Liars Game","floor":11,"gold_loss":0}],"is_beta":true,"boss_relics":[],"items_purged_floors":[],"is_endless":false,"potions_floor_spawned":[3,5,7],"killed_by":"The Guardian","ascension_level":20}