{"gold_per_floor":[110,210,227,239,239,239,271,290,290,310,345,345,358,358,358,461,461,476,476,486,27,27,57,57,71,97,115,141,17,49,63,63,158,158,173,173,173,188,91,91,119,119,119,130,182,193,193,208,208,208,208,208,1,31,31],"floor_reached":55,"playtime":5393,"items_purged":["Doubt","Strike_R","Strike_R"],"score":1080,"play_id":"4c780bb8-f2ed-4e6a-a2d2-cb991c1d5d25","local_time":"20190428133813","is_ascension_mode":true,"campfire_choices":[{"data":"Bash","floor":6.0,"key":"SMITH"},{"floor":15.0,"key":"REST"},{"data":"Body Slam","floor":24.0,"key":"SMITH"},{"data":"Uppercut","floor":32.0,"key":"SMITH"},{"data":"Feed","floor":40.0,"key":"SMITH"},{"floor":42.0,"key":"RECALL"},{"floor":49.0,"key":"REST"},{"data":"1","floor":52.0,"key":"LIFT"}],"neow_cost":"NONE","seed_source_timestamp":0,"circlet_count":0,"master_deck":["Strike_R","Strike_R+1","Strike_R","Defend_R","Defend_R","Defend_R+1","Bash+1","Headbutt","Impervious","Heavy Blade","Havoc+1","Dropkick","Impervious+1","Anger","Offering+1","Armaments+1","Uppercut+1","Warcry+1","Body Slam+1","Shockwave+1","Disarm+1","Flame Barrier+1","Warcry+1","Feed+1","Havoc+1","Exhume+1","Disarm+1","Dropkick+1","Warcry+1","Power Through+1","Discovery+1","Flame Barrier+1","Entrench+1"],"special_seed":0,"relics":["Burning Blood","Art of War","Meat on the Bone","Ancient Tea Set","Self Forming Clay","Cursed Key","Toxic Egg 2","Sling","Matryoshka","Omamori","Happy Flower","Anchor","Smiling Mask","Busted Crown","Mercury Hourglass","War Paint","Girya","Bag of Preparation"],"potions_floor_usage":[54,55],"damage_taken":[{"damage":10.0,"enemies":"Small Slimes","floor":1.0,"turns":6.0},{"damage":10.0,"enemies":"Cultist","floor":3.0,"turns":4.0},{"damage":9.0,"enemies":"Jaw Worm","floor":4.0,"turns":4.0},{"damage":47.0,"enemies":"Lagavulin","floor":7.0,"turns":7.0},{"damage":1.0,"enemies":"Looter","floor":8.0,"turns":4.0},{"damage":22.0,"enemies":"Gremlin Gang","floor":10.0,"turns":8.0},{"damage":24.0,"enemies":"Gremlin Nob","floor":11.0,"turns":4.0},{"damage":13.0,"enemies":"Large Slime","floor":13.0,"turns":7.0},{"damage":41.0,"enemies":"The Guardian","floor":16.0,"turns":9.0},{"damage":14.0,"enemies":"2 Thieves","floor":18.0,"turns":4.0},{"damage":7.0,"enemies":"3 Byrds","floor":20.0,"turns":6.0},{"damage":25.0,"enemies":"Gremlin Leader","floor":23.0,"turns":7.0},{"damage":13.0,"enemies":"Snake Plant","floor":25.0,"turns":3.0},{"damage":13.0,"enemies":"Centurion and Healer","floor":27.0,"turns":6.0},{"damage":12.0,"enemies":"Slavers","floor":28.0,"turns":4.0},{"damage":6.0,"enemies":"Book of Stabbing","floor":30.0,"turns":3.0},{"damage":6.0,"enemies":"3 Cultists","floor":31.0,"turns":4.0},{"damage":22.0,"enemies":"Automaton","floor":33.0,"turns":12.0},{"damage":2.0,"enemies":"3 Shapes","floor":35.0,"turns":4.0},{"damage":8.0,"enemies":"Orb Walker","floor":38.0,"turns":5.0},{"damage":16.0,"enemies":"Reptomancer","floor":41.0,"turns":6.0},{"damage":6.0,"enemies":"Transient","floor":44.0,"turns":5.0},{"damage":27.0,"enemies":"2 Orb Walkers","floor":45.0,"turns":4.0},{"damage":23.0,"enemies":"3 Darklings","floor":46.0,"turns":8.0},{"damage":1.0,"enemies":"Sphere and 2 Shapes","floor":48.0,"turns":6.0},{"damage":46.0,"enemies":"Donu and Deca","floor":50.0,"turns":9.0},{"damage":47,"enemies":"Shield and Spear","floor":54,"turns":5},{"damage":72,"enemies":"The Heart","floor":55,"turns":8}],"seed_played":"8916430329754071787","potions_obtained":[{"floor":7.0,"key":"BloodPotion"},{"floor":8.0,"key":"Swift Potion"},{"floor":10.0,"key":"Weak Potion"},{"floor":13.0,"key":"Swift Potion"},{"floor":16.0,"key":"GamblersBrew"},{"floor":20.0,"key":"EssenceOfSteel"},{"floor":22.0,"key":"SkillPotion"},{"floor":27.0,"key":"FearPotion"},{"floor":28.0,"key":"SkillPotion"},{"floor":30.0,"key":"Fire Potion"},{"floor":31.0,"key":"Dexterity Potion"},{"floor":44.0,"key":"Energy Potion"},{"floor":45.0,"key":"Regen Potion"},{"floor":48.0,"key":"Swift Potion"}],"is_trial":false,"path_per_floor":["M","?","M","M","?","R","E","M","T","M","E","?","M","?","R","B",null,"M","?","M","$","?","E","R","M","T","M","E","$","E","M","R","B",null,"M","?","?","M","$","R","E","R","T","M","?","M","?","M","R","B",null,"R","$","E","B"],"character_chosen":"IRONCLAD","items_purchased":["Toxic Egg 2","Sling","Warcry+1","Warcry+1","Warcry+1","Flame Barrier+1","SkillPotion","Entrench+1"],"campfire_rested":2,"item_purchase_floors":[21,21,21,29,39,53,53,53],"current_hp_per_floor":[76,76,72,69,69,69,28,45,45,41,35,35,40,22,48,25,72,64,64,63,63,63,56,56,61,61,54,60,60,68,71,71,55,82,89,89,89,90,90,90,80,80,80,80,59,54,54,67,98,77,101,101,101,72,0],"gold":31,"neow_bonus":"TEN_PERCENT_HP_BONUS","is_prod":false,"is_daily":false,"chose_seed":false,"campfire_upgraded":4,"win_rate":0,"timestamp":1556455093,"path_taken":["M","?","?","M","?","R","E","M","T","?","E","?","?","?","R","BOSS","M","?","?","$","?","E","R","?","T","M","E","?","E","M","R","BOSS","M","?","?","?","$","R","E","R","T","M","?","M","?","M","R","BOSS","R","$","E","BOSS"],"build_version":"2019-01-23","purchased_purges":3,"victory":false,"max_hp_per_floor":[88,88,88,88,88,88,88,88,88,88,88,88,88,88,88,88,88,88,88,88,88,88,88,88,88,88,88,88,88,88,91,91,91,91,94,94,94,97,97,97,97,97,97,97,97,97,97,105,105,109,109,109,109,109,109],"card_choices":[{"not_picked":["Perfected Strike","Wild Strike"],"picked":"Headbutt","floor":1.0},{"not_picked":["Heavy Blade","Havoc"],"picked":"Flex","floor":3.0},{"not_picked":["Headbutt","True Grit"],"picked":"Impervious","floor":4.0},{"not_picked":["Sentinel","Barricade"],"picked":"Heavy Blade","floor":7.0},{"not_picked":["Flex","Perfected Strike"],"picked":"Havoc","floor":8.0},{"not_picked":["Clash","Corruption"],"picked":"Dropkick","floor":10.0},{"not_picked":["Thunderclap","Wild Strike"],"picked":"Impervious","floor":11.0},{"not_picked":["Cleave","Whirlwind"],"picked":"Anger","floor":13.0},{"not_picked":["Double Tap","Limit Break"],"picked":"Offering","floor":16.0},{"not_picked":["Sword Boomerang","Twin Strike"],"picked":"Armaments+1","floor":18.0},{"not_picked":["Havoc","Sentinel","Twin Strike"],"picked":"SKIP","floor":20.0},{"not_picked":["Flex+1","Headbutt"],"picked":"Body Slam","floor":23.0},{"not_picked":["Wild Strike","Cleave"],"picked":"Shockwave+1","floor":25.0},{"not_picked":["Combust","Shockwave+1"],"picked":"Disarm+1","floor":27.0},{"not_picked":["Armaments+1","Thunderclap"],"picked":"Flame Barrier+1","floor":28.0},{"not_picked":["Warcry+1","Blood for Blood"],"picked":"Feed","floor":30.0},{"not_picked":["Clothesline","Twin Strike"],"picked":"Havoc+1","floor":31.0},{"not_picked":["Bludgeon","Barricade"],"picked":"Exhume+1","floor":33.0},{"not_picked":[],"picked":"Disarm+1","floor":35.0},{"not_picked":[],"picked":"Dropkick+1","floor":38.0},{"not_picked":["Sword Boomerang+1"],"picked":"SKIP","floor":41.0},{"not_picked":[],"picked":"Power Through+1","floor":44.0},{"not_picked":["Wild Strike"],"picked":"SKIP","floor":46.0},{"not_picked":[],"picked":"Discovery+1","floor":47.0},{"not_picked":["Perfected Strike"],"picked":"SKIP","floor":48.0},{"not_picked":["Twin Strike+1"],"picked":"SKIP","floor":54}],"player_experience":227136,"relics_obtained":[{"floor":7.0,"key":"Meat on the Bone"},{"floor":9.0,"key":"Ancient Tea Set"},{"floor":11.0,"key":"Self Forming Clay"},{"floor":23.0,"key":"Matryoshka"},{"floor":26.0,"key":"Omamori"},{"floor":26.0,"key":"Happy Flower"},{"floor":28.0,"key":"Anchor"},{"floor":30.0,"key":"Smiling Mask"},{"floor":41.0,"key":"Mercury Hourglass"},{"floor":43.0,"key":"War Paint"},{"floor":45.0,"key":"Girya"},{"floor":54,"key":"Bag of Preparation"}],"event_choices":[{"damage_healed":0.0,"max_hp_gain":0.0,"max_hp_loss":0.0,"gold_gain":100.0,"event_name":"Wheel of Change","player_choice":"Gold","floor":2.0,"gold_loss":0.0,"damage_taken":0.0},{"cards_removed":["Flex"],"damage_healed":0.0,"max_hp_gain":0.0,"max_hp_loss":0.0,"gold_gain":0.0,"event_name":"WeMeetAgain","player_choice":"Gave Card","floor":5.0,"gold_loss":0.0,"damage_taken":0.0,"relics_obtained":["Art of War"]},{"damage_healed":0.0,"max_hp_gain":0.0,"max_hp_loss":0.0,"gold_gain":0.0,"event_name":"Upgrade Shrine","player_choice":"Upgraded","floor":12.0,"gold_loss":0.0,"damage_taken":0.0,"cards_upgraded":["Havoc"]},{"damage_healed":0.0,"max_hp_gain":0.0,"max_hp_loss":0.0,"gold_gain":0.0,"event_name":"Shining Light","player_choice":"Entered Light","floor":14.0,"gold_loss":0.0,"damage_taken":18.0,"cards_upgraded":["Impervious","Strike_R"]},{"damage_healed":0.0,"max_hp_gain":0.0,"max_hp_loss":0.0,"gold_gain":0.0,"event_name":"Match and Keep!","player_choice":"1 cards matched","floor":19.0,"gold_loss":0.0,"damage_taken":0.0,"cards_obtained":["Uppercut"]},{"damage_healed":0.0,"max_hp_gain":0.0,"max_hp_loss":0.0,"gold_gain":0.0,"event_name":"Lab","player_choice":"Got Potions","floor":22.0,"gold_loss":0.0,"damage_taken":0.0},{"cards_removed":["Defend_R"],"damage_healed":0.0,"max_hp_gain":0.0,"max_hp_loss":0.0,"gold_gain":0.0,"event_name":"Falling","player_choice":"Removed Skill","floor":36.0,"gold_loss":0.0,"damage_taken":0.0},{"damage_healed":0.0,"max_hp_gain":0.0,"max_hp_loss":0.0,"gold_gain":0.0,"event_name":"SecretPortal","player_choice":"Ignored","floor":37.0,"gold_loss":0.0,"damage_taken":0.0},{"damage_healed":0.0,"max_hp_gain":0.0,"max_hp_loss":0.0,"gold_gain":0.0,"event_name":"Mysterious Sphere","player_choice":"Fight","floor":45.0,"gold_loss":0.0,"damage_taken":0.0},{"damage_healed":0.0,"max_hp_gain":0.0,"max_hp_loss":0.0,"gold_gain":0.0,"event_name":"SensoryStone","player_choice":"Memory 1","floor":47.0,"gold_loss":0.0,"damage_taken":0.0}],"is_beta":false,"boss_relics":[{"not_picked":["Empty Cage","Calling Bell"],"picked":"Cursed Key"},{"not_picked":["Snecko Eye","Coffee Dripper"],"picked":"Busted Crown"}],"items_purged_floors":[29,39,53],"is_endless":false,"potions_floor_spawned":[7,8,10,13,16,20,27,28,30,31,44,45,48],"killed_by":"The Heart","ascension_level":6}