{"gold_per_floor":[360,375,14,32,50,50,77,77,77,77],"floor_reached":10,"playtime":386,"items_purged":["Normality"],"score":136,"play_id":"4309b60d-0dd3-40bf-accb-26c74393809a","local_time":"20190426050759","is_ascension_mode":true,"campfire_choices":[{"data":"Streamline","floor":6,"key":"SMITH"}],"neow_cost":"CURSE","seed_source_timestamp":299456676744656,"circlet_count":0,"master_deck":["AscendersBane","Strike_B","Strike_B","Strike_B","Defend_B","Defend_B","Defend_B","Defend_B","Zap","Dualcast","Cold Snap","Coolheaded","Cold Snap","Chill+1","Streamline+1","Hologram+1","Consume"],"relics":["Cracked Core","Runic Capacitor","War Paint","Meat on the Bone"],"potions_floor_usage":[7,10],"damage_taken":[{"damage":12,"enemies":"2 Louse","floor":1,"turns":3},{"damage":0,"enemies":"Cultist","floor":2,"turns":3},{"damage":4,"enemies":"Small Slimes","floor":4,"turns":4},{"damage":4,"enemies":"Blue Slaver","floor":5,"turns":4},{"damage":24,"enemies":"3 Sentries","floor":7,"turns":6},{"damage":24,"enemies":"Gremlin Nob","floor":10,"turns":3}],"seed_played":"8596001070037421189","potions_obtained":[{"floor":1,"key":"Strength Potion"},{"floor":2,"key":"Explosive Potion"}],"is_trial":false,"path_per_floor":["M","M","$","M","M","R","E","?","T","E"],"character_chosen":"DEFECT","items_purchased":["Runic Capacitor","Cold Snap"],"campfire_rested":0,"item_purchase_floors":[3,3],"current_hp_per_floor":[52,52,52,48,44,44,20,20,20,0],"gold":77,"neow_bonus":"TWO_FIFTY_GOLD","is_prod":false,"is_daily":false,"chose_seed":false,"campfire_upgraded":1,"win_rate":0,"timestamp":1556269679,"path_taken":["M","M","$","M","M","R","E","?","T","E"],"build_version":"2019-01-23","purchased_purges":1,"victory":false,"max_hp_per_floor":[71,71,71,71,71,71,71,71,71,71],"card_choices":[{"not_picked":["Auto Shields","Sunder"],"picked":"Cold Snap","floor":1},{"not_picked":["Compile Driver","Beam Cell"],"picked":"Coolheaded","floor":2},{"not_picked":["Streamline","Skim"],"picked":"Chill","floor":4},{"not_picked":["BootSequence","Steam"],"picked":"Streamline","floor":5},{"not_picked":["Static Discharge","Self Repair"],"picked":"Hologram","floor":7}],"player_experience":1948301,"relics_obtained":[{"floor":7,"key":"War Paint"},{"floor":9,"key":"Meat on the Bone"}],"event_choices":[{"damage_healed":0,"gold_gain":0,"cards_transformed":["Strike_B"],"player_choice":"Transformed","damage_taken":0,"max_hp_gain":0,"max_hp_loss":0,"event_name":"Transmorgrifier","floor":8,"gold_loss":0,"cards_obtained":["Consume"]}],"is_beta":false,"boss_relics":[],"items_purged_floors":[3],"is_endless":false,"potions_floor_spawned":[1,2],"killed_by":"Gremlin Nob","ascension_level":20}