{"gold_per_floor":[114,114,164,176,190,190,208,227,303,323,323],"floor_reached":11,"playtime":270,"items_purged":[],"score":134,"play_id":"7ae144e7-727d-4195-81e7-293d8626d487","local_time":"20190205233425","is_ascension_mode":true,"campfire_choices":[{"floor":6,"key":"REST"}],"neow_cost":"NONE","seed_source_timestamp":216536744755583,"circlet_count":0,"master_deck":["AscendersBane","Strike_B","Strike_B","Strike_B","Strike_B","Defend_B","Defend_B","Defend_B","Defend_B","Zap","Dualcast","Deep Breath","Streamline","Electrodynamics","Cold Snap","Hologram","Reinforced Body"],"relics":["Cracked Core","Calipers","Frozen Egg 2"],"potions_floor_usage":[10,11],"damage_taken":[{"damage":12,"enemies":"2 Louse","floor":1,"turns":4},{"damage":2,"enemies":"Small Slimes","floor":4,"turns":3},{"damage":1,"enemies":"Cultist","floor":5,"turns":3},{"damage":6,"enemies":"2 Fungi Beasts","floor":7,"turns":2},{"damage":14,"enemies":"Large Slime","floor":8,"turns":7},{"damage":4,"enemies":"Red Slaver","floor":10,"turns":3},{"damage":12,"enemies":"Exordium Wildlife","floor":11,"turns":3}],"seed_played":"-1040013371881313619","potions_obtained":[{"floor":4,"key":"LiquidBronze"},{"floor":7,"key":"PowerPotion"},{"floor":8,"key":"Dexterity Potion"}],"is_trial":false,"path_per_floor":["M","?","?","M","M","R","M","M","T","M","M"],"character_chosen":"DEFECT","items_purchased":[],"campfire_rested":1,"item_purchase_floors":[],"current_hp_per_floor":[52,7,7,5,4,25,19,5,5,1,0],"gold":323,"neow_bonus":"RANDOM_COLORLESS","is_prod":false,"is_daily":false,"chose_seed":false,"campfire_upgraded":0,"win_rate":0,"timestamp":1549434865,"path_taken":["M","?","?","M","M","R","M","?","T","M","M"],"build_version":"2019-01-23","purchased_purges":0,"victory":false,"max_hp_per_floor":[71,71,71,71,71,71,71,71,71,71,71],"card_choices":[{"not_picked":["Rebound","Redo"],"picked":"Streamline","floor":1},{"not_picked":["Steam","Beam Cell"],"picked":"Electrodynamics","floor":4},{"not_picked":["Scrape","Steam"],"picked":"Cold Snap","floor":5},{"not_picked":["Doom and Gloom","Chaos"],"picked":"Hologram","floor":7},{"not_picked":["Beam Cell","Consume","Scrape"],"picked":"SKIP","floor":8},{"not_picked":["Chaos","Streamline"],"picked":"Reinforced Body","floor":10}],"player_experience":1075987,"relics_obtained":[{"floor":9,"key":"Frozen Egg 2"}],"event_choices":[{"damage_healed":0,"gold_gain":0,"player_choice":"Success","damage_taken":45,"relics_obtained":["Calipers"],"max_hp_gain":0,"max_hp_loss":0,"event_name":"Scrap Ooze","floor":2,"gold_loss":0},{"damage_healed":0,"gold_gain":50,"player_choice":"Pray","damage_taken":0,"max_hp_gain":0,"max_hp_loss":0,"event_name":"Golden Shrine","floor":3,"gold_loss":0}],"is_beta":true,"boss_relics":[],"items_purged_floors":[],"is_endless":false,"potions_floor_spawned":[4,7,8],"killed_by":"Exordium Wildlife","ascension_level":20}