{"gold_per_floor":[116,116,116,127,146,146,173,19,19,33,33,0,10,10,10,85,85,58,58,76,76,89,89,89],"floor_reached":24,"playtime":1374,"items_purged":["Decay"],"score":492,"play_id":"f35a6a6b-ce82-43c9-aeb0-2efbf91a4331","local_time":"20190408171759","is_ascension_mode":true,"campfire_choices":[{"data":"Backstab","floor":6,"key":"SMITH"},{"data":"Noxious Fumes","floor":11,"key":"SMITH"},{"data":"Parasite","floor":15,"key":"PURGE"},{"floor":23,"key":"REST"}],"neow_cost":"NONE","seed_source_timestamp":629467072406616,"circlet_count":0,"master_deck":["AscendersBane","Defend_G","Defend_G","Defend_G","Defend_G","Defend_G","Strike_G","Strike_G","Strike_G","Strike_G","Strike_G","Survivor","Neutralize+1","Clumsy","Backstab+1","Calculated Gamble","Well Laid Plans","Leg Sweep","Backflip","Noxious Fumes+1","Deadly Poison","Bouncing Flask+1","Caltrops","After Image","Dash"],"relics":["Calling Bell","Dream Catcher","Kunai","Ice Cream","Peace Pipe","Pantograph","Velvet Choker"],"potions_floor_usage":[7,7,10,13,20,24,24],"damage_taken":[{"damage":4,"enemies":"Cultist","floor":1,"turns":5},{"damage":4,"enemies":"Jaw Worm","floor":4,"turns":4},{"damage":0,"enemies":"Small Slimes","floor":5,"turns":4},{"damage":37,"enemies":"3 Sentries","floor":7,"turns":17},{"damage":0,"enemies":"Blue Slaver","floor":10,"turns":2},{"damage":2,"enemies":"Large Slime","floor":13,"turns":6},{"damage":0,"enemies":"The Guardian","floor":16,"turns":12},{"damage":31,"enemies":"2 Thieves","floor":18,"turns":5},{"damage":0,"enemies":"Chosen","floor":20,"turns":5},{"damage":26,"enemies":"Centurion and Healer","floor":22,"turns":8},{"damage":22,"enemies":"Shelled Parasite and Fungi","floor":24,"turns":2}],"seed_played":"5142618027243496704","potions_obtained":[{"floor":1,"key":"SneckoOil"},{"floor":4,"key":"EssenceOfSteel"},{"floor":7,"key":"PowerPotion"},{"floor":13,"key":"Explosive Potion"},{"floor":16,"key":"Ancient Potion"},{"floor":22,"key":"EssenceOfSteel"}],"is_trial":false,"path_per_floor":["M","?","?","M","M","R","E","$","T","M","R","?","M","?","R","B",null,"M","?","M","?","M","R","M"],"character_chosen":"THE_SILENT","items_purchased":["Backflip","FearPotion"],"campfire_rested":1,"item_purchase_floors":[8,8],"current_hp_per_floor":[55,48,48,44,44,44,7,7,7,7,7,7,5,21,21,46,59,28,28,28,28,2,20,0],"gold":89,"neow_bonus":"BOSS_RELIC","is_prod":false,"is_daily":false,"chose_seed":false,"campfire_upgraded":2,"win_rate":0,"timestamp":1554758279,"path_taken":["M","?","?","M","?","R","E","?","T","M","R","?","M","?","R","BOSS","M","?","M","?","M","R","?"],"build_version":"2019-01-23","purchased_purges":1,"victory":false,"max_hp_per_floor":[66,66,66,66,66,66,66,66,66,66,66,66,66,66,63,63,63,63,63,63,63,63,63,63],"card_choices":[{"not_picked":["Blur","Leg Sweep"],"picked":"Backstab","floor":1},{"not_picked":["Underhanded Strike","Dagger Spray"],"picked":"Calculated Gamble","floor":4},{"not_picked":["Underhanded Strike","Calculated Gamble"],"picked":"Well Laid Plans","floor":5},{"not_picked":["Sucker Punch","Escape Plan"],"picked":"Leg Sweep","floor":7},{"not_picked":["Reflex","Calculated Gamble"],"picked":"Noxious Fumes","floor":10},{"not_picked":["Tactician","Distraction"],"picked":"Deadly Poison","floor":13},{"not_picked":["Bane+1","Eviscerate+1"],"picked":"Bouncing Flask+1","floor":18},{"not_picked":["Dagger Throw","Riddle With Holes"],"picked":"Caltrops","floor":20},{"not_picked":["All Out Attack+1","Masterful Stab"],"picked":"Dash","floor":22}],"player_experience":1735451,"relics_obtained":[{"floor":0,"key":"Dream Catcher"},{"floor":0,"key":"Kunai"},{"floor":0,"key":"Ice Cream"},{"floor":7,"key":"Peace Pipe"},{"floor":9,"key":"Pantograph"}],"event_choices":[{"cards_removed":["Writhe"],"damage_healed":0,"gold_gain":0,"player_choice":"Card Removal","damage_taken":7,"max_hp_gain":0,"max_hp_loss":0,"event_name":"Golden Wing","floor":2,"gold_loss":0},{"damage_healed":0,"gold_gain":0,"player_choice":"Forge","damage_taken":0,"max_hp_gain":0,"max_hp_loss":0,"event_name":"Accursed Blacksmith","floor":3,"gold_loss":0,"cards_upgraded":["Neutralize"]},{"damage_healed":0,"gold_gain":0,"player_choice":"Left Gold","damage_taken":0,"max_hp_gain":0,"max_hp_loss":0,"event_name":"World of Goop","floor":12,"gold_loss":33},{"damage_healed":16,"gold_gain":0,"player_choice":"Healed and dodged fight","damage_taken":0,"max_hp_gain":0,"max_hp_loss":0,"event_name":"Mushrooms","floor":14,"gold_loss":0,"cards_obtained":["Parasite"]},{"damage_healed":0,"gold_gain":0,"player_choice":"Ignored","damage_taken":0,"max_hp_gain":0,"max_hp_loss":0,"event_name":"Cursed Tome","floor":19,"gold_loss":0},{"damage_healed":0,"gold_gain":0,"player_choice":"1 cards matched","damage_taken":0,"max_hp_gain":0,"max_hp_loss":0,"event_name":"Match and Keep!","floor":21,"gold_loss":0,"cards_obtained":["After Image"]}],"is_beta":false,"boss_relics":[{"not_picked":["Lizard Tail","Pandora\u0027s Box"],"picked":"Velvet Choker"}],"items_purged_floors":[8],"is_endless":false,"potions_floor_spawned":[1,4,7,13,16,22],"killed_by":"Shelled Parasite and Fungi","ascension_level":20}