{"gold_per_floor":[113,113,38,38,113,113,147,74,98,98,98,98,114,146,146,220,220,185,35,54,69,69,69,96,96,96,96,107,122,172,185,185,185],"floor_reached":33,"playtime":993,"items_purged":["Strike_R","Strike_R"],"score":474,"play_id":"4af2336e-0637-43c8-9d4a-89345823d087","local_time":"20180803103620","is_ascension_mode":true,"campfire_choices":[{"data":"Shockwave","floor":6,"key":"SMITH"},{"data":"Metallicize","floor":10,"key":"SMITH"},{"data":"Metallicize","floor":15,"key":"SMITH"},{"data":"Metallicize","floor":23,"key":"SMITH"},{"data":"Demon Form","floor":25,"key":"SMITH"},{"floor":27,"key":"REST"},{"data":"Exhume","floor":32,"key":"SMITH"}],"neow_cost":"NONE","seed_source_timestamp":91412510923578,"circlet_count":0,"master_deck":["Strike_R","Strike_R","Strike_R","Defend_R","Defend_R","Defend_R","Defend_R","Bash+1","AscendersBane","Shockwave+1","Metallicize+1","Metallicize+1","Metallicize+1","Shrug It Off","Demon Form+1","Seeing Red+1","Shrug It Off","Pommel Strike","Iron Wave","Exhume+1","True Grit+1"],"relics":["Burning Blood","Turnip","Bag of Preparation","Pantograph","Bottled Flame","Velvet Choker","NlothsMask","Blood Vial"],"potions_floor_usage":[14,16,24,24,29,33],"damage_taken":[{"damage":1,"enemies":"Cultist","floor":1,"turns":4},{"damage":33,"enemies":"Gremlin Nob","floor":7,"turns":5},{"damage":4,"enemies":"Jaw Worm","floor":13,"turns":5},{"damage":6,"enemies":"3 Sentries","floor":14,"turns":9},{"damage":43,"enemies":"Slime Boss","floor":16,"turns":26},{"damage":15,"enemies":"2 Thieves","floor":18,"turns":5},{"damage":12,"enemies":"Chosen","floor":20,"turns":8},{"damage":12,"enemies":"Snake Plant","floor":21,"turns":5},{"damage":42,"enemies":"Gremlin Leader","floor":24,"turns":10},{"damage":6,"enemies":"Centurion and Healer","floor":28,"turns":6},{"damage":1,"enemies":"Chosen and Byrds","floor":29,"turns":5},{"damage":13,"enemies":"Sentry and Sphere","floor":31,"turns":7},{"damage":70,"enemies":"Automaton","floor":33,"turns":6}],"seed_played":"-1601927228898801247","potions_obtained":[{"floor":1,"key":"Weak Potion"},{"floor":7,"key":"AttackPotion"},{"floor":14,"key":"EssenceOfSteel"},{"floor":18,"key":"EssenceOfSteel"},{"floor":24,"key":"AttackPotion"},{"floor":31,"key":"Fire Potion"}],"is_trial":false,"path_per_floor":["M","?","$","$","?","R","E","$","T","R","T","?","M","E","R","B",null,"M","$","M","M","?","R","E","R","T","R","M","M","?","M","R"],"character_chosen":"IRONCLAD","items_purchased":["Metallicize","Shrug It Off"],"campfire_rested":1,"item_purchase_floors":[8,19],"current_hp_per_floor":[73,78,78,78,67,67,40,40,40,40,40,40,42,42,42,30,68,59,59,53,47,47,47,11,11,11,35,37,44,44,39,39,0],"gold":185,"neow_bonus":"UPGRADE_CARD","is_prod":false,"is_daily":false,"chose_seed":false,"campfire_upgraded":6,"win_rate":0,"timestamp":1533317780,"path_taken":["M","?","?","$","?","R","E","$","T","R","?","?","M","E","R","BOSS","M","$","M","M","?","R","E","R","T","R","M","M","?","M","R","BOSS"],"build_version":"2018-08-01","purchased_purges":2,"victory":false,"max_hp_per_floor":[75,80,80,80,80,80,80,80,80,80,80,80,80,80,80,80,80,80,80,80,80,80,80,80,80,80,80,80,80,80,80,80,80],"card_choices":[{"not_picked":["Blood for Blood","Twin Strike"],"picked":"Shockwave","floor":1},{"not_picked":["Carnage","Sword Boomerang"],"picked":"Metallicize","floor":7},{"not_picked":["Heavy Blade","Clash"],"picked":"Metallicize","floor":13},{"not_picked":["Reckless Charge","Sword Boomerang"],"picked":"Shrug It Off","floor":14},{"not_picked":["Barricade","Double Tap"],"picked":"Demon Form","floor":16},{"not_picked":["Perfected Strike","Cleave"],"picked":"Seeing Red+1","floor":18},{"not_picked":["Heavy Blade","Combust+1"],"picked":"Pommel Strike","floor":20},{"not_picked":["Wild Strike","Pummel","Armaments"],"picked":"SKIP","floor":21},{"not_picked":["Dual Wield","Perfected Strike"],"picked":"Iron Wave","floor":24},{"not_picked":["Thunderclap","Dual Wield","Bloodletting+1"],"picked":"SKIP","floor":28},{"not_picked":["Bloodletting","Spot Weakness"],"picked":"Exhume","floor":29},{"not_picked":["Rupture","Cleave"],"picked":"True Grit+1","floor":31}],"player_experience":832773,"relics_obtained":[{"floor":7,"key":"Turnip"},{"floor":9,"key":"Bag of Preparation"},{"floor":11,"key":"Pantograph"},{"floor":14,"key":"Bottled Flame"},{"floor":24,"key":"Blood Vial"}],"event_choices":[{"event_name":"Big Fish","player_choice":"Donut","floor":2,"damage_taken":0},{"event_name":"World of Goop","player_choice":"Gather Gold","floor":5,"damage_taken":0},{"event_name":"The Lab","player_choice":"Got Potions","floor":12,"damage_taken":0},{"event_name":"FaceTrader","player_choice":"Trade","floor":22,"damage_taken":0},{"event_name":"Golden Shrine","player_choice":"Pray","floor":30,"damage_taken":0}],"is_beta":true,"boss_relics":[{"not_picked":["Ectoplasm","Philosopher\u0027s Stone"],"picked":"Velvet Choker"}],"items_purged_floors":[3,19],"is_endless":false,"potions_floor_spawned":[1,7,14,18,24,31],"killed_by":"Automaton","ascension_level":15}