{"gold_per_floor":[119,119,119,132,53,92,92,92,140,140,176,191,191,204,204,294,294,315,60,73,96,96,96,96],"floor_reached":24,"playtime":571,"items_purged":["Strike_B"],"score":508,"play_id":"cc34f423-50bc-4b0b-b189-1457bebb50f1","local_time":"20190202110852","is_ascension_mode":true,"campfire_choices":[{"data":"Defragment","floor":10,"key":"SMITH"},{"data":"Creative AI","floor":13,"key":"SMITH"},{"floor":15,"key":"REST"},{"floor":23,"key":"REST"}],"neow_cost":"NONE","seed_source_timestamp":266113335160265,"circlet_count":0,"master_deck":["AscendersBane","Strike_B","Strike_B","Defend_B","Defend_B+1","Defend_B","Defend_B","Zap","Dualcast","Redo+1","Defragment+1","Doom and Gloom","Loop","Creative AI+1","Cold Snap","Defragment","Biased Cognition","Capacitor","Impatience","Steam+1","Leap"],"relics":["Cracked Core","NeowsBlessing","Golden Idol","Pear","Vajra","Gremlin Horn","Runic Dome"],"potions_floor_usage":[18,21,24],"damage_taken":[{"damage":0,"enemies":"Cultist","floor":1,"turns":1},{"damage":0,"enemies":"Jaw Worm","floor":4,"turns":1},{"damage":0,"enemies":"3 Sentries","floor":6,"turns":1},{"damage":17,"enemies":"Lagavulin","floor":11,"turns":5},{"damage":12,"enemies":"Small Slimes","floor":12,"turns":2},{"damage":0,"enemies":"2 Fungi Beasts","floor":14,"turns":3},{"damage":17,"enemies":"Slime Boss","floor":16,"turns":9},{"damage":7,"enemies":"Chosen","floor":18,"turns":5},{"damage":18,"enemies":"3 Byrds","floor":20,"turns":2},{"damage":24,"enemies":"Centurion and Healer","floor":21,"turns":6},{"damage":40,"enemies":"Book of Stabbing","floor":24,"turns":4}],"seed_played":"4137362751728827424","potions_obtained":[{"floor":4,"key":"SpeedPotion"},{"floor":6,"key":"Dexterity Potion"},{"floor":20,"key":"Block Potion"}],"is_trial":false,"path_per_floor":["M","?","?","M","$","E","?","?","T","R","E","M","R","M","R","B",null,"M","$","M","M","?","R","E"],"character_chosen":"DEFECT","items_purchased":["Doom and Gloom","Capacitor","Impatience"],"campfire_rested":2,"item_purchase_floors":[5,19,19],"current_hp_per_floor":[64,40,19,19,19,29,56,56,56,56,39,27,27,27,51,34,69,62,62,44,20,11,35,0],"gold":96,"neow_bonus":"THREE_ENEMY_KILL","is_prod":false,"is_daily":false,"chose_seed":false,"campfire_upgraded":2,"win_rate":0,"timestamp":1549130932,"path_taken":["M","?","?","M","?","E","?","?","T","R","E","M","R","?","R","BOSS","M","$","M","M","?","R","E"],"build_version":"2019-01-23","purchased_purges":1,"victory":false,"max_hp_per_floor":[71,71,71,71,71,81,81,81,81,81,81,81,81,81,81,81,81,81,81,81,81,81,81,81],"card_choices":[{"not_picked":["Stack","Reprogram"],"picked":"Redo","floor":1},{"not_picked":["Steam","Compile Driver"],"picked":"Defragment","floor":4},{"not_picked":["Barrage","Sweeping Beam"],"picked":"Loop","floor":6},{"not_picked":["Coolheaded","Go for the Eyes"],"picked":"Creative AI","floor":11},{"not_picked":["Barrage","Turbo"],"picked":"Cold Snap","floor":12},{"not_picked":["Sweeping Beam","Melter"],"picked":"Defragment","floor":14},{"not_picked":["Hyperbeam","Fission"],"picked":"Biased Cognition","floor":16},{"not_picked":["Heatsinks","Barrage+1","Go for the Eyes"],"picked":"SKIP","floor":18},{"not_picked":["Compile Driver","Streamline"],"picked":"Steam+1","floor":20},{"not_picked":["Hello World","Steam Power"],"picked":"Leap","floor":21}],"player_experience":1062007,"relics_obtained":[{"floor":6,"key":"Pear"},{"floor":9,"key":"Vajra"},{"floor":11,"key":"Gremlin Horn"}],"event_choices":[{"damage_healed":0,"gold_gain":0,"player_choice":"Take Damage","damage_taken":24,"relics_obtained":["Golden Idol"],"max_hp_gain":0,"max_hp_loss":0,"event_name":"Golden Idol","floor":2,"gold_loss":0},{"damage_healed":0,"gold_gain":0,"player_choice":"Entered Light","damage_taken":21,"max_hp_gain":0,"max_hp_loss":0,"event_name":"Shining Light","floor":3,"gold_loss":0,"cards_upgraded":["Redo","Defend_B"]},{"damage_healed":27,"gold_gain":0,"player_choice":"Banana","damage_taken":0,"max_hp_gain":0,"max_hp_loss":0,"event_name":"Big Fish","floor":7,"gold_loss":0},{"cards_removed":["Strike_B"],"damage_healed":0,"gold_gain":0,"player_choice":"Forget","damage_taken":0,"max_hp_gain":0,"max_hp_loss":0,"event_name":"Living Wall","floor":8,"gold_loss":0},{"damage_healed":0,"gold_gain":0,"player_choice":"Stopped","damage_taken":9,"max_hp_gain":0,"max_hp_loss":0,"event_name":"Cursed Tome","floor":22,"gold_loss":0}],"is_beta":true,"boss_relics":[{"not_picked":["Inserter","Eternal Feather"],"picked":"Runic Dome"}],"items_purged_floors":[19],"is_endless":false,"potions_floor_spawned":[4,6,11,20],"killed_by":"Book of Stabbing","ascension_level":20}