{"gold_per_floor":[111,111,123,140,63,63,94,94,94,94,94,123,123,141,141,141],"floor_reached":16,"playtime":651,"items_purged":[],"score":241,"play_id":"84de8f33-ae3c-41e6-a672-b400aa53ce26","local_time":"20190405030559","is_ascension_mode":true,"campfire_choices":[{"data":"True Grit","floor":6,"key":"SMITH"},{"data":"Bash","floor":11,"key":"SMITH"},{"data":"Metallicize","floor":13,"key":"SMITH"},{"data":"Feel No Pain","floor":15,"key":"SMITH"}],"neow_cost":"NONE","seed_source_timestamp":319796335587755,"circlet_count":0,"master_deck":["AscendersBane","Strike_R","Strike_R","Strike_R","Strike_R","Strike_R","Defend_R","Defend_R","Defend_R","Defend_R","Bash+1","Combust+1","Pommel Strike","True Grit+1","Feel No Pain+1","Metallicize+1","Fiend Fire"],"relics":["Burning Blood","Self Forming Clay","Meat on the Bone","Pear","Boot"],"potions_floor_usage":[12,16,16],"damage_taken":[{"damage":3,"enemies":"2 Louse","floor":1,"turns":4},{"damage":4,"enemies":"Cultist","floor":3,"turns":4},{"damage":2,"enemies":"Small Slimes","floor":4,"turns":2},{"damage":27,"enemies":"3 Sentries","floor":7,"turns":7},{"damage":6,"enemies":"Lagavulin","floor":12,"turns":7},{"damage":7,"enemies":"Blue Slaver","floor":14,"turns":4},{"damage":89,"enemies":"Hexaghost","floor":16,"turns":14}],"seed_played":"3296851555838559559","potions_obtained":[{"floor":1,"key":"BloodPotion"},{"floor":7,"key":"PowerPotion"},{"floor":14,"key":"Energy Potion"}],"is_trial":false,"path_per_floor":["M","?","M","M","$","R","E","?","T","T","R","E","R","M","R","B"],"character_chosen":"IRONCLAD","items_purchased":["Feel No Pain"],"campfire_rested":0,"item_purchase_floors":[5],"current_hp_per_floor":[78,78,80,82,82,82,61,66,66,76,76,76,76,75,75,0],"gold":141,"neow_bonus":"TEN_PERCENT_HP_BONUS","is_prod":false,"is_daily":false,"chose_seed":false,"campfire_upgraded":4,"win_rate":0,"timestamp":1554447959,"path_taken":["M","?","?","M","$","R","E","?","T","?","R","E","R","M","R","BOSS"],"build_version":"2019-01-23","purchased_purges":0,"victory":false,"max_hp_per_floor":[82,82,82,82,82,82,82,87,87,97,97,97,97,97,97,97],"card_choices":[{"not_picked":["Twin Strike","Warcry"],"picked":"Combust","floor":1},{"not_picked":["Havoc","Infernal Blade"],"picked":"Pommel Strike","floor":3},{"not_picked":["Wild Strike","Clash"],"picked":"True Grit","floor":4},{"not_picked":["Sentinel","Clothesline"],"picked":"Metallicize","floor":7},{"not_picked":["Rampage","Anger","Infernal Blade"],"picked":"SKIP","floor":12},{"not_picked":["Perfected Strike","Clash"],"picked":"Fiend Fire","floor":14}],"player_experience":1610141,"relics_obtained":[{"floor":7,"key":"Self Forming Clay"},{"floor":9,"key":"Meat on the Bone"},{"floor":10,"key":"Pear"},{"floor":12,"key":"Boot"}],"event_choices":[{"damage_healed":0,"gold_gain":0,"player_choice":"Upgraded","damage_taken":0,"max_hp_gain":0,"max_hp_loss":0,"event_name":"Upgrade Shrine","floor":2,"gold_loss":0,"cards_upgraded":["Combust"]},{"damage_healed":0,"gold_gain":0,"player_choice":"Donut","damage_taken":0,"max_hp_gain":5,"max_hp_loss":0,"event_name":"Big Fish","floor":8,"gold_loss":0}],"is_beta":false,"boss_relics":[],"items_purged_floors":[],"is_endless":false,"potions_floor_spawned":[1,7,14],"killed_by":"Hexaghost","ascension_level":20}