{"gold_per_floor":[11,86,99,113,26,26,59,59,59,59,73,16,16,29,29,103,103,118,118,138,138,138,138,57,57,57,92,92],"floor_reached":28,"playtime":1148,"items_purged":[],"score":468,"play_id":"7a03f987-da4c-43a9-8420-c2dca6158788","local_time":"20190426193408","is_ascension_mode":true,"campfire_choices":[{"data":"Storm","floor":6,"key":"SMITH"},{"data":"Zap","floor":8,"key":"SMITH"},{"data":"Hologram","floor":10,"key":"SMITH"},{"data":"Go for the Eyes","floor":15,"key":"SMITH"},{"floor":23,"key":"REST"},{"data":"Static Discharge","floor":25,"key":"SMITH"}],"neow_cost":"NO_GOLD","seed_source_timestamp":350662700845068,"circlet_count":0,"master_deck":["AscendersBane","Strike_B+1","Strike_B+1","Strike_B+1","Strike_B+1","Defend_B+1","Defend_B+1","Defend_B+1","Defend_B+1","Zap+1","Dualcast","Echo Form","Glacier","Heatsinks","Capacitor","Storm+1","Hologram+1","Go for the Eyes+1","Electrodynamics","Defragment+1","Static Discharge+1","Coolheaded+1"],"relics":["Cracked Core","Pear","CultistMask","Nuclear Battery","MutagenicStrength","Strawberry","Vajra"],"potions_floor_usage":[7,11,14,16,18,27],"damage_taken":[{"damage":8,"enemies":"Small Slimes","floor":1,"turns":4},{"damage":0,"enemies":"Cultist","floor":3,"turns":4},{"damage":7,"enemies":"Jaw Worm","floor":4,"turns":5},{"damage":32,"enemies":"Gremlin Nob","floor":7,"turns":4},{"damage":13,"enemies":"Blue Slaver","floor":11,"turns":3},{"damage":2,"enemies":"3 Louse","floor":14,"turns":3},{"damage":14,"enemies":"Hexaghost","floor":16,"turns":12},{"damage":22,"enemies":"Shell Parasite","floor":18,"turns":5},{"damage":24,"enemies":"Colosseum Slavers","floor":19,"turns":4},{"damage":13,"enemies":"3 Byrds","floor":20,"turns":2},{"damage":20,"enemies":"Gremlin Leader","floor":27,"turns":5},{"damage":16,"enemies":"Shelled Parasite and Fungi","floor":28,"turns":1}],"seed_played":"-2279105556338609413","potions_obtained":[{"floor":1,"key":"SkillPotion"},{"floor":4,"key":"Swift Potion"},{"floor":7,"key":"Regen Potion"},{"floor":14,"key":"Weak Potion"},{"floor":18,"key":"Strength Potion"},{"floor":20,"key":"FearPotion"}],"is_trial":false,"path_per_floor":["M","?","M","M","$","R","E","R","T","R","M","$","?","M","R","B",null,"M","?","M","?","?","R","$","R","T","E","M"],"character_chosen":"DEFECT","items_purchased":["Storm","Fire Potion","Static Discharge"],"campfire_rested":1,"item_purchase_floors":[5,12,24],"current_hp_per_floor":[56,45,45,38,38,38,16,16,16,16,3,3,3,1,1,2,61,39,15,2,2,2,26,26,26,33,13,0],"gold":92,"neow_bonus":"THREE_RARE_CARDS","is_prod":false,"is_daily":false,"chose_seed":false,"campfire_upgraded":5,"win_rate":0,"timestamp":1556321648,"path_taken":["M","?","M","M","$","R","E","R","T","R","M","$","?","?","R","BOSS","M","?","M","?","?","R","?","R","T","E","M"],"build_version":"2019-01-23","purchased_purges":0,"victory":false,"max_hp_per_floor":[71,71,71,71,71,71,81,81,81,81,81,81,81,81,81,81,81,81,81,81,81,81,81,81,81,88,88,88],"card_choices":[{"not_picked":["Thunder Strike","Creative AI"],"picked":"Echo Form","floor":0},{"not_picked":["Aggregate","Hello World"],"picked":"Glacier","floor":1},{"not_picked":["Turbo","Redo"],"picked":"Heatsinks","floor":3},{"not_picked":["Darkness","Streamline"],"picked":"Capacitor","floor":4},{"not_picked":["Hologram","Recycle","Beam Cell"],"picked":"SKIP","floor":7},{"not_picked":["Recycle","Beam Cell"],"picked":"Hologram","floor":7},{"not_picked":["Redo","Gash","Rebound"],"picked":"SKIP","floor":11},{"not_picked":["Beam Cell","Steam"],"picked":"Go for the Eyes","floor":14},{"not_picked":["Seek","Buffer"],"picked":"Electrodynamics","floor":16},{"not_picked":["Static Discharge","Streamline"],"picked":"Defragment+1","floor":18},{"not_picked":["Sunder","Skim","Sweeping Beam"],"picked":"SKIP","floor":20},{"not_picked":["Sweeping Beam","Hologram"],"picked":"Coolheaded+1","floor":27}],"player_experience":1967589,"relics_obtained":[{"floor":7,"key":"Pear"},{"floor":26,"key":"Strawberry"},{"floor":27,"key":"Vajra"}],"event_choices":[{"damage_healed":0,"gold_gain":75,"player_choice":"Gather Gold","damage_taken":11,"max_hp_gain":0,"max_hp_loss":0,"event_name":"World of Goop","floor":2,"gold_loss":0},{"damage_healed":0,"gold_gain":0,"player_choice":"Trade","damage_taken":0,"relics_obtained":["CultistMask"],"max_hp_gain":0,"max_hp_loss":0,"event_name":"FaceTrader","floor":13,"gold_loss":0},{"damage_healed":0,"gold_gain":0,"player_choice":"Fight","damage_taken":0,"max_hp_gain":0,"max_hp_loss":0,"event_name":"Colosseum","floor":19,"gold_loss":0},{"damage_healed":0,"gold_gain":0,"player_choice":"Fled From Nobs","damage_taken":0,"max_hp_gain":0,"max_hp_loss":0,"event_name":"Colosseum","floor":19,"gold_loss":0},{"damage_healed":0,"gold_gain":0,"player_choice":"Simplicity","damage_taken":0,"max_hp_gain":0,"max_hp_loss":0,"event_name":"Back to Basics","floor":21,"gold_loss":0,"cards_upgraded":["Strike_B","Strike_B","Strike_B","Strike_B","Defend_B","Defend_B","Defend_B","Defend_B"]},{"damage_healed":0,"gold_gain":0,"player_choice":"Inject Mutagens","damage_taken":0,"relics_obtained":["MutagenicStrength"],"max_hp_gain":0,"max_hp_loss":0,"event_name":"Drug Dealer","floor":22,"gold_loss":0}],"is_beta":false,"boss_relics":[{"not_picked":["FrozenCore","White Beast Statue"],"picked":"Nuclear Battery"}],"items_purged_floors":[],"is_endless":false,"potions_floor_spawned":[1,4,7,14,18,20],"killed_by":"Shelled Parasite and Fungi","ascension_level":20}