{"gold_per_floor":[110,110,110,122,132,132,132,132,206,224,248,265,265,278,278,278],"floor_reached":16,"playtime":264,"items_purged":[],"score":184,"play_id":"ac0ecb44-3ed9-454b-8987-0250f05dc2a8","local_time":"20190309121705","is_ascension_mode":true,"campfire_choices":[{"data":"Neutralize","floor":6,"key":"SMITH"},{"data":"Deadly Poison","floor":8,"key":"SMITH"},{"data":"Malaise","floor":13,"key":"SMITH"},{"data":"Poisoned Stab","floor":15,"key":"SMITH"}],"neow_cost":"NONE","seed_source_timestamp":4497636424897,"circlet_count":0,"master_deck":["AscendersBane","Defend_G","Defend_G","Defend_G","Defend_G","Defend_G","Strike_G","Strike_G+1","Strike_G","Strike_G","Strike_G","Survivor+1","Neutralize+1","Deadly Poison+1","Dagger Throw","Poisoned Stab+1","Malaise+1","Dodge and Roll","Dodge and Roll"],"relics":["Ring of the Snake","NeowsBlessing","The Specimen","Pen Nib","Pear","Vajra"],"potions_floor_usage":[16,16],"damage_taken":[{"damage":0,"enemies":"Small Slimes","floor":1,"turns":1},{"damage":0,"enemies":"Jaw Worm","floor":4,"turns":1},{"damage":0,"enemies":"Cultist","floor":5,"turns":1},{"damage":1,"enemies":"3 Louse","floor":10,"turns":3},{"damage":7,"enemies":"Blue Slaver","floor":12,"turns":3},{"damage":0,"enemies":"Red Slaver","floor":14,"turns":6},{"damage":39,"enemies":"Slime Boss","floor":16,"turns":9}],"seed_played":"8030571636832235198","potions_obtained":[{"floor":1,"key":"SteroidPotion"},{"floor":10,"key":"SkillPotion"},{"floor":12,"key":"SkillPotion"},{"floor":14,"key":"SpeedPotion"}],"is_trial":false,"path_per_floor":["M","?","?","M","M","R","?","R","T","M","T","M","R","M","R","B"],"character_chosen":"THE_SILENT","items_purchased":[],"campfire_rested":0,"item_purchase_floors":[],"current_hp_per_floor":[59,54,54,54,54,54,34,34,44,43,43,36,36,36,36,0],"gold":278,"neow_bonus":"THREE_ENEMY_KILL","is_prod":false,"is_daily":false,"chose_seed":false,"campfire_upgraded":4,"win_rate":0,"timestamp":1552159025,"path_taken":["M","?","?","M","?","R","?","R","T","M","?","M","R","M","R","BOSS"],"build_version":"2019-02-06","purchased_purges":0,"victory":false,"max_hp_per_floor":[66,66,66,66,66,66,66,66,76,76,76,76,76,76,76,76],"card_choices":[{"not_picked":["Bouncing Flask","Backflip"],"picked":"Deadly Poison","floor":1},{"not_picked":["Acrobatics","Unload"],"picked":"Dagger Throw","floor":4},{"not_picked":["Choke","Backflip"],"picked":"Poisoned Stab","floor":5},{"not_picked":["Flying Knee","Bane"],"picked":"Malaise","floor":10},{"not_picked":["Masterful Stab","Bane"],"picked":"Dodge and Roll","floor":12},{"not_picked":["Slice","Deflect"],"picked":"Dodge and Roll","floor":14}],"player_experience":1167557,"relics_obtained":[{"floor":9,"key":"Pear"},{"floor":11,"key":"Vajra"}],"event_choices":[{"damage_healed":0,"gold_gain":0,"player_choice":"Success","damage_taken":5,"relics_obtained":["The Specimen"],"max_hp_gain":0,"max_hp_loss":0,"event_name":"Scrap Ooze","floor":2,"gold_loss":0},{"damage_healed":0,"gold_gain":0,"player_choice":"Gave Potion","damage_taken":0,"relics_obtained":["Pen Nib"],"max_hp_gain":0,"max_hp_loss":0,"event_name":"WeMeetAgain","floor":3,"gold_loss":0},{"damage_healed":0,"gold_gain":0,"player_choice":"Entered Light","damage_taken":20,"max_hp_gain":0,"max_hp_loss":0,"event_name":"Shining Light","floor":7,"gold_loss":0,"cards_upgraded":["Strike_G","Survivor"]}],"is_beta":true,"boss_relics":[],"items_purged_floors":[],"is_endless":false,"potions_floor_spawned":[1,10,12,14],"killed_by":"Slime Boss","ascension_level":20}