{"gold_per_floor":[111,186,361,380,400,400,427,427,427,427,485,505,505,519,519,616,616,626,21,33,47,66,95,95,125,193,193,203,233,233,250,250,348,348,364,75,175,175,192,192,227,227,254,254,254,281,311,211,211,211,211,211,59,87,87],"floor_reached":56,"playtime":6419,"items_purged":["Doubt","Writhe"],"score":1494,"play_id":"4003d2b4-0208-4bb2-96b7-9c82201f5ee0","local_time":"20190422124638","is_ascension_mode":true,"campfire_choices":[{"data":"Mayhem","floor":6.0,"key":"SMITH"},{"floor":8.0,"key":"REST"},{"floor":10.0,"key":"REST"},{"data":"Bash","floor":13.0,"key":"SMITH"},{"data":"True Grit","floor":15.0,"key":"SMITH"},{"data":"Armaments","floor":24.0,"key":"SMITH"},{"data":"Havoc","floor":30.0,"key":"SMITH"},{"data":"Flame Barrier","floor":32.0,"key":"SMITH"},{"data":"Jack Of All Trades","floor":40,"key":"SMITH"},{"floor":42,"key":"RECALL"},{"data":"Body Slam","floor":44,"key":"SMITH"},{"data":"Strike_R","floor":49,"key":"PURGE"},{"data":"Strike_R","floor":52,"key":"PURGE"}],"neow_cost":"PERCENT_DAMAGE","seed_source_timestamp":0,"circlet_count":0,"master_deck":["Strike_R","Strike_R","Strike_R","Defend_R","Defend_R","Defend_R","Bash+1","Mayhem+1","Jack Of All Trades+1","Iron Wave","Iron Wave","True Grit+1","Feel No Pain","Dropkick","Clothesline","Shockwave","Reaper","Body Slam+1","Magnetism","Corruption","Armaments+1","Inflame+1","Iron Wave","Reaper","Havoc+1","Flame Barrier+1","Reaper","Metallicize+1","Shrug It Off+1","Finesse","Chrysalis","Panache","Havoc+1"],"special_seed":0,"relics":["Burning Blood","Dodecahedron","Blood Vial","Mummified Hand","Coffee Dripper","Calipers","Kunai","Magic Flower","Vajra","WingedGreaves","Mark of Pain","Unceasing Top","Torii","Happy Flower","Boot","Peace Pipe","Anchor","Pen Nib","Incense Burner"],"potions_floor_usage":[41,46,55],"damage_taken":[{"damage":6.0,"enemies":"Cultist","floor":1.0,"turns":3.0},{"damage":0.0,"enemies":"Small Slimes","floor":4.0,"turns":4.0},{"damage":0.0,"enemies":"2 Louse","floor":5.0,"turns":2.0},{"damage":52.0,"enemies":"Lagavulin","floor":7.0,"turns":9.0},{"damage":13.0,"enemies":"3 Sentries","floor":11.0,"turns":14.0},{"damage":13.0,"enemies":"Exordium Wildlife","floor":12.0,"turns":6.0},{"damage":0.0,"enemies":"2 Fungi Beasts","floor":14.0,"turns":4.0},{"damage":28.0,"enemies":"The Guardian","floor":16.0,"turns":11.0},{"damage":19.0,"enemies":"2 Thieves","floor":18.0,"turns":5.0},{"damage":9.0,"enemies":"3 Byrds","floor":20.0,"turns":5.0},{"damage":24.0,"enemies":"Snake Plant","floor":21.0,"turns":6.0},{"damage":16.0,"enemies":"Centurion and Healer","floor":22.0,"turns":6.0},{"damage":33.0,"enemies":"Slavers","floor":23.0,"turns":7.0},{"damage":40.0,"enemies":"Gremlin Leader","floor":25.0,"turns":6.0},{"damage":10.0,"enemies":"3 Cultists","floor":28.0,"turns":5.0},{"damage":21.0,"enemies":"Book of Stabbing","floor":29.0,"turns":6.0},{"damage":5.0,"enemies":"Cultist and Chosen","floor":31.0,"turns":5.0},{"damage":3.0,"enemies":"Champ","floor":33.0,"turns":8.0},{"damage":11.0,"enemies":"Orb Walker","floor":35.0,"turns":3.0},{"damage":5.0,"enemies":"Mind Bloom Boss Battle","floor":37.0,"turns":6.0},{"damage":11.0,"enemies":"3 Shapes","floor":39.0,"turns":5.0},{"damage":8,"enemies":"Giant Head","floor":41,"turns":8},{"damage":27,"enemies":"Reptomancer","floor":46,"turns":4},{"damage":0,"enemies":"Nemesis","floor":47,"turns":7},{"damage":6,"enemies":"Donu and Deca","floor":50,"turns":7},{"damage":20,"enemies":"Shield and Spear","floor":54,"turns":5},{"damage":34,"enemies":"The Heart","floor":55,"turns":7}],"seed_played":"8792971399758761663","potions_obtained":[{"floor":1.0,"key":"Weak Potion"},{"floor":12.0,"key":"SneckoOil"},{"floor":14.0,"key":"GamblersBrew"},{"floor":18.0,"key":"Dexterity Potion"},{"floor":22.0,"key":"Fire Potion"},{"floor":25.0,"key":"FearPotion"},{"floor":33.0,"key":"EssenceOfSteel"},{"floor":37.0,"key":"Explosive Potion"},{"floor":41,"key":"SteroidPotion"},{"floor":54,"key":"Weak Potion"}],"is_trial":false,"path_per_floor":["M","?","?","M","M","R","E","R","T","R","?","M","R","M","R","B",null,"M","$","M","M","M","E","R","E","T","?","M","E","R","M","R","B",null,"M","$","?","?","M","R","E","R","T","R","?","E","E","$","R","B",null,"R","$","E","B",null],"character_chosen":"IRONCLAD","items_purchased":["Magnetism","Corruption","Calipers","Unceasing Top","Pen Nib"],"campfire_rested":2,"item_purchase_floors":[19,19,19,36,53],"current_hp_per_floor":[56,45,45,51,57,57,11,35,35,59,54,49,49,57,57,37,80,67,67,72,60,56,55,55,38,38,38,80,80,80,80,80,80,80,80,80,80,70,80,80,80,80,80,80,80,80,80,80,80,80,80,80,80,80,80],"gold":87,"neow_bonus":"RANDOM_COLORLESS_2","is_prod":false,"is_daily":false,"chose_seed":false,"campfire_upgraded":8,"win_rate":0,"timestamp":1555933598,"path_taken":["M","?","?","M","M","R","E","R","T","R","?","?","R","M","R","BOSS","M","$","M","M","M","E","R","E","T","?","M","E","R","M","R","BOSS","M","$","?","?","M","R","E","R","T","R","?","E","E","$","R","BOSS","R","$","E","BOSS"],"build_version":"2019-01-23","purchased_purges":2,"victory":true,"max_hp_per_floor":[80,80,80,80,80,80,80,80,80,80,80,80,80,80,80,80,80,80,80,80,80,80,80,80,80,80,80,80,80,80,80,80,80,80,80,80,80,80,80,80,80,80,80,80,80,80,80,80,80,80,80,80,80,80,80],"card_choices":[{"not_picked":["Clash","Sword Boomerang"],"picked":"Iron Wave","floor":1.0},{"not_picked":["Sever Soul","Flex"],"picked":"Iron Wave","floor":4.0},{"not_picked":["Pummel","Reckless Charge"],"picked":"True Grit","floor":5.0},{"not_picked":["Blood for Blood","Fire Breathing"],"picked":"Feel No Pain","floor":7.0},{"not_picked":["Wild Strike","Entrench"],"picked":"Dropkick","floor":11.0},{"not_picked":["Anger","Blood for Blood"],"picked":"Clothesline","floor":12.0},{"not_picked":["True Grit","Anger"],"picked":"Shockwave","floor":14.0},{"not_picked":["Berserk","Offering"],"picked":"Reaper","floor":16.0},{"not_picked":["Perfected Strike","Clash"],"picked":"Body Slam","floor":18.0},{"not_picked":["Havoc+1","Barricade"],"picked":"Armaments","floor":20.0},{"not_picked":["Flex","Perfected Strike"],"picked":"Inflame+1","floor":21.0},{"not_picked":["Corruption","Sword Boomerang"],"picked":"Iron Wave","floor":22.0},{"not_picked":["Heavy Blade","Thunderclap","Perfected Strike+1"],"picked":"SKIP","floor":23.0},{"not_picked":["Dual Wield+1","Sword Boomerang+1"],"picked":"Reaper","floor":25.0},{"not_picked":["Warcry+1","Seeing Red","Sentinel"],"picked":"SKIP","floor":28.0},{"not_picked":["Cleave","Clash"],"picked":"Havoc","floor":29.0},{"not_picked":["Sentinel+1","Carnage"],"picked":"Flame Barrier","floor":31.0},{"not_picked":["Barricade","Bludgeon"],"picked":"Reaper","floor":33.0},{"not_picked":["Searing Blow+1","Perfected Strike"],"picked":"Metallicize+1","floor":35.0},{"not_picked":["Wild Strike+1","Inflame"],"picked":"Shrug It Off+1","floor":37.0},{"not_picked":["Purity","Panacea"],"picked":"Finesse","floor":38.0},{"not_picked":["Madness","Panacea"],"picked":"Chrysalis","floor":38.0},{"not_picked":["Deep Breath","Dark Shackles"],"picked":"Panache","floor":38.0},{"not_picked":["Second Wind+1","Ghostly Armor","Headbutt"],"picked":"SKIP","floor":39.0},{"not_picked":["Sword Boomerang+1","Clash","Sever Soul+1"],"picked":"SKIP","floor":41},{"not_picked":["Power Through+1","Reckless Charge+1","Clothesline+1"],"picked":"SKIP","floor":46},{"not_picked":["Twin Strike+1","Clothesline"],"picked":"Havoc+1","floor":47},{"not_picked":["Wild Strike+1","Flex","Sword Boomerang"],"picked":"SKIP","floor":54}],"player_experience":176707,"relics_obtained":[{"floor":7.0,"key":"Dodecahedron"},{"floor":9.0,"key":"Blood Vial"},{"floor":11.0,"key":"Mummified Hand"},{"floor":23.0,"key":"Kunai"},{"floor":25.0,"key":"Magic Flower"},{"floor":29.0,"key":"WingedGreaves"},{"floor":37.0,"key":"Torii"},{"floor":41,"key":"Happy Flower"},{"floor":43,"key":"Boot"},{"floor":46,"key":"Peace Pipe"},{"floor":47,"key":"Anchor"},{"floor":54,"key":"Incense Burner"}],"event_choices":[{"damage_healed":0.0,"max_hp_gain":0.0,"max_hp_loss":0.0,"gold_gain":75.0,"event_name":"World of Goop","player_choice":"Gather Gold","floor":2.0,"gold_loss":0.0,"damage_taken":11.0},{"damage_healed":0.0,"max_hp_gain":0.0,"max_hp_loss":0.0,"gold_gain":175.0,"event_name":"Liars Game","player_choice":"AGREE","floor":3.0,"gold_loss":0.0,"damage_taken":0.0,"cards_obtained":["Doubt"]},{"damage_healed":0.0,"max_hp_gain":0.0,"max_hp_loss":0.0,"gold_gain":30.0,"event_name":"Dead Adventurer","player_choice":"Searched \u00273\u0027 times","floor":11.0,"gold_loss":0.0,"damage_taken":0.0},{"damage_healed":0.0,"max_hp_gain":0.0,"max_hp_loss":0.0,"gold_gain":0.0,"event_name":"The Mausoleum","player_choice":"Opened","floor":27.0,"gold_loss":0.0,"damage_taken":0.0,"relics_obtained":["Vajra"],"cards_obtained":["Writhe"]},{"damage_healed":0.0,"max_hp_gain":0.0,"max_hp_loss":0.0,"gold_gain":0.0,"event_name":"MindBloom","player_choice":"Fight","floor":37.0,"gold_loss":0.0,"damage_taken":0.0},{"damage_healed":0.0,"max_hp_gain":0.0,"max_hp_loss":0.0,"gold_gain":0.0,"event_name":"SensoryStone","player_choice":"Memory 3","floor":38.0,"gold_loss":0.0,"damage_taken":10.0},{"cards_removed":["Defend_R"],"damage_healed":0,"gold_gain":0,"player_choice":"Removed Skill","damage_taken":0,"max_hp_gain":0,"max_hp_loss":0,"event_name":"Falling","floor":45,"gold_loss":0}],"is_beta":false,"boss_relics":[{"not_picked":["Eternal Feather","Runic Cube"],"picked":"Coffee Dripper"},{"not_picked":["Empty Cage","Calling Bell"],"picked":"Mark of Pain"}],"items_purged_floors":[19,48],"is_endless":false,"potions_floor_spawned":[1,12,14,18,22,25,33,37,41,54],"ascension_level":4}