{"gold_per_floor":[359,509,509,528,145,145,161,189,212,244,244,244,273,292,292,369,369,380,380,380,61,78,78,88,88,112,4,18,18,28,42,42,42],"floor_reached":33,"playtime":1858,"items_purged":["Doubt","Writhe"],"score":530,"play_id":"f73bc822-bd38-4f7d-a83a-b7bd0c19c488","local_time":"20190408232303","is_ascension_mode":true,"campfire_choices":[{"data":"Noxious Fumes","floor":6,"key":"SMITH"},{"data":"Skewer","floor":11,"key":"SMITH"},{"floor":15,"key":"REST"},{"data":"Footwork","floor":23,"key":"SMITH"},{"data":"Backstab","floor":25,"key":"SMITH"},{"floor":29,"key":"REST"},{"floor":32,"key":"REST"}],"neow_cost":"TEN_PERCENT_HP_LOSS","seed_source_timestamp":650890860837640,"circlet_count":0,"master_deck":["AscendersBane","Defend_G","Defend_G","Defend_G","Defend_G","Defend_G","Strike_G","Strike_G","Strike_G","Strike_G","Survivor","Neutralize","Footwork+1","Skewer+1","Noxious Fumes+1","Escape Plan","Backstab+1","Corpse Explosion","Prepared","Crippling Poison","A Thousand Cuts","Well Laid Plans","Wraith Form v2","Concentrate+1"],"relics":["Ring of the Snake","Strawberry","Bag of Marbles","Regal Pillow","Oddly Smooth Stone","Torii","Black Star","Kunai","Bag of Preparation","Potion Belt"],"potions_floor_usage":[8,10,22,30,31,33],"damage_taken":[{"damage":1,"enemies":"Jaw Worm","floor":1,"turns":5},{"damage":1,"enemies":"2 Louse","floor":4,"turns":5},{"damage":1,"enemies":"Cultist","floor":7,"turns":4},{"damage":16,"enemies":"Lagavulin","floor":8,"turns":8},{"damage":27,"enemies":"Gremlin Nob","floor":10,"turns":4},{"damage":14,"enemies":"Lagavulin","floor":13,"turns":8},{"damage":0,"enemies":"2 Fungi Beasts","floor":14,"turns":1},{"damage":21,"enemies":"The Guardian","floor":16,"turns":10},{"damage":12,"enemies":"Chosen","floor":18,"turns":5},{"damage":9,"enemies":"2 Thieves","floor":22,"turns":3},{"damage":13,"enemies":"Snake Plant","floor":24,"turns":4},{"damage":22,"enemies":"Shelled Parasite and Fungi","floor":28,"turns":10},{"damage":0,"enemies":"Cultist and Chosen","floor":30,"turns":3},{"damage":23,"enemies":"Sentry and Sphere","floor":31,"turns":5},{"damage":100,"enemies":"Collector","floor":33,"turns":8}],"seed_played":"6573519487231105548","potions_obtained":[{"floor":4,"key":"LiquidBronze"},{"floor":7,"key":"AttackPotion"},{"floor":16,"key":"Fire Potion"},{"floor":24,"key":"Fire Potion"}],"is_trial":false,"path_per_floor":["M","?","?","M","$","R","M","E","T","E","R","?","E","M","R","B",null,"M","?","?","$","M","R","M","R","T","$","M","R","M","M","R","B"],"character_chosen":"THE_SILENT","items_purchased":["Noxious Fumes","Strawberry","Strength Potion","Bag of Preparation","SteroidPotion","Weak Potion","Explosive Potion"],"campfire_rested":3,"item_purchase_floors":[5,5,5,21,21,27,27],"current_hp_per_floor":[58,58,63,62,69,69,68,52,52,25,25,25,11,11,47,26,61,49,63,63,63,54,54,41,41,41,41,19,55,55,32,68,0],"gold":42,"neow_bonus":"TWO_FIFTY_GOLD","is_prod":false,"is_daily":false,"chose_seed":false,"campfire_upgraded":4,"win_rate":0,"timestamp":1554780183,"path_taken":["M","?","?","M","$","R","M","E","T","E","R","?","E","M","R","BOSS","M","?","?","$","M","R","M","R","T","$","M","R","?","?","R","BOSS"],"build_version":"2019-01-23","purchased_purges":2,"victory":false,"max_hp_per_floor":[60,60,65,65,72,72,72,72,72,72,72,72,72,72,72,72,72,72,72,72,72,72,72,72,72,72,72,72,72,72,72,72,72],"card_choices":[{"not_picked":["Backflip","Deadly Poison"],"picked":"Footwork","floor":1},{"not_picked":["Underhanded Strike","Tactician"],"picked":"Skewer","floor":4},{"not_picked":["Quick Slash","Underhanded Strike"],"picked":"Escape Plan","floor":7},{"not_picked":["Crippling Poison","Tactician"],"picked":"Backstab","floor":8},{"not_picked":["Reflex","Blade Dance"],"picked":"Corpse Explosion","floor":10},{"not_picked":["Outmaneuver","Flying Knee","Skewer"],"picked":"SKIP","floor":13},{"not_picked":["Catalyst","Backstab"],"picked":"Crippling Poison","floor":14},{"not_picked":["Malaise","Die Die Die"],"picked":"A Thousand Cuts","floor":16},{"not_picked":["Deadly Poison","Calculated Gamble","Bane+1"],"picked":"SKIP","floor":18},{"not_picked":["Accuracy","Poisoned Stab","Blade Dance"],"picked":"SKIP","floor":22},{"not_picked":["Cloak And Dagger","Dagger Throw"],"picked":"Well Laid Plans","floor":24},{"not_picked":["Slice+1","Bane","Finisher+1"],"picked":"SKIP","floor":28},{"not_picked":["Flying Knee","Acrobatics"],"picked":"Wraith Form v2","floor":30},{"not_picked":["Reflex","Predator"],"picked":"Concentrate+1","floor":31}],"player_experience":1755737,"relics_obtained":[{"floor":8,"key":"Bag of Marbles"},{"floor":9,"key":"Regal Pillow"},{"floor":10,"key":"Oddly Smooth Stone"},{"floor":13,"key":"Torii"},{"floor":26,"key":"Potion Belt"}],"event_choices":[{"damage_healed":0,"gold_gain":150,"player_choice":"AGREE","damage_taken":0,"max_hp_gain":0,"max_hp_loss":0,"event_name":"Liars Game","floor":2,"gold_loss":0,"cards_obtained":["Doubt"]},{"damage_healed":0,"gold_gain":0,"player_choice":"Donut","damage_taken":0,"max_hp_gain":5,"max_hp_loss":0,"event_name":"Big Fish","floor":3,"gold_loss":0},{"damage_healed":0,"gold_gain":0,"cards_transformed":["Strike_G"],"player_choice":"Transformed","damage_taken":0,"max_hp_gain":0,"max_hp_loss":0,"event_name":"Transmorgrifier","floor":12,"gold_loss":0,"cards_obtained":["Prepared"]},{"damage_healed":14,"gold_gain":0,"player_choice":"Heal","damage_taken":0,"max_hp_gain":0,"max_hp_loss":0,"event_name":"The Library","floor":19,"gold_loss":0},{"damage_healed":0,"gold_gain":0,"player_choice":"Opened","damage_taken":0,"relics_obtained":["Kunai"],"max_hp_gain":0,"max_hp_loss":0,"event_name":"The Mausoleum","floor":20,"gold_loss":0,"cards_obtained":["Writhe"]}],"is_beta":false,"boss_relics":[{"not_picked":["Coffee Dripper","Runic Pyramid"],"picked":"Black Star"}],"items_purged_floors":[5,21],"is_endless":false,"potions_floor_spawned":[4,7,16,24,28],"killed_by":"Collector","ascension_level":20}