{"gold_per_floor":[112,125,105,120,30,30,50,70,70,87,87,115,115,115,115,213,213,232,232,6,25,48,48,48],"floor_reached":24,"playtime":972,"items_purged":[],"score":396,"play_id":"0e9c7576-aacf-41b9-804e-bc52cb85342e","local_time":"20190423000248","is_ascension_mode":true,"campfire_choices":[{"data":"Choke","floor":6,"key":"SMITH"},{"data":"Neutralize","floor":11,"key":"SMITH"},{"data":"Footwork","floor":13,"key":"SMITH"},{"data":"Noxious Fumes","floor":15,"key":"SMITH"},{"data":"Backstab","floor":23,"key":"SMITH"}],"neow_cost":"NONE","seed_source_timestamp":21339906456772,"circlet_count":0,"master_deck":["AscendersBane","Defend_G","Defend_G","Defend_G","Defend_G","Defend_G","Strike_G","Strike_G","Strike_G","Strike_G","Strike_G","Survivor","Neutralize+1","Predator","Choke+1","Backstab+1","Footwork+1","Noxious Fumes+1","Caltrops","Dodge and Roll","Malaise","Acrobatics","Burst","Cloak And Dagger+1","Backflip"],"relics":["Ring of the Snake","NeowsBlessing","Shovel","Gremlin Horn","Golden Idol","Coffee Dripper","TwistedFunnel"],"potions_floor_usage":[7,12,16,21,24],"damage_taken":[{"damage":0,"enemies":"Cultist","floor":1,"turns":1},{"damage":0,"enemies":"Jaw Worm","floor":2,"turns":1},{"damage":0,"enemies":"Small Slimes","floor":4,"turns":1},{"damage":1,"enemies":"Red Slaver","floor":7,"turns":2},{"damage":3,"enemies":"Looter","floor":8,"turns":2},{"damage":16,"enemies":"Exordium Wildlife","floor":10,"turns":6},{"damage":20,"enemies":"Lagavulin","floor":12,"turns":8},{"damage":8,"enemies":"The Guardian","floor":16,"turns":10},{"damage":26,"enemies":"Shell Parasite","floor":18,"turns":6},{"damage":4,"enemies":"Chosen","floor":21,"turns":5},{"damage":1,"enemies":"Centurion and Healer","floor":22,"turns":8},{"damage":20,"enemies":"Gremlin Leader","floor":24,"turns":7}],"seed_played":"-3878772375427023431","potions_obtained":[{"floor":1,"key":"Ancient Potion"},{"floor":3,"key":"SneckoOil"},{"floor":7,"key":"SmokeBomb"},{"floor":10,"key":"Energy Potion"},{"floor":12,"key":"Poison Potion"},{"floor":16,"key":"AttackPotion"}],"is_trial":false,"path_per_floor":["M","M","?","M","$","R","M","M","T","M","R","E","R","?","R","B",null,"M","?","$","M","M","R","E"],"character_chosen":"THE_SILENT","items_purchased":["Footwork","TwistedFunnel"],"campfire_rested":0,"item_purchase_floors":[5,20],"current_hp_per_floor":[59,59,59,59,59,59,58,55,55,39,39,19,19,19,19,11,48,22,22,22,18,17,17,0],"gold":48,"neow_bonus":"THREE_ENEMY_KILL","is_prod":false,"is_daily":false,"chose_seed":false,"campfire_upgraded":5,"win_rate":0,"timestamp":1555992168,"path_taken":["M","?","?","M","$","R","M","?","T","M","R","E","R","?","R","BOSS","M","?","$","M","M","R","E"],"build_version":"2019-01-23","purchased_purges":0,"victory":false,"max_hp_per_floor":[66,66,66,66,66,66,66,66,66,66,66,66,66,60,60,60,60,60,60,60,60,60,60,60],"card_choices":[{"not_picked":["Finisher","Tactician"],"picked":"Predator","floor":1},{"not_picked":["Deflect","Flying Knee"],"picked":"Choke","floor":2},{"not_picked":["Catalyst","PiercingWail"],"picked":"Backstab","floor":4},{"not_picked":["Deflect","Backflip"],"picked":"Noxious Fumes","floor":7},{"not_picked":["Sucker Punch","Flying Knee","Quick Slash"],"picked":"SKIP","floor":8},{"not_picked":["Riddle With Holes","Tools of the Trade"],"picked":"Caltrops","floor":10},{"not_picked":["Flying Knee","Calculated Gamble"],"picked":"Dodge and Roll","floor":12},{"not_picked":["Grand Finale","Storm of Steel"],"picked":"Malaise","floor":16},{"not_picked":["Outmaneuver","Poisoned Stab"],"picked":"Acrobatics","floor":18},{"not_picked":["Sucker Punch","Backflip"],"picked":"Cloak And Dagger+1","floor":21},{"not_picked":["Quick Slash","Dagger Spray"],"picked":"Backflip","floor":22}],"player_experience":1876499,"relics_obtained":[{"floor":9,"key":"Shovel"},{"floor":12,"key":"Gremlin Horn"}],"event_choices":[{"damage_healed":0,"gold_gain":0,"player_choice":"Bought 1 Potion","damage_taken":0,"max_hp_gain":0,"max_hp_loss":0,"event_name":"The Woman in Blue","floor":3,"gold_loss":0},{"damage_healed":0,"gold_gain":0,"player_choice":"Lose Max HP","damage_taken":0,"relics_obtained":["Golden Idol"],"max_hp_gain":0,"max_hp_loss":6,"event_name":"Golden Idol","floor":14,"gold_loss":0},{"damage_healed":0,"gold_gain":0,"player_choice":"1 cards matched","damage_taken":0,"max_hp_gain":0,"max_hp_loss":0,"event_name":"Match and Keep!","floor":19,"gold_loss":0,"cards_obtained":["Burst"]}],"is_beta":false,"boss_relics":[{"not_picked":["Ectoplasm","Eternal Feather"],"picked":"Coffee Dripper"}],"items_purged_floors":[],"is_endless":false,"potions_floor_spawned":[1,7,10,12,16],"killed_by":"Gremlin Leader","ascension_level":20}