{"gold_per_floor":[363,363,377,40,40,40,71,88,88,88,123,142,142,160,160,234,234,244,65,82,82,32,32,43,56,80,111,111,111,122,138,138,214,214,232,232,244,260,277,289,323,323,323,356,376,390,390,265,265,265,265,265,72,107,107],"floor_reached":56,"playtime":2440,"items_purged":["Strike_G","Strike_G","Strike_G+1"],"score":2016,"play_id":"7c51ab1d-2fb5-41e5-be9f-3e757fe65773","local_time":"20190322232905","is_ascension_mode":true,"campfire_choices":[{"data":"Poisoned Stab","floor":6,"key":"SMITH"},{"floor":10,"key":"REST"},{"data":"Neutralize","floor":13,"key":"SMITH"},{"data":"Footwork","floor":15,"key":"SMITH"},{"data":"Envenom","floor":23,"key":"SMITH"},{"floor":28,"key":"REST"},{"floor":32,"key":"REST"},{"floor":42,"key":"RECALL"},{"floor":47,"key":"REST"},{"floor":49,"key":"REST"},{"floor":52,"key":"REST"}],"neow_cost":"TEN_PERCENT_HP_LOSS","seed_source_timestamp":820047057622956,"circlet_count":0,"master_deck":["AscendersBane","Defend_G","Defend_G","Defend_G","Defend_G+1","Defend_G","Strike_G+1","Survivor","Neutralize+1","Blur","Sucker Punch","Footwork+1","Poisoned Stab+1","Noxious Fumes","Blur","Noxious Fumes","Footwork","Cloak And Dagger+1","Envenom+1","Bane+1","Calculated Gamble","Footwork+1","Flechettes","Blur","Malaise","Corpse Explosion+1","Backflip","Blur+1","Escape Plan+1","Wraith Form v2","PiercingWail"],"relics":["Ring of the Snake","Dream Catcher","Snake Skull","StoneCalendar","Mercury Hourglass","Nunchaku","Runic Pyramid","Ancient Tea Set","Whetstone","Fusion Hammer","Thread and Needle","Pen Nib","ClockworkSouvenir","Bag of Marbles"],"potions_floor_usage":[7,11,41,55],"damage_taken":[{"damage":0,"enemies":"2 Louse","floor":1,"turns":4},{"damage":1,"enemies":"Jaw Worm","floor":3,"turns":6},{"damage":19,"enemies":"Gremlin Nob","floor":7,"turns":4},{"damage":0,"enemies":"Cultist","floor":8,"turns":4},{"damage":2,"enemies":"3 Sentries","floor":11,"turns":5},{"damage":0,"enemies":"2 Fungi Beasts","floor":12,"turns":4},{"damage":6,"enemies":"Lots of Slimes","floor":14,"turns":4},{"damage":10,"enemies":"Hexaghost","floor":16,"turns":9},{"damage":11,"enemies":"3 Byrds","floor":18,"turns":5},{"damage":0,"enemies":"Shell Parasite","floor":20,"turns":7},{"damage":0,"enemies":"Chosen and Byrds","floor":24,"turns":6},{"damage":0,"enemies":"Snake Plant","floor":25,"turns":5},{"damage":15,"enemies":"Gremlin Leader","floor":27,"turns":7},{"damage":0,"enemies":"Shelled Parasite and Fungi","floor":30,"turns":7},{"damage":0,"enemies":"Centurion and Healer","floor":31,"turns":5},{"damage":25,"enemies":"Collector","floor":33,"turns":9},{"damage":0,"enemies":"3 Darklings","floor":35,"turns":4},{"damage":0,"enemies":"3 Shapes","floor":37,"turns":2},{"damage":13,"enemies":"Jaw Worm Horde","floor":38,"turns":4},{"damage":0,"enemies":"Maw","floor":39,"turns":7},{"damage":7,"enemies":"4 Shapes","floor":40,"turns":3},{"damage":1,"enemies":"Reptomancer","floor":41,"turns":8},{"damage":0,"enemies":"Nemesis","floor":44,"turns":7},{"damage":0,"enemies":"Sphere and 2 Shapes","floor":45,"turns":4},{"damage":0,"enemies":"Jaw Worm Horde","floor":46,"turns":4},{"damage":18,"enemies":"Time Eater","floor":50,"turns":12},{"damage":21,"enemies":"Shield and Spear","floor":54,"turns":9},{"damage":20,"enemies":"The Heart","floor":55,"turns":12}],"seed_played":"-8009581537013543625","potions_obtained":[{"floor":1,"key":"Poison Potion"},{"floor":7,"key":"Energy Potion"},{"floor":14,"key":"SteroidPotion"},{"floor":16,"key":"LiquidBronze"},{"floor":40,"key":"SpeedPotion"},{"floor":44,"key":"Dexterity Potion"}],"is_trial":false,"path_per_floor":["M","?","M","$","?","R","E","M","T","R","E","M","R","M","R","B",null,"M","$","M","$","?","R","M","M","T","E","R","?","M","M","R","B",null,"M","?","M","M","M","M","E","R","T","E","M","M","R","$","R","B",null,"R","$","E","B",null],"character_chosen":"THE_SILENT","items_purchased":["Snake Skull","Footwork","Poisoned Stab","Calculated Gamble","ClockworkSouvenir"],"campfire_rested":6,"item_purchase_floors":[4,4,4,19,53],"current_hp_per_floor":[59,41,40,40,40,40,21,21,21,39,37,37,37,31,31,21,50,39,39,39,39,39,39,39,39,39,24,42,42,42,42,60,35,54,54,54,54,41,41,34,33,33,33,33,33,33,51,51,60,42,56,60,60,39,19],"gold":107,"neow_bonus":"TWO_FIFTY_GOLD","is_prod":false,"is_daily":false,"chose_seed":false,"campfire_upgraded":4,"win_rate":0,"timestamp":1553311745,"path_taken":["M","?","M","$","?","R","E","?","T","R","E","M","R","M","R","BOSS","M","$","M","$","?","R","?","?","T","E","R","?","M","M","R","BOSS","M","?","M","M","M","M","E","R","T","E","M","?","R","$","R","BOSS","R","$","E","BOSS"],"build_version":"2019-03-15","purchased_purges":3,"victory":true,"max_hp_per_floor":[60,60,60,60,60,60,60,60,60,60,60,60,60,60,60,60,60,60,60,60,60,60,60,60,60,60,60,60,60,60,60,60,60,60,60,60,60,60,60,60,60,60,60,60,60,60,60,60,60,60,60,60,60,60,60],"card_choices":[{"not_picked":["Expertise","Bane"],"picked":"Blur","floor":1},{"not_picked":["Cloak And Dagger","Concentrate"],"picked":"Sucker Punch","floor":3},{"not_picked":["Sucker Punch","Accuracy"],"picked":"Noxious Fumes","floor":7},{"not_picked":["Dodge and Roll","Riddle With Holes"],"picked":"Blur","floor":8},{"not_picked":["Eviscerate","Quick Slash"],"picked":"Noxious Fumes","floor":10},{"not_picked":["Tactician","Dagger Spray"],"picked":"Footwork","floor":11},{"not_picked":["Slice","Cloak And Dagger","Backstab"],"picked":"SKIP","floor":12},{"not_picked":["Quick Slash","Flying Knee"],"picked":"Cloak And Dagger","floor":14},{"not_picked":["Venomology","Glass Knife"],"picked":"Envenom","floor":16},{"not_picked":["Acrobatics","Prepared"],"picked":"Bane+1","floor":18},{"not_picked":["Acrobatics","Deadly Poison+1"],"picked":"Footwork+1","floor":20},{"not_picked":["Deflect","Blade Dance"],"picked":"Flechettes","floor":24},{"not_picked":["Backflip","Expertise"],"picked":"Blur","floor":25},{"not_picked":["Slice+1","Setup","Prepared"],"picked":"SKIP","floor":27},{"not_picked":["Dodge and Roll","Slice","Sucker Punch"],"picked":"SKIP","floor":30},{"not_picked":["Quick Slash","Eviscerate","Dagger Spray"],"picked":"SKIP","floor":31},{"not_picked":["Die Die Die","Unload"],"picked":"Corpse Explosion","floor":33},{"not_picked":["Leg Sweep","Calculated Gamble","Deadly Poison"],"picked":"SKIP","floor":35},{"not_picked":["Blade Dance","Underhanded Strike","Bane"],"picked":"SKIP","floor":37},{"not_picked":["All Out Attack","Endless Agony+1"],"picked":"Backflip","floor":38},{"not_picked":["Underhanded Strike","Eviscerate"],"picked":"Blur+1","floor":39},{"not_picked":["Sucker Punch","Bane","Escape Plan+1"],"picked":"SKIP","floor":40},{"not_picked":["Sucker Punch","Bane"],"picked":"Escape Plan+1","floor":40},{"not_picked":["Backflip","Dagger Spray","Dash"],"picked":"SKIP","floor":41},{"not_picked":["Noxious Fumes","Flying Knee","Dodge and Roll"],"picked":"SKIP","floor":44},{"not_picked":["Slice","Accuracy","Deflect"],"picked":"SKIP","floor":45},{"not_picked":["Backstab","Accuracy","Sucker Punch"],"picked":"SKIP","floor":46},{"not_picked":["Blade Dance","Well Laid Plans"],"picked":"Wraith Form v2","floor":47},{"not_picked":["Terror","After Image"],"picked":"PiercingWail","floor":52},{"not_picked":["Distraction","Skewer","Footwork"],"picked":"SKIP","floor":54}],"player_experience":2264426,"relics_obtained":[{"floor":7,"key":"StoneCalendar"},{"floor":9,"key":"Mercury Hourglass"},{"floor":11,"key":"Nunchaku"},{"floor":26,"key":"Ancient Tea Set"},{"floor":27,"key":"Whetstone"},{"floor":41,"key":"Thread and Needle"},{"floor":44,"key":"Pen Nib"},{"floor":54,"key":"Bag of Marbles"}],"event_choices":[{"damage_healed":0,"gold_gain":0,"player_choice":"Success","damage_taken":18,"relics_obtained":["Dream Catcher"],"max_hp_gain":0,"max_hp_loss":0,"event_name":"Scrap Ooze","floor":2,"gold_loss":0},{"cards_removed":["Strike_G"],"damage_healed":0,"gold_gain":0,"player_choice":"Offered Basic","damage_taken":0,"max_hp_gain":0,"max_hp_loss":0,"event_name":"Bonfire Elementals","floor":5,"gold_loss":0},{"damage_healed":0,"gold_gain":0,"player_choice":"Upgraded Two","damage_taken":0,"max_hp_gain":0,"max_hp_loss":0,"event_name":"Designer","floor":22,"gold_loss":50,"cards_upgraded":["Defend_G","Cloak And Dagger"]},{"damage_healed":0,"gold_gain":0,"player_choice":"Read","damage_taken":0,"max_hp_gain":0,"max_hp_loss":0,"event_name":"The Library","floor":29,"gold_loss":0,"cards_obtained":["Malaise"]},{"damage_healed":0,"gold_gain":0,"player_choice":"Upgraded","damage_taken":0,"max_hp_gain":0,"max_hp_loss":0,"event_name":"Upgrade Shrine","floor":36,"gold_loss":0,"cards_upgraded":["Corpse Explosion"]}],"is_beta":true,"boss_relics":[{"not_picked":["Busted Crown","HoveringKite"],"picked":"Runic Pyramid"},{"not_picked":["Cursed Key","Snecko Eye"],"picked":"Fusion Hammer"}],"items_purged_floors":[4,19,48],"is_endless":false,"potions_floor_spawned":[1,7,14,16,18,24,40,44,54],"ascension_level":15}