{"gold_per_floor":[110,124,124,134,59,59,108,133,133,133,158,83,96,108,108,184,184,194,34,34,49,67,97,108,108,108,108,120,120,154,54,54,128,128,148,148,148],"floor_reached":37,"playtime":1422,"items_purged":["Strike_R","Strike_R"],"score":864,"play_id":"e64e85e8-13f7-4722-9814-55db5462c0ee","local_time":"20190313004752","is_ascension_mode":true,"campfire_choices":[{"data":"Juggernaut","floor":6,"key":"SMITH"},{"data":"Body Slam","floor":15,"key":"SMITH"},{"floor":25,"key":"REST"},{"floor":29,"key":"REST"},{"floor":32,"key":"REST"}],"neow_cost":"NONE","seed_source_timestamp":826266545977188,"circlet_count":0,"master_deck":["AscendersBane","Strike_R+1","Strike_R+1","Defend_R","Defend_R","Defend_R+1","Defend_R+1","Bash","Metallicize","Juggernaut+1","Disarm","Ghostly Armor","Body Slam+1","Juggernaut","Shrug It Off","Metallicize","Entrench","Juggernaut","Inflame+1"],"relics":["Burning Blood","NeowsBlessing","War Paint","Charon\u0027s Ashes","Gremlin Horn","Singing Bowl","Fusion Hammer","Art of War","Pen Nib","Pantograph","WingedGreaves","Sozu"],"potions_floor_usage":[8,11,16,23,23,28,33,37],"damage_taken":[{"damage":0,"enemies":"Cultist","floor":1,"turns":1},{"damage":0,"enemies":"2 Louse","floor":2,"turns":1},{"damage":0,"enemies":"Small Slimes","floor":4,"turns":2},{"damage":24,"enemies":"Gremlin Nob","floor":8,"turns":4},{"damage":25,"enemies":"Lagavulin","floor":11,"turns":5},{"damage":14,"enemies":"Blue Slaver","floor":13,"turns":4},{"damage":1,"enemies":"3 Louse","floor":14,"turns":4},{"damage":0,"enemies":"Hexaghost","floor":16,"turns":9},{"damage":7,"enemies":"3 Byrds","floor":18,"turns":4},{"damage":20,"enemies":"Shell Parasite","floor":21,"turns":5},{"damage":29,"enemies":"Cultist and Chosen","floor":22,"turns":5},{"damage":27,"enemies":"Slavers","floor":23,"turns":6},{"damage":10,"enemies":"Shelled Parasite and Fungi","floor":24,"turns":4},{"damage":8,"enemies":"3 Cultists","floor":28,"turns":4},{"damage":7,"enemies":"Gremlin Leader","floor":30,"turns":5},{"damage":41,"enemies":"Champ","floor":33,"turns":10},{"damage":11,"enemies":"Orb Walker","floor":35,"turns":4},{"damage":110,"enemies":"2 Orb Walkers","floor":37,"turns":4}],"seed_played":"-249698813082396284","potions_obtained":[{"floor":2,"key":"AttackPotion"},{"floor":4,"key":"GamblersBrew"},{"floor":13,"key":"Weak Potion"},{"floor":16,"key":"Poison Potion"},{"floor":22,"key":"Poison Potion"},{"floor":23,"key":"Ancient Potion"},{"floor":24,"key":"Swift Potion"},{"floor":28,"key":"Strength Potion"},{"floor":33,"key":"Regen Potion"}],"is_trial":false,"path_per_floor":["M","M","?","M","?","R","T","E","T","?","E","$","M","M","R","B",null,"M","$","?","M","M","E","M","R","T","?","M","R","E","$","R","B",null,"M","?","?"],"character_chosen":"IRONCLAD","items_purchased":["Art of War"],"campfire_rested":3,"item_purchase_floors":[19],"current_hp_per_floor":[74,75,52,58,58,58,58,40,40,45,28,28,20,25,25,31,69,70,70,70,56,35,16,12,38,38,33,33,60,59,59,86,55,81,76,76,0],"gold":148,"neow_bonus":"THREE_ENEMY_KILL","is_prod":false,"is_daily":false,"chose_seed":false,"campfire_upgraded":2,"win_rate":0,"timestamp":1552452472,"path_taken":["M","?","?","M","?","R","?","E","T","?","E","$","?","M","R","BOSS","M","$","?","?","M","E","M","R","T","?","?","R","E","?","R","BOSS","M","?","?"],"build_version":"2019-01-23","purchased_purges":2,"victory":false,"max_hp_per_floor":[75,75,75,75,75,75,75,75,75,80,82,82,82,82,82,82,82,84,84,84,84,86,88,88,88,88,88,90,90,90,90,90,90,90,90,90,90],"card_choices":[{"not_picked":["Cleave","Anger"],"picked":"Metallicize","floor":1},{"not_picked":["Iron Wave","Inflame"],"picked":"Juggernaut","floor":2},{"not_picked":["Thunderclap","Uppercut"],"picked":"Disarm","floor":4},{"not_picked":["Cleave","Limit Break"],"picked":"Reckless Charge","floor":8},{"not_picked":["Clothesline","Havoc","Uppercut"],"picked":"Singing Bowl","floor":11},{"not_picked":["Carnage","Rampage"],"picked":"Ghostly Armor","floor":13},{"not_picked":["Inflame","Clash"],"picked":"Body Slam","floor":14},{"not_picked":["Dark Embrace","Brutality"],"picked":"Juggernaut","floor":16},{"not_picked":["Warcry","Headbutt","Twin Strike"],"picked":"Singing Bowl","floor":18},{"not_picked":["Sword Boomerang","Armaments"],"picked":"Shrug It Off","floor":21},{"not_picked":["Uppercut","Intimidate","Heavy Blade"],"picked":"Singing Bowl","floor":22},{"not_picked":["Pommel Strike","True Grit","Twin Strike"],"picked":"Singing Bowl","floor":23},{"not_picked":["Flex","Reckless Charge"],"picked":"Metallicize","floor":24},{"not_picked":["Iron Wave","Perfected Strike","Cleave"],"picked":"Singing Bowl","floor":28},{"not_picked":["Wild Strike","Carnage"],"picked":"Entrench","floor":30},{"not_picked":["Exhume","Fiend Fire"],"picked":"Juggernaut","floor":33},{"not_picked":["True Grit","Perfected Strike"],"picked":"Inflame+1","floor":35}],"player_experience":1063562,"relics_obtained":[{"floor":7,"key":"War Paint"},{"floor":8,"key":"Charon\u0027s Ashes"},{"floor":9,"key":"Gremlin Horn"},{"floor":11,"key":"Singing Bowl"},{"floor":23,"key":"Pen Nib"},{"floor":26,"key":"Pantograph"},{"floor":30,"key":"WingedGreaves"}],"event_choices":[{"damage_healed":0,"gold_gain":0,"player_choice":"Entered Light","damage_taken":23,"max_hp_gain":0,"max_hp_loss":0,"event_name":"Shining Light","floor":3,"gold_loss":0,"cards_upgraded":["Strike_R","Strike_R"]},{"cards_removed":["Strike_R"],"damage_healed":0,"gold_gain":0,"player_choice":"Card Removal","damage_taken":0,"max_hp_gain":0,"max_hp_loss":0,"event_name":"The Cleric","floor":5,"gold_loss":75},{"damage_healed":0,"gold_gain":0,"player_choice":"Donut","damage_taken":0,"max_hp_gain":5,"max_hp_loss":0,"event_name":"Big Fish","floor":10,"gold_loss":0},{"damage_healed":0,"gold_gain":0,"player_choice":"Ignored","damage_taken":0,"max_hp_gain":0,"max_hp_loss":0,"event_name":"N\u0027loth","floor":20,"gold_loss":0},{"damage_healed":0,"gold_gain":0,"player_choice":"Bought 0 Potions","damage_taken":0,"max_hp_gain":0,"max_hp_loss":0,"event_name":"The Woman in Blue","floor":27,"gold_loss":0},{"cards_removed":["Reckless Charge"],"damage_healed":0,"gold_gain":0,"player_choice":"Removed Attack","damage_taken":0,"max_hp_gain":0,"max_hp_loss":0,"event_name":"Falling","floor":36,"gold_loss":0},{"damage_healed":0,"gold_gain":0,"player_choice":"Fight","damage_taken":0,"max_hp_gain":0,"max_hp_loss":0,"event_name":"Mysterious Sphere","floor":37,"gold_loss":0}],"is_beta":false,"boss_relics":[{"not_picked":["Calling Bell","Snecko Eye"],"picked":"Fusion Hammer"},{"not_picked":["Cursed Key","Black Blood"],"picked":"Sozu"}],"items_purged_floors":[12,31],"is_endless":false,"potions_floor_spawned":[2,4,13,16,22,23,24,28,33],"killed_by":"2 Orb Walkers","ascension_level":17}