{"gold_per_floor":[115,128,128,128,153,153,197,197,272,310,48,48,48,83,83,174,174,198,222,222,242,262,262,297,297,297,297,297,297,422,422,422,515,515,533,547,605,629,629,629,629,673,673,673,673,691,98,123,123,123],"floor_reached":51,"playtime":3709,"items_purged":["Injury"],"score":1319,"play_id":"96e03c00-d45f-418f-b71f-97d59f5b984c","local_time":"20190322234002","is_ascension_mode":true,"campfire_choices":[{"data":"Dualcast","floor":6,"key":"SMITH"},{"data":"Conserve Battery","floor":8,"key":"SMITH"},{"data":"Buffer","floor":15,"key":"SMITH"},{"data":"Hologram","floor":23,"key":"SMITH"},{"data":"White Noise","floor":25,"key":"SMITH"},{"data":"Self Repair","floor":27,"key":"SMITH"},{"data":"Core Surge","floor":29,"key":"SMITH"},{"data":"Core Surge","floor":32,"key":"SMITH"},{"data":"Echo Form","floor":40,"key":"SMITH"},{"data":"Reboot","floor":44,"key":"SMITH"},{"data":"Seek","floor":49,"key":"SMITH"}],"neow_cost":"NONE","seed_source_timestamp":508378031119652,"circlet_count":0,"master_deck":["AscendersBane","Defend_B","Defend_B","Defend_B","Zap+1","Dualcast+1","Conserve Battery+1","Compile Driver","Glacier","Reboot+1","Hologram+1","Defragment+1","Core Surge+1","Buffer+1","Core Surge+1","Cold Snap+1","White Noise+1","Self Repair+1","Undo","Leap","Bite","Bite","Bite","Bite","Bite","Echo Form+1","Ball Lightning","Cold Snap","Seek+1","Coolheaded+1"],"relics":["Cracked Core","Golden Idol","Vajra","Cables","Gremlin Horn","Shuriken","Nuclear Battery","Nilry\u0027s Codex","Mummified Hand","Mango","Omamori","Dead Branch","Sundial","Busted Crown","Turnip","Pocketwatch","Potion Belt","Runic Capacitor","Pen Nib"],"potions_floor_usage":[18,22,24,24,30,35,42,46,50,50],"damage_taken":[{"damage":2,"enemies":"Jaw Worm","floor":1,"turns":4},{"damage":5,"enemies":"2 Louse","floor":2,"turns":2},{"damage":1,"enemies":"Small Slimes","floor":5,"turns":2},{"damage":15,"enemies":"Lagavulin","floor":7,"turns":9},{"damage":13,"enemies":"Gremlin Nob","floor":10,"turns":3},{"damage":20,"enemies":"3 Sentries","floor":14,"turns":6},{"damage":2,"enemies":"Slime Boss","floor":16,"turns":11},{"damage":0,"enemies":"3 Byrds","floor":18,"turns":3},{"damage":0,"enemies":"Spheric Guardian","floor":19,"turns":3},{"damage":8,"enemies":"Snake Plant","floor":21,"turns":4},{"damage":0,"enemies":"Chosen and Byrds","floor":22,"turns":3},{"damage":23,"enemies":"Book of Stabbing","floor":24,"turns":7},{"damage":0,"enemies":"Colosseum Slavers","floor":30,"turns":4},{"damage":2,"enemies":"Colosseum Nobs","floor":30,"turns":5},{"damage":0,"enemies":"Collector","floor":33,"turns":11},{"damage":0,"enemies":"3 Shapes","floor":35,"turns":1},{"damage":2,"enemies":"3 Darklings","floor":36,"turns":3},{"damage":25,"enemies":"2 Orb Walkers","floor":37,"turns":5},{"damage":11,"enemies":"Spire Growth","floor":38,"turns":4},{"damage":0,"enemies":"Giant Head","floor":42,"turns":8},{"damage":0,"enemies":"Transient","floor":46,"turns":5},{"damage":31,"enemies":"Jaw Worm Horde","floor":48,"turns":4},{"damage":0,"enemies":"Awakened One","floor":50,"turns":10}],"seed_played":"-1848099381958172563","potions_obtained":[{"floor":2,"key":"LiquidBronze"},{"floor":16,"key":"Energy Potion"},{"floor":21,"key":"Swift Potion"},{"floor":22,"key":"Poison Potion"},{"floor":24,"key":"PowerPotion"},{"floor":33,"key":"Swift Potion"},{"floor":36,"key":"GamblersBrew"},{"floor":37,"key":"Strength Potion"},{"floor":38,"key":"Energy Potion"},{"floor":42,"key":"FearPotion"},{"floor":48,"key":"GamblersBrew"}],"is_trial":false,"path_per_floor":["M","M","?","?","M","R","E","R","T","E","$","?","?","E","R","B",null,"M","M","?","M","M","R","E","R","T","R","?","R","?","?","R","B",null,"M","M","?","M","?","R","?","E","T","R","?","M","$","M","R","B",null],"character_chosen":"DEFECT","items_purchased":["Defragment","Core Surge","Runic Capacitor","Seek","Pen Nib","Block Potion","SteroidPotion"],"campfire_rested":0,"item_purchase_floors":[11,11,47,47,47,47,47],"current_hp_per_floor":[66,61,61,54,53,53,38,38,38,25,25,25,30,10,10,8,62,62,62,46,38,38,38,22,22,36,36,36,36,54,54,54,65,65,65,65,58,65,65,65,65,65,65,65,65,65,65,59,59,65],"gold":123,"neow_bonus":"UPGRADE_CARD","is_prod":false,"is_daily":false,"chose_seed":false,"campfire_upgraded":11,"win_rate":0,"timestamp":1553312402,"path_taken":["M","M","?","?","M","R","E","R","T","E","$","?","?","E","R","BOSS","M","M","?","M","M","R","E","R","T","R","?","R","?","?","R","BOSS","M","M","?","M","?","R","?","E","T","R","?","M","$","M","R","BOSS"],"build_version":"2019-01-23","purchased_purges":1,"victory":true,"max_hp_per_floor":[75,75,75,75,75,75,75,75,75,75,75,75,80,80,80,80,80,80,80,80,80,80,80,80,80,94,94,94,94,94,65,65,65,65,65,65,65,65,65,65,65,65,65,65,65,65,65,65,65,65],"card_choices":[{"not_picked":["Sweeping Beam","Turbo"],"picked":"Conserve Battery","floor":1},{"not_picked":["Steam","Gash"],"picked":"Compile Driver","floor":2},{"not_picked":["Ball Lightning","Compile Driver"],"picked":"Glacier","floor":5},{"not_picked":["Blizzard","Gash"],"picked":"Reboot","floor":7},{"not_picked":["Leap","Rebound"],"picked":"Hologram","floor":10},{"not_picked":["Streamline","Steam Power"],"picked":"Buffer","floor":14},{"not_picked":["Hyperbeam","Meteor Strike"],"picked":"Core Surge","floor":16},{"not_picked":["Stack","Static Discharge+1"],"picked":"Cold Snap+1","floor":18},{"not_picked":["Streamline","Hologram"],"picked":"White Noise","floor":19},{"not_picked":["Beam Cell","Sweeping Beam","Steam"],"picked":"SKIP","floor":21},{"not_picked":["Auto Shields","Compile Driver"],"picked":"Self Repair","floor":22},{"not_picked":["Rip and Tear","Doom and Gloom"],"picked":"Undo","floor":24},{"not_picked":["Tempest","Steam Power"],"picked":"Leap","floor":30},{"not_picked":["Biased Cognition","Core Surge"],"picked":"Echo Form","floor":33},{"not_picked":[],"picked":"Ball Lightning","floor":35},{"not_picked":["Steam"],"picked":"SKIP","floor":36},{"not_picked":[],"picked":"Cold Snap","floor":37},{"not_picked":["Hologram"],"picked":"SKIP","floor":38},{"not_picked":["Chill"],"picked":"SKIP","floor":42},{"not_picked":["White Noise"],"picked":"SKIP","floor":46},{"not_picked":[],"picked":"Coolheaded+1","floor":48}],"player_experience":1350231,"relics_obtained":[{"floor":7,"key":"Cables"},{"floor":10,"key":"Gremlin Horn"},{"floor":14,"key":"Shuriken"},{"floor":20,"key":"Nilry\u0027s Codex"},{"floor":24,"key":"Mummified Hand"},{"floor":26,"key":"Mango"},{"floor":30,"key":"Dead Branch"},{"floor":30,"key":"Sundial"},{"floor":37,"key":"Turnip"},{"floor":42,"key":"Pocketwatch"},{"floor":43,"key":"Potion Belt"}],"event_choices":[{"damage_healed":0,"gold_gain":0,"player_choice":"Take Wound","damage_taken":0,"relics_obtained":["Golden Idol"],"max_hp_gain":0,"max_hp_loss":0,"event_name":"Golden Idol","floor":3,"gold_loss":0,"cards_obtained":["Injury"]},{"damage_healed":0,"gold_gain":0,"player_choice":"Success","damage_taken":7,"relics_obtained":["Vajra"],"max_hp_gain":0,"max_hp_loss":0,"event_name":"Scrap Ooze","floor":4,"gold_loss":0},{"damage_healed":0,"gold_gain":0,"player_choice":"Grow","damage_taken":0,"max_hp_gain":0,"max_hp_loss":0,"event_name":"Living Wall","floor":12,"gold_loss":0,"cards_upgraded":["Defragment"]},{"damage_healed":0,"gold_gain":0,"player_choice":"Donut","damage_taken":0,"max_hp_gain":5,"max_hp_loss":0,"event_name":"Big Fish","floor":13,"gold_loss":0},{"damage_healed":0,"gold_gain":0,"player_choice":"Obtained Book","damage_taken":16,"max_hp_gain":0,"max_hp_loss":0,"event_name":"Cursed Tome","floor":20,"gold_loss":0},{"damage_healed":0,"gold_gain":0,"player_choice":"Opened","damage_taken":0,"relics_obtained":["Omamori"],"max_hp_gain":0,"max_hp_loss":0,"event_name":"The Mausoleum","floor":28,"gold_loss":0},{"damage_healed":0,"gold_gain":0,"player_choice":"Fight","damage_taken":0,"max_hp_gain":0,"max_hp_loss":0,"event_name":"Colosseum","floor":30,"gold_loss":0},{"damage_healed":0,"gold_gain":0,"player_choice":"Fought Nobs","damage_taken":0,"max_hp_gain":0,"max_hp_loss":0,"event_name":"Colosseum","floor":30,"gold_loss":0},{"damage_healed":0,"gold_gain":0,"player_choice":"Became a vampire","damage_taken":0,"max_hp_gain":0,"max_hp_loss":29,"event_name":"Vampires","floor":31,"gold_loss":0,"cards_obtained":["Bite","Bite","Bite","Bite","Bite"]},{"damage_healed":0,"gold_gain":0,"player_choice":"Fight","damage_taken":0,"max_hp_gain":0,"max_hp_loss":0,"event_name":"Mysterious Sphere","floor":37,"gold_loss":0},{"damage_healed":0,"gold_gain":0,"player_choice":"Memory 1","damage_taken":0,"max_hp_gain":0,"max_hp_loss":0,"event_name":"SensoryStone","floor":39,"gold_loss":0},{"damage_healed":0,"gold_gain":0,"player_choice":"Ignored","damage_taken":0,"max_hp_gain":0,"max_hp_loss":0,"event_name":"Tomb of Lord Red Mask","floor":41,"gold_loss":0},{"cards_removed":["Defend_B"],"damage_healed":0,"gold_gain":0,"player_choice":"Removed Skill","damage_taken":0,"max_hp_gain":0,"max_hp_loss":0,"event_name":"Falling","floor":45,"gold_loss":0}],"is_beta":false,"boss_relics":[{"not_picked":["Lizard Tail","Philosopher\u0027s Stone"],"picked":"Nuclear Battery"},{"not_picked":["Velvet Choker","Pandora\u0027s Box"],"picked":"Busted Crown"}],"items_purged_floors":[11],"is_endless":false,"potions_floor_spawned":[2,16,21,22,24,33,36,37,38,42,48],"ascension_level":13}