{"gold_per_floor":[110,22,97,97,112,146,146,146,146,184,184,184,200,200],"floor_reached":14,"playtime":377,"items_purged":[],"score":242,"play_id":"534fef0b-966c-48ae-89cf-19d1349f9194","local_time":"20181228181450","is_ascension_mode":true,"campfire_choices":[{"data":"Footwork","floor":8.0,"key":"SMITH"},{"floor":11.0,"key":"REST"}],"neow_cost":"NONE","seed_source_timestamp":459146647773280,"circlet_count":0,"master_deck":["AscendersBane","Defend_G","Defend_G","Defend_G","Defend_G","Defend_G","Strike_G","Strike_G","Strike_G","Strike_G","Strike_G","Survivor","Neutralize","Quick Slash","Caltrops","All Out Attack","Footwork+1","Dodge and Roll","Shame","After Image"],"special_seed":0,"relics":["Ring of the Snake","NeowsBlessing","The Specimen","Golden Idol","Turnip"],"potions_floor_usage":[14],"damage_taken":[{"damage":0.0,"enemies":"2 Louse","floor":1.0,"turns":1.0},{"damage":0.0,"enemies":"Small Slimes","floor":5.0,"turns":1.0},{"damage":0.0,"enemies":"Lagavulin","floor":6.0,"turns":1.0},{"damage":22.0,"enemies":"3 Sentries","floor":10.0,"turns":6.0},{"damage":0.0,"enemies":"Jaw Worm","floor":13.0,"turns":6.0},{"damage":44,"enemies":"Lagavulin","floor":14,"turns":14}],"seed_played":"-2507484080578315758","potions_obtained":[{"floor":5.0,"key":"Strength Potion"},{"floor":10.0,"key":"SkillPotion"},{"floor":13.0,"key":"Explosive Potion"}],"is_trial":false,"path_per_floor":["M","$","?","?","M","E","?","R","T","R","?","M"],"character_chosen":"THE_SILENT","items_purchased":["Caltrops"],"campfire_rested":1,"item_purchase_floors":[2],"current_hp_per_floor":[59,59,48,48,48,48,48,48,48,26,44,44,44,0],"gold":200,"neow_bonus":"THREE_ENEMY_KILL","is_prod":false,"is_daily":false,"chose_seed":false,"campfire_upgraded":1,"win_rate":0,"timestamp":1546046090,"path_taken":["M","$","?","?","?","E","?","R","T","E","R","?","?","E"],"build_version":"2018-12-25","purchased_purges":0,"victory":false,"max_hp_per_floor":[66,66,66,66,66,66,60,60,60,60,60,60,60,60],"card_choices":[{"not_picked":["Deadly Poison","Expertise"],"picked":"Quick Slash","floor":1.0},{"not_picked":["Underhanded Strike","Quick Slash"],"picked":"All Out Attack","floor":5.0},{"not_picked":["Blade Dance","Well Laid Plans"],"picked":"Footwork","floor":6.0},{"not_picked":["Underhanded Strike","Blur"],"picked":"Dodge and Roll","floor":10.0},{"not_picked":["Outmaneuver","Dagger Spray","Choke"],"picked":"SKIP","floor":13.0}],"player_experience":1007934,"relics_obtained":[{"floor":6.0,"key":"The Specimen"},{"floor":10.0,"key":"Turnip"}],"event_choices":[{"damage_healed":0.0,"max_hp_gain":0.0,"max_hp_loss":0.0,"gold_gain":75.0,"event_name":"World of Goop","player_choice":"Gather Gold","floor":3.0,"gold_loss":0.0,"damage_taken":11.0},{"damage_healed":0.0,"max_hp_gain":0.0,"max_hp_loss":0.0,"gold_gain":0.0,"event_name":"Liars Game","player_choice":"Ignored","floor":4.0,"gold_loss":0.0,"damage_taken":0.0},{"damage_healed":0.0,"max_hp_gain":0.0,"max_hp_loss":6.0,"gold_gain":0.0,"event_name":"Golden Idol","player_choice":"Lose Max HP","floor":7.0,"gold_loss":0.0,"damage_taken":0.0,"relics_obtained":["Golden Idol"]},{"damage_healed":0.0,"max_hp_gain":0.0,"max_hp_loss":0.0,"gold_gain":0.0,"event_name":"Match and Keep!","player_choice":"2 cards matched","floor":12.0,"gold_loss":0.0,"damage_taken":0.0,"cards_obtained":["Shame","After Image"]}],"is_beta":true,"boss_relics":[],"items_purged_floors":[],"is_endless":false,"potions_floor_spawned":[5,10,13],"killed_by":"Lagavulin","ascension_level":20}