{"gold_per_floor":[110,110,130,80,90,90,117,127,151,170,203,88,88,106,106,210,210,223,235,235,235,249,275,275,275,300,300,326,326,361,381,381,480,480,490,501,601,601,621,621],"floor_reached":40,"playtime":3727,"items_purged":[],"score":625,"play_id":"a18c2eb4-ad2a-4d99-a7b2-3824e92920fa","local_time":"20190429153056","is_ascension_mode":true,"campfire_choices":[{"data":"Go for the Eyes","floor":6,"key":"SMITH"},{"data":"Buffer","floor":15,"key":"SMITH"},{"data":"Coolheaded","floor":25,"key":"SMITH"},{"data":"Coolheaded","floor":27,"key":"SMITH"},{"floor":29,"key":"REST"},{"data":"Blizzard","floor":32,"key":"SMITH"}],"neow_cost":"NONE","seed_source_timestamp":1544174790778278,"circlet_count":0,"master_deck":["Strike_B+1","Strike_B+1","Defend_B","Defend_B","Defend_B","Defend_B","Zap+1","Dualcast+1","Rainbow+1","Cold Snap","Go for the Eyes+1","Coolheaded+1","Auto Shields","Coolheaded+1","Stack","Blizzard+1","FTL","Self Repair","Buffer+1","Amplify","Doom and Gloom+1","Recycle+1","Reinforced Body","Scrape+1","Biased Cognition","Coolheaded","Creative AI","Conserve Battery+1","Beam Cell+1","Hologram"],"relics":["Cracked Core","Whetstone","War Paint","Anchor","White Beast Statue","PreservedInsect","Bronze Scales","Pen Nib","Blue Candle","Nuclear Battery","Dead Branch"],"potions_floor_usage":[11,22,23,30,33,33,37,40],"damage_taken":[{"damage":7,"enemies":"Small Slimes","floor":1,"turns":3},{"damage":0,"enemies":"Cultist","floor":3,"turns":2},{"damage":0,"enemies":"Jaw Worm","floor":5,"turns":3},{"damage":11,"enemies":"3 Sentries","floor":7,"turns":8},{"damage":0,"enemies":"2 Fungi Beasts","floor":8,"turns":3},{"damage":8,"enemies":"Lots of Slimes","floor":10,"turns":4},{"damage":0,"enemies":"Lagavulin","floor":11,"turns":5},{"damage":1,"enemies":"Large Slime","floor":14,"turns":4},{"damage":11,"enemies":"Slime Boss","floor":16,"turns":7},{"damage":15,"enemies":"Shell Parasite","floor":18,"turns":10},{"damage":0,"enemies":"Chosen","floor":19,"turns":6},{"damage":10,"enemies":"3 Cultists","floor":22,"turns":6},{"damage":31,"enemies":"Slavers","floor":23,"turns":8},{"damage":50,"enemies":"Gremlin Leader","floor":28,"turns":6},{"damage":3,"enemies":"Slavers","floor":30,"turns":3},{"damage":0,"enemies":"Centurion and Healer","floor":31,"turns":9},{"damage":77,"enemies":"Collector","floor":33,"turns":18},{"damage":7,"enemies":"3 Shapes","floor":35,"turns":3},{"damage":0,"enemies":"Orb Walker","floor":36,"turns":3},{"damage":0,"enemies":"Mind Bloom Boss Battle","floor":37,"turns":6},{"damage":25,"enemies":"Spire Growth","floor":39,"turns":6},{"damage":80,"enemies":"Giant Head","floor":40,"turns":8}],"seed_played":"-3060187712042635319","potions_obtained":[{"floor":3,"key":"PowerPotion"},{"floor":5,"key":"Swift Potion"},{"floor":11,"key":"Dexterity Potion"},{"floor":18,"key":"SkillPotion"},{"floor":19,"key":"LiquidBronze"},{"floor":22,"key":"Strength Potion"},{"floor":23,"key":"SteroidPotion"},{"floor":28,"key":"Fire Potion"},{"floor":30,"key":"GamblersBrew"},{"floor":31,"key":"FairyPotion"},{"floor":33,"key":"Fire Potion"},{"floor":35,"key":"SpeedPotion"},{"floor":36,"key":"Regen Potion"},{"floor":37,"key":"SpeedPotion"},{"floor":39,"key":"Dexterity Potion"}],"is_trial":false,"path_per_floor":["M","?","M","?","M","R","E","M","T","M","E","$","?","M","R","B",null,"M","M","$","?","M","E","?","R","T","R","E","R","E","M","R","B",null,"M","M","?","?","M","E"],"character_chosen":"DEFECT","items_purchased":["FTL","Self Repair"],"campfire_rested":1,"item_purchase_floors":[12,12],"current_hp_per_floor":[61,61,61,61,61,61,50,50,50,42,42,42,75,75,75,71,74,66,73,73,73,75,51,51,51,51,51,15,37,41,55,55,10,59,52,52,73,73,55,0],"gold":621,"neow_bonus":"ONE_RANDOM_RARE_CARD","is_prod":false,"is_daily":false,"chose_seed":false,"campfire_upgraded":5,"win_rate":0,"timestamp":1556548256,"path_taken":["M","?","?","?","M","R","E","M","T","M","E","?","?","M","R","BOSS","M","M","?","?","?","E","?","R","T","R","E","R","E","?","R","BOSS","M","M","?","?","M","E"],"build_version":"2019-01-23","purchased_purges":0,"victory":false,"max_hp_per_floor":[75,75,75,75,75,75,75,75,75,75,75,75,75,75,75,75,75,75,75,75,75,75,75,75,75,75,75,75,75,75,75,75,75,75,75,75,75,75,75,75],"card_choices":[{"not_picked":["Redo","Gash"],"picked":"Cold Snap","floor":1},{"not_picked":["Cold Snap","Skim"],"picked":"Go for the Eyes","floor":3},{"not_picked":["Ball Lightning","Hologram"],"picked":"Coolheaded","floor":5},{"not_picked":["Capacitor","Coolheaded"],"picked":"Auto Shields","floor":7},{"not_picked":["Redo","Rebound"],"picked":"Coolheaded","floor":8},{"not_picked":["Compile Driver","Hello World"],"picked":"Stack","floor":10},{"not_picked":["Steam","Redo"],"picked":"Blizzard","floor":11},{"not_picked":["Sweeping Beam","Leap"],"picked":"Buffer","floor":14},{"not_picked":["Electrodynamics","Hyperbeam"],"picked":"Amplify","floor":16},{"not_picked":["Hello World+1","BootSequence"],"picked":"Doom and Gloom+1","floor":18},{"not_picked":["Consume","Gash"],"picked":"Recycle+1","floor":19},{"not_picked":["Redo","Self Repair"],"picked":"Reinforced Body","floor":22},{"not_picked":["Go for the Eyes","Recycle+1"],"picked":"Scrape+1","floor":23},{"not_picked":["Skim","Beam Cell"],"picked":"Biased Cognition","floor":28},{"not_picked":["Barrage","Static Discharge","Sweeping Beam"],"picked":"SKIP","floor":30},{"not_picked":["Stack","Ball Lightning+1"],"picked":"Coolheaded","floor":31},{"not_picked":["Hyperbeam","Electrodynamics"],"picked":"Creative AI","floor":33},{"not_picked":["Streamline+1","Stack"],"picked":"Conserve Battery+1","floor":35},{"not_picked":["Rebound","Auto Shields+1"],"picked":"Beam Cell+1","floor":36},{"not_picked":["Cold Snap+1","Turbo+1"],"picked":"Hologram","floor":37},{"not_picked":["Coolheaded","Gash","Cold Snap"],"picked":"SKIP","floor":39}],"player_experience":244208,"relics_obtained":[{"floor":7,"key":"Whetstone"},{"floor":9,"key":"War Paint"},{"floor":11,"key":"Anchor"},{"floor":23,"key":"PreservedInsect"},{"floor":26,"key":"Bronze Scales"},{"floor":28,"key":"Pen Nib"},{"floor":30,"key":"Blue Candle"},{"floor":37,"key":"Dead Branch"}],"event_choices":[{"damage_healed":0,"gold_gain":0,"player_choice":"Upgraded","damage_taken":0,"max_hp_gain":0,"max_hp_loss":0,"event_name":"Upgrade Shrine","floor":2,"gold_loss":0,"cards_upgraded":["Zap"]},{"cards_removed":["Strike_B"],"damage_healed":0,"gold_gain":0,"player_choice":"Card Removal","damage_taken":0,"max_hp_gain":0,"max_hp_loss":0,"event_name":"The Cleric","floor":4,"gold_loss":50},{"damage_healed":33,"gold_gain":0,"player_choice":"Full Heal","damage_taken":0,"max_hp_gain":0,"max_hp_loss":0,"event_name":"Wheel of Change","floor":13,"gold_loss":0},{"damage_healed":0,"gold_gain":0,"player_choice":"Ignored","damage_taken":0,"max_hp_gain":0,"max_hp_loss":0,"event_name":"Ghosts","floor":21,"gold_loss":0},{"cards_removed":["Strike_B"],"damage_healed":0,"gold_gain":0,"player_choice":"Purged","damage_taken":0,"max_hp_gain":0,"max_hp_loss":0,"event_name":"Purifier","floor":24,"gold_loss":0},{"damage_healed":0,"gold_gain":0,"player_choice":"Fight","damage_taken":0,"max_hp_gain":0,"max_hp_loss":0,"event_name":"MindBloom","floor":37,"gold_loss":0},{"damage_healed":0,"gold_gain":0,"player_choice":"Ignored","damage_taken":0,"max_hp_gain":0,"max_hp_loss":0,"event_name":"Tomb of Lord Red Mask","floor":38,"gold_loss":0}],"is_beta":false,"boss_relics":[{"not_picked":["Calling Bell","Runic Dome"],"picked":"White Beast Statue"},{"not_picked":["Tiny House","Runic Pyramid"],"picked":"Nuclear Battery"}],"items_purged_floors":[],"is_endless":false,"potions_floor_spawned":[3,5,11,18,19,22,23,28,30,31,33,35,36,37,39],"killed_by":"Giant Head","ascension_level":6}