{"path_per_floor":["M","?","M","?","M","R","M","?","T","R","M","?","R","$","R","B",null],"character_chosen":"IRONCLAD","items_purchased":["Double Tap"],"gold_per_floor":[110,110,135,310,328,328,346,421,421,421,442,442,442,203,203,329,329,329],"floor_reached":18,"campfire_rested":0,"playtime":442,"current_hp_per_floor":[68,48,47,47,40,44,28,17,17,23,16,16,22,22,28,4,80,80],"items_purged":["Doubt"],"gold":329,"score":150,"play_id":"bf8f970f-7dcf-4005-94cb-e8a54db7682d","local_time":"20180408173113","is_prod":false,"is_daily":false,"is_ascension_mode":false,"campfire_upgraded":4,"timestamp":1523223073,"path_taken":["M","?","M","?","M","R","M","?","T","R","?","?","R","$","R","BOSS","M"],"build_version":"2018-04-05v2","purchased_purges":1,"victory":false,"master_deck":["Strike_R","Strike_R","Strike_R","Strike_R","Strike_R","Defend_R","Defend_R","Defend_R","Defend_R","Bash+1","Twin Strike","Clothesline","Thunderclap","Seeing Red+1","Uppercut+1","Double Tap+1","Double Tap"],"max_hp_per_floor":[80,80,80,80,80,80,80,80,80,80,80,80,80,80,80,80,80,80],"relics":["Eternal Feather","Golden Idol"],"card_choices":[{"not_picked":["Shrug It Off","Sever Soul"],"picked":"Twin Strike","floor":1},{"not_picked":["Wild Strike","Headbutt"],"picked":"Clothesline","floor":3},{"not_picked":["Clothesline","Iron Wave"],"picked":"Thunderclap","floor":5},{"not_picked":["Anger","Burning Pact"],"picked":"Seeing Red","floor":7},{"not_picked":["Shockwave","Cleave"],"picked":"Uppercut","floor":11},{"not_picked":["Brutality","Exhume"],"picked":"Double Tap","floor":16}],"player_experience":768460,"potions_floor_usage":[5,16],"damage_taken":[{"damage":12,"enemies":"Small Slimes","floor":1,"turns":4},{"damage":1,"enemies":"Jaw Worm","floor":3,"turns":3},{"damage":7,"enemies":"2 Louse","floor":5,"turns":3},{"damage":16,"enemies":"2 Fungi Beasts","floor":7,"turns":3},{"damage":7,"enemies":"3 Louse","floor":11,"turns":3},{"damage":39,"enemies":"Hexaghost","floor":16,"turns":9},{"damage":0,"enemies":"2 Thieves","floor":18,"turns":1}],"event_choices":[{"event_name":"Golden Idol","player_choice":"Take Damage","floor":2,"damage_taken":0},{"event_name":"Liars Game","player_choice":"agreed","floor":4,"damage_taken":0},{"event_name":"World of Goop","player_choice":"Gather Gold","floor":8,"damage_taken":0},{"event_name":"Shining Light","player_choice":"Ignored","floor":12,"damage_taken":0}],"boss_relics":[{"not_picked":["Black Star","Pandora\u0027s Box","Philosopher\u0027s Stone"]}],"potions_floor_spawned":[3,5,7],"seed_played":"8933336136666599393","killed_by":"2 Thieves","ascension_level":0,"is_trial":false}