{"gold_per_floor":[111,126,145,145,145,178,178,209,209,221,240,240,272,289,289,289],"floor_reached":16,"playtime":997,"items_purged":[],"score":244,"play_id":"4d5047f1-e283-4ebc-bd3c-44aba85e1397","local_time":"20190325173247","is_ascension_mode":true,"campfire_choices":[{"floor":7,"key":"REST"},{"floor":12,"key":"REST"},{"data":"Well Laid Plans","floor":15,"key":"SMITH"}],"neow_cost":"NONE","seed_source_timestamp":748323162384986,"circlet_count":0,"master_deck":["AscendersBane","Defend_G","Defend_G","Defend_G","Defend_G","Defend_G","Strike_G","Strike_G","Strike_G","Strike_G+1","Strike_G","Survivor","Neutralize+1","Venomology","Dagger Spray","Deadly Poison","Envenom+1","Expertise","Deflect","PiercingWail","Well Laid Plans+1","Endless Agony","Bane"],"relics":["Ring of the Snake","Omamori","Bottled Tornado","Whetstone","Turnip"],"potions_floor_usage":[2,3,6,8,8,11,13,16,16],"damage_taken":[{"damage":7,"enemies":"Small Slimes","floor":1,"turns":6},{"damage":0,"enemies":"Jaw Worm","floor":2,"turns":5},{"damage":0,"enemies":"Cultist","floor":3,"turns":4},{"damage":18,"enemies":"Lagavulin","floor":6,"turns":8},{"damage":42,"enemies":"Gremlin Nob","floor":8,"turns":5},{"damage":8,"enemies":"2 Fungi Beasts","floor":10,"turns":4},{"damage":0,"enemies":"Exordium Thugs","floor":11,"turns":4},{"damage":28,"enemies":"Lagavulin","floor":13,"turns":9},{"damage":13,"enemies":"Blue Slaver","floor":14,"turns":3},{"damage":10,"enemies":"Hexaghost","floor":16,"turns":9}],"seed_played":"4670393727483078697","potions_obtained":[{"floor":2,"key":"GamblersBrew"},{"floor":6,"key":"EssenceOfSteel"},{"floor":8,"key":"SteroidPotion"}],"is_trial":false,"path_per_floor":["M","M","M","?","?","E","R","E","T","M","M","R","E","M","R","B"],"character_chosen":"THE_SILENT","items_purchased":[],"campfire_rested":2,"item_purchase_floors":[],"current_hp_per_floor":[52,52,52,57,57,39,60,18,18,10,10,31,3,7,7,0],"gold":289,"neow_bonus":"ONE_RANDOM_RARE_CARD","is_prod":false,"is_daily":false,"chose_seed":false,"campfire_upgraded":1,"win_rate":0,"timestamp":1553549567,"path_taken":["M","M","M","?","?","E","R","E","T","?","M","R","E","M","R","BOSS"],"build_version":"2019-01-23","purchased_purges":0,"victory":false,"max_hp_per_floor":[66,66,66,71,71,71,71,71,71,71,71,71,71,71,71,71],"card_choices":[{"not_picked":["Backflip","Flying Knee"],"picked":"Dagger Spray","floor":1},{"not_picked":["Underhanded Strike","Backflip"],"picked":"Deadly Poison","floor":2},{"not_picked":["Reflex","Tactician"],"picked":"Envenom","floor":3},{"not_picked":["Setup","Underhanded Strike"],"picked":"Expertise","floor":6},{"not_picked":["Choke","All Out Attack"],"picked":"Deflect","floor":8},{"not_picked":["Choke","Dagger Spray"],"picked":"PiercingWail","floor":10},{"not_picked":["Prepared","Tactician"],"picked":"Well Laid Plans","floor":11},{"not_picked":["Dash","Sucker Punch"],"picked":"Endless Agony","floor":13},{"not_picked":["Outmaneuver","Deflect"],"picked":"Bane","floor":14}],"player_experience":1404444,"relics_obtained":[{"floor":6,"key":"Omamori"},{"floor":8,"key":"Bottled Tornado"},{"floor":9,"key":"Whetstone"},{"floor":13,"key":"Turnip"}],"event_choices":[{"damage_healed":0,"gold_gain":0,"player_choice":"Donut","damage_taken":0,"max_hp_gain":5,"max_hp_loss":0,"event_name":"Big Fish","floor":4,"gold_loss":0},{"damage_healed":0,"gold_gain":0,"player_choice":"Upgraded","damage_taken":0,"max_hp_gain":0,"max_hp_loss":0,"event_name":"Upgrade Shrine","floor":5,"gold_loss":0,"cards_upgraded":["Envenom"]}],"is_beta":false,"boss_relics":[],"items_purged_floors":[],"is_endless":false,"potions_floor_spawned":[2,6,8,10,13],"killed_by":"Hexaghost","ascension_level":20}