{"gold_per_floor":[115,115,78,78,4,31,31,31,81,107,107,134,134,462,462,538,538,552,572,672,474,474,474,507,507,552,552,552,563,563,3,3,77,77,91,91,105,116,26,26,26,51,51,51,80,95,95,125,125,125,125,125,21,47,47],"floor_reached":56,"playtime":2875,"items_purged":["Strike_G"],"score":2199,"play_id":"815526f9-4400-45ee-97c4-a9de33bf15f1","local_time":"20190323222647","is_ascension_mode":true,"campfire_choices":[{"data":"Glass Knife","floor":7,"key":"SMITH"},{"data":"Footwork","floor":11,"key":"SMITH"},{"data":"Dagger Spray","floor":13,"key":"SMITH"},{"data":"Catalyst","floor":15,"key":"SMITH"},{"floor":23,"key":"REST"},{"floor":25,"key":"REST"},{"data":"Malaise","floor":27,"key":"SMITH"},{"floor":30,"key":"REST"},{"data":"Infinite Blades","floor":32,"key":"SMITH"},{"data":"Corpse Explosion","floor":40,"key":"SMITH"},{"floor":44,"key":"RECALL"},{"floor":47,"key":"REST"},{"data":"1","floor":49,"key":"LIFT"},{"data":"Well Laid Plans","floor":52,"key":"SMITH"}],"neow_cost":"NONE","seed_source_timestamp":902279107949297,"circlet_count":0,"master_deck":["AscendersBane","Defend_G+1","Defend_G+1","Defend_G+1","Defend_G+1","Defend_G+1","Strike_G+1","Survivor","Neutralize+1","Dagger Spray+1","Footwork+1","Dash+1","Glass Knife+1","Catalyst+1","Malaise+1","Backflip+1","A Thousand Cuts+1","Tactician+1","Backstab+1","Infinite Blades+1","Cloak And Dagger","Acrobatics","Adrenaline","Escape Plan","Corpse Explosion+1","Blur","Dagger Throw+1","Well Laid Plans+1","Backflip","Concentrate+1","Choke+1","Blur+1","Terror","PiercingWail","Phantasmal Killer"],"relics":["Ring of the Snake","NeowsBlessing","Pantograph","Darkstone Periapt","Mercury Hourglass","Old Coin","Astrolabe","Tough Bandages","The Courier","Girya","Whetstone","Oddly Smooth Stone","Potion Belt","Vajra","Paper Crane","Snecko Eye","FossilizedHelix","Question Card","Bottled Tornado","Bag of Marbles","Gremlin Horn"],"potions_floor_usage":[10,12,16,20,20,24,24,55,55,55,55],"damage_taken":[{"damage":0,"enemies":"Jaw Worm","floor":1,"turns":1},{"damage":0,"enemies":"Gremlin Nob","floor":6,"turns":1},{"damage":0,"enemies":"Lagavulin","floor":10,"turns":1},{"damage":12,"enemies":"Gremlin Nob","floor":12,"turns":4},{"damage":1,"enemies":"Lagavulin","floor":14,"turns":5},{"damage":3,"enemies":"The Guardian","floor":16,"turns":11},{"damage":12,"enemies":"Chosen","floor":18,"turns":6},{"damage":21,"enemies":"Spheric Guardian","floor":19,"turns":4},{"damage":6,"enemies":"Colosseum Slavers","floor":20,"turns":4},{"damage":19,"enemies":"Colosseum Nobs","floor":20,"turns":4},{"damage":21,"enemies":"Book of Stabbing","floor":24,"turns":4},{"damage":0,"enemies":"Shelled Parasite and Fungi","floor":29,"turns":7},{"damage":30,"enemies":"Collector","floor":33,"turns":13},{"damage":0,"enemies":"Orb Walker","floor":35,"turns":3},{"damage":0,"enemies":"3 Shapes","floor":37,"turns":3},{"damage":2,"enemies":"Writhing Mass","floor":38,"turns":7},{"damage":7,"enemies":"Nemesis","floor":42,"turns":9},{"damage":23,"enemies":"Giant Head","floor":45,"turns":10},{"damage":0,"enemies":"3 Darklings","floor":46,"turns":2},{"damage":0,"enemies":"Nemesis","floor":48,"turns":7},{"damage":38,"enemies":"Donu and Deca","floor":50,"turns":7},{"damage":0,"enemies":"Shield and Spear","floor":54,"turns":4},{"damage":50,"enemies":"The Heart","floor":55,"turns":11}],"seed_played":"-7662657342682178383","potions_obtained":[{"floor":8,"key":"Fruit Juice"},{"floor":8,"key":"Fruit Juice"},{"floor":10,"key":"Swift Potion"},{"floor":12,"key":"Ancient Potion"},{"floor":14,"key":"FearPotion"},{"floor":16,"key":"Dexterity Potion"},{"floor":18,"key":"GamblersBrew"},{"floor":19,"key":"PowerPotion"},{"floor":29,"key":"SteroidPotion"},{"floor":42,"key":"LiquidBronze"},{"floor":45,"key":"AttackPotion"},{"floor":48,"key":"SkillPotion"}],"is_trial":false,"path_per_floor":["M","?","$","?","$","E","R","?","T","E","R","E","R","E","R","B",null,"M","M","?","$","?","R","E","R","T","R","?","M","R","$","R","B",null,"M","?","M","M","$","R","?","E","T","R","E","M","R","E","R","B",null,"R","$","E","B",null],"character_chosen":"THE_SILENT","items_purchased":["Footwork","Dash","Cloak And Dagger","Acrobatics","PowerPotion","SteroidPotion","Oddly Smooth Stone","Potion Belt","Vajra","Paper Crane","Well Laid Plans","GhostInAJar","Terror","PiercingWail"],"campfire_rested":4,"item_purchase_floors":[3,5,21,21,21,21,31,31,31,31,39,39,53,53],"current_hp_per_floor":[59,59,59,59,59,59,59,59,59,64,64,57,57,56,56,73,75,63,42,17,17,17,39,18,40,40,40,46,46,70,70,70,52,75,75,75,75,73,73,73,73,66,66,66,43,43,67,67,67,44,73,73,73,73,32],"gold":47,"neow_bonus":"THREE_ENEMY_KILL","is_prod":false,"is_daily":false,"chose_seed":false,"campfire_upgraded":8,"win_rate":0,"timestamp":1553394407,"path_taken":["M","?","$","?","$","E","R","?","T","E","R","E","R","E","R","BOSS","M","?","?","$","?","R","E","R","T","R","?","M","R","?","R","BOSS","M","?","M","M","$","R","?","E","T","R","E","?","R","E","R","BOSS","R","$","E","BOSS"],"build_version":"2019-03-15","purchased_purges":1,"victory":true,"max_hp_per_floor":[66,66,66,66,66,66,66,66,66,71,71,76,76,76,76,76,76,76,76,76,76,76,76,76,76,76,76,82,82,82,82,82,82,82,82,82,82,82,82,82,82,82,82,82,82,82,82,82,82,82,82,82,82,82,82],"card_choices":[{"not_picked":["Sucker Punch","Underhanded Strike"],"picked":"Dagger Spray","floor":1},{"not_picked":["Finisher","Terror"],"picked":"Glass Knife","floor":6},{"not_picked":["Outmaneuver","Calculated Gamble"],"picked":"Dagger Throw","floor":10},{"not_picked":["Accuracy","Acrobatics","Choke"],"picked":"SKIP","floor":12},{"not_picked":["Accuracy","Acrobatics","Choke"],"picked":"SKIP","floor":12},{"not_picked":["Masterful Stab","Predator"],"picked":"Catalyst","floor":14},{"not_picked":["Glass Knife","Envenom"],"picked":"Malaise","floor":16},{"not_picked":["Outmaneuver","Sucker Punch","Eviscerate"],"picked":"SKIP","floor":18},{"not_picked":["Catalyst","Distraction"],"picked":"Backstab","floor":19},{"not_picked":["Blade Dance+1","Accuracy"],"picked":"Infinite Blades","floor":20},{"not_picked":["Prepared","Underhanded Strike"],"picked":"Adrenaline","floor":24},{"not_picked":["Prepared","Dash+1"],"picked":"Escape Plan","floor":29},{"not_picked":["Die Die Die","Storm of Steel"],"picked":"Corpse Explosion","floor":33},{"not_picked":["Dagger Throw","Deadly Poison","Deflect"],"picked":"SKIP","floor":35},{"not_picked":["Dash","Underhanded Strike"],"picked":"Blur","floor":37},{"not_picked":["Infinite Blades","Riddle With Holes"],"picked":"Dagger Throw+1","floor":38},{"not_picked":["Escape Plan","Slice"],"picked":"Backflip","floor":42},{"not_picked":["Slice+1","Prepared","Doppelganger"],"picked":"Concentrate+1","floor":45},{"not_picked":["Dodge and Roll","Cloak And Dagger","Prepared"],"picked":"Choke+1","floor":46},{"not_picked":["Poisoned Stab","Slice+1","Dagger Throw+1"],"picked":"Blur+1","floor":48},{"not_picked":["Flechettes","Concentrate+1","Prepared+1"],"picked":"Phantasmal Killer","floor":54}],"player_experience":2275352,"relics_obtained":[{"floor":6,"key":"Pantograph"},{"floor":10,"key":"Darkstone Periapt"},{"floor":12,"key":"Mercury Hourglass"},{"floor":14,"key":"Old Coin"},{"floor":20,"key":"Tough Bandages"},{"floor":20,"key":"The Courier"},{"floor":24,"key":"Girya"},{"floor":26,"key":"Whetstone"},{"floor":42,"key":"FossilizedHelix"},{"floor":43,"key":"Question Card"},{"floor":45,"key":"Bottled Tornado"},{"floor":48,"key":"Bag of Marbles"},{"floor":54,"key":"Gremlin Horn"}],"event_choices":[{"damage_healed":0,"gold_gain":0,"player_choice":"Grow","damage_taken":0,"max_hp_gain":0,"max_hp_loss":0,"event_name":"Living Wall","floor":2,"gold_loss":0,"cards_upgraded":["Neutralize"]},{"damage_healed":0,"gold_gain":0,"player_choice":"Leave","damage_taken":0,"max_hp_gain":0,"max_hp_loss":0,"event_name":"The Cleric","floor":4,"gold_loss":0},{"damage_healed":0,"gold_gain":0,"player_choice":"Got Potions","damage_taken":0,"max_hp_gain":0,"max_hp_loss":0,"event_name":"Lab","floor":8,"gold_loss":0},{"damage_healed":0,"gold_gain":0,"player_choice":"Fight","damage_taken":0,"max_hp_gain":0,"max_hp_loss":0,"event_name":"Colosseum","floor":20,"gold_loss":0},{"damage_healed":0,"gold_gain":0,"player_choice":"Fought Nobs","damage_taken":0,"max_hp_gain":0,"max_hp_loss":0,"event_name":"Colosseum","floor":20,"gold_loss":0},{"damage_healed":0,"gold_gain":0,"player_choice":"Simplicity","damage_taken":0,"max_hp_gain":0,"max_hp_loss":0,"event_name":"Back to Basics","floor":22,"gold_loss":0,"cards_upgraded":["Defend_G","Defend_G","Defend_G","Defend_G","Defend_G","Strike_G"]},{"damage_healed":0,"gold_gain":0,"player_choice":"Smashed Altar","damage_taken":0,"max_hp_gain":0,"max_hp_loss":0,"event_name":"Forgotten Altar","floor":28,"gold_loss":0,"cards_obtained":["Decay"]},{"cards_removed":["Dagger Throw"],"damage_healed":0,"gold_gain":0,"player_choice":"Removed Attack","damage_taken":0,"max_hp_gain":0,"max_hp_loss":0,"event_name":"Falling","floor":36,"gold_loss":0},{"cards_removed":["Decay"],"damage_healed":0,"gold_gain":0,"player_choice":"Removed Curses","damage_taken":0,"max_hp_gain":0,"max_hp_loss":0,"event_name":"Fountain of Cleansing","floor":41,"gold_loss":0}],"is_beta":true,"boss_relics":[{"not_picked":["Ectoplasm","Black Star"],"picked":"Astrolabe"},{"not_picked":["Runic Pyramid","Tiny House"],"picked":"Snecko Eye"}],"items_purged_floors":[21],"is_endless":false,"potions_floor_spawned":[10,12,14,16,18,19,29,42,45,48],"ascension_level":15}