{"path_per_floor":["M","?","$","M","?","E","M","R","T","R","M","M","$","E","R","B",null,"M","?","?","M","T"],"character_chosen":"IRONCLAD","items_purchased":["Panacea","Inflame","Disarm","Reckless Charge"],"gold_per_floor":[119,119,22,34,184,215,228,228,228,228,241,251,9,41,41,119,119,137,137,137,154,154,154],"floor_reached":23,"campfire_rested":0,"playtime":954,"current_hp_per_floor":[67,60,60,55,55,29,35,35,35,35,38,14,14,11,11,15,60,60,60,37,37,37,0],"items_purged":["Doubt"],"gold":154,"score":373,"play_id":"b2d9f806-1072-4a62-a888-931bc125b8dd","local_time":"20180413122113","is_prod":false,"is_daily":false,"chose_seed":false,"is_ascension_mode":true,"campfire_upgraded":3,"timestamp":1523636473,"path_taken":["M","?","$","M","?","E","M","R","T","R","M","?","$","E","R","BOSS","M","?","?","M","?","E"],"build_version":"2018-04-12","seed_source_timestamp":52677550298445,"purchased_purges":1,"victory":false,"master_deck":["Strike_R","Strike_R","Strike_R","Strike_R","Strike_R","Defend_R","Defend_R","Defend_R","Defend_R","Bash","AscendersBane","Bludgeon+1","Feel No Pain","Panacea","Infernal Blade+1","Spot Weakness","Dual Wield+1","Inflame","Disarm","Reckless Charge","Feel No Pain","Fiend Fire+1","Burning Pact","Ghostly","Ghostly","Ghostly","Ghostly","Ghostly","Regret"],"max_hp_per_floor":[75,75,75,75,75,75,75,75,75,75,75,75,75,75,75,75,75,75,75,37,37,37,37],"relics":["Burning Blood","Unceasing Top","Letter Opener","Ice Cream","Cursed Key","Blue Candle"],"card_choices":[{"not_picked":["Limit Break","Double Tap"],"picked":"Bludgeon","floor":0},{"not_picked":["Infernal Blade","Reckless Charge"],"picked":"Feel No Pain","floor":1},{"not_picked":["Perfected Strike","Whirlwind"],"picked":"Infernal Blade","floor":4},{"not_picked":["Warcry","Pummel"],"picked":"Spot Weakness","floor":7},{"not_picked":["Body Slam","Combust"],"picked":"Dual Wield","floor":12},{"not_picked":["True Grit","Metallicize"],"picked":"Feel No Pain","floor":14},{"not_picked":["Immolate","Bludgeon"],"picked":"Fiend Fire","floor":16},{"not_picked":["Headbutt","Blood for Blood"],"picked":"Burning Pact","floor":18}],"player_experience":855950,"potions_floor_usage":[6,23,23],"damage_taken":[{"damage":7,"enemies":"Jaw Worm","floor":1,"turns":2},{"damage":11,"enemies":"2 Louse","floor":4,"turns":3},{"damage":32,"enemies":"Gremlin Nob","floor":6,"turns":5},{"damage":0,"enemies":"Cultist","floor":7,"turns":3},{"damage":3,"enemies":"Exordium Wildlife","floor":11,"turns":3},{"damage":30,"enemies":"Lots of Slimes","floor":12,"turns":4},{"damage":9,"enemies":"3 Sentries","floor":14,"turns":6},{"damage":2,"enemies":"Slime Boss","floor":16,"turns":9},{"damage":6,"enemies":"3 Byrds","floor":18,"turns":5},{"damage":4,"enemies":"2 Thieves","floor":21,"turns":5},{"damage":39,"enemies":"Gremlin Leader","floor":23,"turns":7}],"event_choices":[{"event_name":"Golden Wing","player_choice":"Card Removal","floor":2,"damage_taken":0},{"event_name":"Liars Game","player_choice":"agreed","floor":5,"damage_taken":0},{"event_name":"Accursed Blacksmith","player_choice":"Forge","floor":19,"damage_taken":0},{"event_name":"Ghosts","player_choice":"Became a Ghost","floor":20,"damage_taken":0}],"boss_relics":[{"not_picked":["Tiny House","Lizard Tail"],"picked":"Cursed Key"}],"potions_floor_spawned":[1,7,12,16,21],"seed_played":"-1992603164016644682","killed_by":"Gremlin Leader","ascension_level":15,"is_trial":false}