{"path_per_floor":["M","?","M","T","M","R","E","R","T","M","M","?","R","M","R","B",null,"M","?","M","M","?","R","M","R","T","E","?","$","T","$","R","B",null,"M","?","?","M","M","R","?","R","T","E"],"character_chosen":"DEFECT","items_purchased":["Master of Strategy","Capacitor"],"gold_per_floor":[112,112,123,205,219,219,246,246,246,256,271,335,335,354,354,455,455,466,381,391,401,326,326,342,342,342,376,376,121,146,97,97,199,199,217,217,217,230,246,246,246,246,246,281,281],"floor_reached":45,"campfire_rested":1,"playtime":1735,"current_hp_per_floor":[72,77,71,71,67,67,51,51,51,51,51,31,31,31,31,25,72,57,57,57,52,52,52,51,51,51,27,27,27,27,27,53,29,73,71,87,87,87,69,69,69,69,69,15,0],"items_purged":["Decay"],"gold":281,"score":576,"play_id":"9b9d771d-bd36-4c0d-8409-9da17d38434a","local_time":"20180429004847","is_prod":false,"is_daily":false,"chose_seed":false,"is_ascension_mode":true,"campfire_upgraded":8,"timestamp":1524988127,"path_taken":["M","?","M","?","M","R","E","R","T","M","M","?","R","M","R","BOSS","M","?","?","M","?","R","M","R","T","E","?","?","?","$","R","BOSS","M","?","?","M","M","R","?","R","T","E","M"],"build_version":"2018-04-27v3","seed_source_timestamp":285111151906346,"purchased_purges":1,"victory":false,"master_deck":["Strike_B","Strike_B","Strike_B","Defend_B","Defend_B","Defend_B","Defend_B","Zap+1","Sweeping Beam","Go for the Eyes+1","Genetic Algorithm+1","Go for the Eyes+1","Blaster","Hologram+1","Cold Snap","Echo Form+1","Leap","Coolheaded+1","Ball Lightning+1","Impulse+1","Creative AI","Master of Strategy","Capacitor+1","Seek","Cold Snap+1","Writhe","Stack+1","Leap+1","Hello World","Impulse"],"max_hp_per_floor":[82,87,87,87,87,87,87,87,87,87,87,87,87,87,87,87,87,87,87,87,87,87,87,87,87,87,87,87,87,87,87,87,87,87,87,87,87,87,87,87,87,87,87,87,87],"relics":["Cracked Core","Matryoshka","Cables","Anchor","Kunai","Shuriken","Sozu","Molten Egg 2","Symbiotic Virus","Shovel","Juzu Bracelet","Lantern","Inserter","Sundial","Mercury Hourglass"],"card_choices":[{"not_picked":["Skim","Barrage"],"picked":"Sweeping Beam","floor":1},{"not_picked":["Hologram","Cold Snap"],"picked":"Go for the Eyes","floor":3},{"not_picked":["Amplify","Beam Cell"],"picked":"Genetic Algorithm","floor":5},{"not_picked":["Streamline","Barrage"],"picked":"Go for the Eyes","floor":7},{"not_picked":["Sweeping Beam","Streamline"],"picked":"Blaster","floor":10},{"not_picked":["Coolheaded","Sweeping Beam"],"picked":"Hologram","floor":11},{"not_picked":["Hologram","Turbo"],"picked":"Hello World","floor":12},{"not_picked":["Barrage","Heatsinks"],"picked":"Cold Snap","floor":14},{"not_picked":["Fission","Seek"],"picked":"Echo Form","floor":16},{"not_picked":["Sunder","Recycle"],"picked":"Leap","floor":18},{"not_picked":["Go for the Eyes","Hologram"],"picked":"Coolheaded","floor":20},{"not_picked":["Tempest","Axe Kick"],"picked":"Ball Lightning","floor":21},{"not_picked":["Leap","Rebound"],"picked":"Impulse","floor":24},{"not_picked":["Skim","Ball Lightning"],"picked":"Creative AI","floor":27},{"not_picked":["Hyperbeam","Biased Cognition"],"picked":"Seek","floor":33},{"not_picked":["Coolheaded","Sunder"],"picked":"Cold Snap","floor":35},{"not_picked":["Hologram","Barrage"],"picked":"Stack","floor":38},{"not_picked":["Streamline","Coolheaded"],"picked":"Leap","floor":39},{"not_picked":["Cold Snap","Coolheaded"],"picked":"Impulse","floor":44}],"player_experience":550069,"potions_floor_usage":[7,24],"damage_taken":[{"damage":10,"enemies":"Small Slimes","floor":1,"turns":3},{"damage":6,"enemies":"2 Louse","floor":3,"turns":3},{"damage":4,"enemies":"Jaw Worm","floor":5,"turns":3},{"damage":16,"enemies":"Lagavulin","floor":7,"turns":8},{"damage":0,"enemies":"2 Fungi Beasts","floor":10,"turns":2},{"damage":0,"enemies":"Looter","floor":11,"turns":2},{"damage":20,"enemies":"3 Sentries","floor":12,"turns":7},{"damage":0,"enemies":"Lots of Slimes","floor":14,"turns":1},{"damage":6,"enemies":"The Guardian","floor":16,"turns":12},{"damage":15,"enemies":"2 Thieves","floor":18,"turns":3},{"damage":0,"enemies":"Shell Parasite","floor":20,"turns":5},{"damage":5,"enemies":"3 Cultists","floor":21,"turns":5},{"damage":1,"enemies":"Centurion and Healer","floor":24,"turns":5},{"damage":24,"enemies":"Slavers","floor":27,"turns":5},{"damage":24,"enemies":"Automaton","floor":33,"turns":9},{"damage":2,"enemies":"3 Shapes","floor":35,"turns":4},{"damage":0,"enemies":"Flame Bruiser 1 Orb","floor":38,"turns":5},{"damage":18,"enemies":"Sphere and 2 Shapes","floor":39,"turns":4},{"damage":54,"enemies":"Giant Head","floor":44,"turns":10},{"damage":15,"enemies":"Spire Growth","floor":45,"turns":3}],"event_choices":[{"event_name":"Big Fish","player_choice":"Donut","floor":2,"damage_taken":0},{"event_name":"Dead Adventurer","player_choice":"Searched \u00273\u0027 times","floor":12,"damage_taken":0},{"event_name":"Addict","player_choice":"Obtained Relic","floor":19,"damage_taken":0},{"event_name":"Beggar","player_choice":"Gave Gold","floor":22,"damage_taken":0},{"event_name":"Forgotten Altar","player_choice":"Smashed Altar","floor":28,"damage_taken":0},{"event_name":"Winding Halls","player_choice":"Writhe","floor":36,"damage_taken":0},{"event_name":"Transmorgrifier","player_choice":"Transform","floor":41,"damage_taken":0}],"boss_relics":[{"not_picked":["Tiny House","Ectoplasm"],"picked":"Sozu"},{"not_picked":["Philosopher\u0027s Stone","Lizard Tail"],"picked":"Inserter"}],"potions_floor_spawned":[1,5,16,24,39],"seed_played":"8511013592171268215","killed_by":"Spire Growth","ascension_level":5,"is_trial":false}