{"gold_per_floor":[114,126,126,44,44,88,88,108,108,108,33,47,47,88,88,181,181,199,199,199,215,215,246,246,285,338,381,393,436,463,8,8,8],"floor_reached":33,"playtime":1179,"items_purged":[],"score":655,"play_id":"b04de1b1-b34d-40bc-9555-1ee260c75d55","local_time":"20190313011120","is_ascension_mode":true,"campfire_choices":[{"data":"Perfected Strike","floor":7,"key":"SMITH"},{"data":"Bash","floor":10,"key":"SMITH"},{"data":"Thunderclap","floor":13,"key":"SMITH"},{"data":"Strike_R","floor":15,"key":"SMITH"},{"data":"Strike_R","floor":24,"key":"SMITH"},{"data":"Strike_R","floor":28,"key":"SMITH"},{"floor":32,"key":"REST"}],"neow_cost":"NONE","seed_source_timestamp":827914915890019,"circlet_count":0,"master_deck":["AscendersBane","Strike_R","Strike_R","Strike_R+1","Strike_R+1","Strike_R+1","Defend_R","Defend_R","Defend_R","Bash+1","Thunderclap+1","Perfected Strike+1","Wild Strike+1","Twin Strike+1","True Grit+1","Perfected Strike+1","Shrug It Off+1","Immolate+1","Disarm+1","Rage+1","Ghostly+1","Ghostly+1","Ghostly+1","True Grit+1","RitualDagger+1","True Grit+1","Pommel Strike+1","Wild Strike+1","Perfected Strike+1","Wild Strike+1","Double Tap+1","Headbutt+1"],"relics":["Burning Blood","NeowsBlessing","Molten Egg 2","Golden Idol","Toxic Egg 2","Lantern","Pear","Philosopher\u0027s Stone","Art of War","Singing Bowl","MawBank","Ornamental Fan","Meat on the Bone","Sling"],"potions_floor_usage":[8,16,16,23,27],"damage_taken":[{"damage":0,"enemies":"2 Louse","floor":1,"turns":1},{"damage":0,"enemies":"Jaw Worm","floor":2,"turns":1},{"damage":0,"enemies":"Gremlin Nob","floor":6,"turns":1},{"damage":7,"enemies":"Small Slimes","floor":8,"turns":3},{"damage":4,"enemies":"2 Fungi Beasts","floor":12,"turns":2},{"damage":21,"enemies":"Lagavulin","floor":14,"turns":6},{"damage":36,"enemies":"Hexaghost","floor":16,"turns":8},{"damage":6,"enemies":"Shell Parasite","floor":18,"turns":2},{"damage":0,"enemies":"Spheric Guardian","floor":21,"turns":2},{"damage":2,"enemies":"Slavers","floor":23,"turns":5},{"damage":3,"enemies":"Book of Stabbing","floor":25,"turns":4},{"damage":6,"enemies":"Slavers","floor":27,"turns":6},{"damage":26,"enemies":"Book of Stabbing","floor":29,"turns":5},{"damage":23,"enemies":"Snake Plant","floor":30,"turns":4},{"damage":52,"enemies":"Automaton","floor":33,"turns":6}],"seed_played":"6761566702435973127","potions_obtained":[{"floor":1,"key":"Regen Potion"},{"floor":12,"key":"EssenceOfSteel"},{"floor":14,"key":"Swift Potion"},{"floor":16,"key":"Regen Potion"},{"floor":18,"key":"SneckoOil"},{"floor":21,"key":"Block Potion"}],"is_trial":false,"path_per_floor":["M","M","?","$","?","E","R","M","T","R","?","M","R","E","R","B",null,"M","?","?","M","?","E","R","E","T","E","R","E","M","$","R","B"],"character_chosen":"IRONCLAD","items_purchased":["Wild Strike+1","Twin Strike+1","Sling","Wild Strike+1","Double Tap+1","Headbutt+1"],"campfire_rested":1,"item_purchase_floors":[4,4,31,31,31,31],"current_hp_per_floor":[74,75,64,64,38,44,44,52,52,52,52,54,54,49,49,19,69,69,69,42,42,36,40,40,42,42,42,42,24,19,19,32,0],"gold":8,"neow_bonus":"THREE_ENEMY_KILL","is_prod":false,"is_daily":false,"chose_seed":false,"campfire_upgraded":6,"win_rate":0,"timestamp":1552453880,"path_taken":["M","M","?","$","?","E","R","M","T","R","?","M","R","E","R","BOSS","M","?","?","M","?","E","R","E","T","E","R","E","M","?","R","BOSS"],"build_version":"2019-01-23","purchased_purges":0,"victory":false,"max_hp_per_floor":[75,75,75,75,75,75,75,75,75,75,75,75,75,85,85,85,85,85,85,42,42,42,42,42,42,42,42,42,44,44,44,44,44],"card_choices":[{"not_picked":["Dropkick","Seeing Red"],"picked":"Thunderclap","floor":1},{"not_picked":["Warcry","Sentinel"],"picked":"Perfected Strike","floor":2},{"not_picked":["Sentinel","Anger+1"],"picked":"True Grit","floor":6},{"not_picked":["Iron Wave+1","Flame Barrier+1","Body Slam+1"],"picked":"SKIP","floor":8},{"not_picked":["Thunderclap+1","Warcry+1"],"picked":"Perfected Strike+1","floor":12},{"not_picked":["Blood for Blood+1","Anger+1"],"picked":"Shrug It Off+1","floor":14},{"not_picked":["Dark Embrace","Brutality"],"picked":"Immolate+1","floor":16},{"not_picked":["Heavy Blade+1","Corruption"],"picked":"Disarm+1","floor":18},{"not_picked":["Clash+1","Sword Boomerang+1"],"picked":"True Grit+1","floor":21},{"not_picked":["Second Wind+1","Carnage+1"],"picked":"True Grit+1","floor":23},{"not_picked":["Pummel+1","Power Through+1"],"picked":"Pommel Strike+1","floor":25},{"not_picked":["Flex+1","Anger+1"],"picked":"Wild Strike+1","floor":27},{"not_picked":["Cleave+1","Havoc+1","Metallicize"],"picked":"Singing Bowl","floor":29},{"not_picked":["Combust","Rupture"],"picked":"Perfected Strike+1","floor":30}],"player_experience":1065176,"relics_obtained":[{"floor":6,"key":"Toxic Egg 2"},{"floor":9,"key":"Lantern"},{"floor":14,"key":"Pear"},{"floor":23,"key":"Art of War"},{"floor":25,"key":"Singing Bowl"},{"floor":26,"key":"MawBank"},{"floor":27,"key":"Ornamental Fan"},{"floor":29,"key":"Meat on the Bone"}],"event_choices":[{"damage_healed":0,"gold_gain":0,"player_choice":"Success","damage_taken":11,"relics_obtained":["Molten Egg 2"],"max_hp_gain":0,"max_hp_loss":0,"event_name":"Scrap Ooze","floor":3,"gold_loss":0},{"damage_healed":0,"gold_gain":0,"player_choice":"Take Damage","damage_taken":26,"relics_obtained":["Golden Idol"],"max_hp_gain":0,"max_hp_loss":0,"event_name":"Golden Idol","floor":5,"gold_loss":0},{"cards_removed":["Defend_R"],"damage_healed":0,"gold_gain":0,"player_choice":"Card Removal","damage_taken":0,"max_hp_gain":0,"max_hp_loss":0,"event_name":"The Cleric","floor":11,"gold_loss":75},{"damage_healed":0,"gold_gain":0,"player_choice":"Read","damage_taken":0,"max_hp_gain":0,"max_hp_loss":0,"event_name":"The Library","floor":19,"gold_loss":0,"cards_obtained":["Rage"]},{"damage_healed":0,"gold_gain":0,"player_choice":"Became a Ghost","damage_taken":0,"max_hp_gain":0,"max_hp_loss":43,"event_name":"Ghosts","floor":20,"gold_loss":0,"cards_obtained":["Ghostly","Ghostly","Ghostly"]},{"damage_healed":0,"gold_gain":0,"player_choice":"Joined the Cult","damage_taken":6,"max_hp_gain":0,"max_hp_loss":0,"event_name":"Nest","floor":22,"gold_loss":0,"cards_obtained":["RitualDagger"]}],"is_beta":false,"boss_relics":[{"not_picked":["Black Star","Runic Pyramid"],"picked":"Philosopher\u0027s Stone"}],"items_purged_floors":[],"is_endless":false,"potions_floor_spawned":[1,12,14,16,18,21],"killed_by":"Automaton","ascension_level":17}