{"gold_per_floor":[110,130,147,147,57,57,76,101,174,174],"floor_reached":10,"playtime":465,"items_purged":[],"score":136,"play_id":"84dcbe18-7c4c-4ce3-ad72-4985ab61e1fb","local_time":"20190506085802","is_ascension_mode":true,"campfire_choices":[{"data":"Noxious Fumes","floor":6.0,"key":"SMITH"}],"neow_cost":"NONE","seed_source_timestamp":0,"circlet_count":0,"master_deck":["AscendersBane","Defend_G","Defend_G","Defend_G","Defend_G","Defend_G","Strike_G","Strike_G","Strike_G","Strike_G","Survivor","Neutralize","Slice","Leg Sweep","Skewer","Noxious Fumes+1","All Out Attack"],"special_seed":0,"relics":["Ring of the Snake","Nunchaku","Ornamental Fan"],"potions_floor_usage":[],"damage_taken":[{"damage":17.0,"enemies":"Cultist","floor":1.0,"turns":6.0},{"damage":11.0,"enemies":"Small Slimes","floor":2.0,"turns":4.0},{"damage":6.0,"enemies":"Jaw Worm","floor":3.0,"turns":9.0},{"damage":7.0,"enemies":"2 Fungi Beasts","floor":7.0,"turns":5.0},{"damage":30.0,"enemies":"3 Sentries","floor":8.0,"turns":7.0},{"damage":15,"enemies":"Gremlin Nob","floor":10,"turns":3}],"seed_played":"-780740936199554926","potions_obtained":[{"floor":2.0,"key":"SteroidPotion"},{"floor":4.0,"key":"Fruit Juice"},{"floor":4.0,"key":"Regen Potion"}],"is_trial":false,"path_per_floor":["M","M","M","?","$","R","M","E","T","E"],"character_chosen":"THE_SILENT","items_purchased":["Noxious Fumes"],"campfire_rested":0,"item_purchase_floors":[5],"current_hp_per_floor":[42,31,25,30,30,30,23,8,8,0],"gold":174,"neow_bonus":"REMOVE_CARD","is_prod":false,"is_daily":false,"chose_seed":false,"campfire_upgraded":1,"win_rate":0,"timestamp":1557147482,"path_taken":["M","?","M","?","$","R","M","E","T","E"],"build_version":"2019-01-23","purchased_purges":0,"victory":false,"max_hp_per_floor":[66,66,66,71,71,71,71,71,71,71],"card_choices":[{"not_picked":["Underhanded Strike","Endless Agony"],"picked":"Slice","floor":1.0},{"not_picked":["Dagger Throw","Endless Agony"],"picked":"Leg Sweep","floor":2.0},{"not_picked":["Cloak And Dagger","Slice"],"picked":"Skewer","floor":3.0},{"not_picked":["Accuracy","Concentrate"],"picked":"All Out Attack","floor":7.0},{"not_picked":["Deflect","Quick Slash","Outmaneuver"],"picked":"SKIP","floor":8.0}],"player_experience":2393789,"relics_obtained":[{"floor":8.0,"key":"Nunchaku"},{"floor":9.0,"key":"Ornamental Fan"}],"event_choices":[{"damage_healed":0.0,"max_hp_gain":0.0,"max_hp_loss":0.0,"gold_gain":0.0,"event_name":"Lab","player_choice":"Got Potions","floor":4.0,"gold_loss":0.0,"damage_taken":0.0}],"is_beta":false,"boss_relics":[],"items_purged_floors":[],"is_endless":false,"potions_floor_spawned":[2,7],"killed_by":"Gremlin Nob","ascension_level":20}