{"gold_per_floor":[119,62,62,72,222,250,250,284,284,284,284,284,48,67,67,146,146,159,22,52,2,15,15],"floor_reached":23,"playtime":990,"items_purged":["Doubt"],"score":440,"play_id":"3b837501-02a9-4a42-8948-f2d709c3314b","local_time":"20190424235926","is_ascension_mode":true,"campfire_choices":[{"data":"Clash","floor":7,"key":"SMITH"},{"data":"Warcry","floor":10,"key":"SMITH"},{"data":"Metallicize","floor":12,"key":"SMITH"},{"data":"Barricade","floor":15,"key":"SMITH"}],"neow_cost":"NONE","seed_source_timestamp":193939410783238,"circlet_count":0,"master_deck":["AscendersBane","Strike_R","Strike_R","Strike_R","Strike_R","Strike_R","Defend_R","Defend_R","Defend_R","Defend_R","Bash+1","Heavy Blade","Shrug It Off","Metallicize+1","Clash+1","Warcry+1","Barricade+1","Shrug It Off","Impervious","Burning Pact","Corruption"],"relics":["Burning Blood","NeowsBlessing","Blue Candle","Anchor","Pantograph","Smiling Mask","Bag of Marbles","Velvet Choker","Red Mask"],"potions_floor_usage":[8,14,16,20,23,23],"damage_taken":[{"damage":0,"enemies":"Jaw Worm","floor":1,"turns":1},{"damage":0,"enemies":"Small Slimes","floor":4,"turns":1},{"damage":0,"enemies":"Lagavulin","floor":6,"turns":1},{"damage":28,"enemies":"3 Sentries","floor":8,"turns":16},{"damage":7,"enemies":"Cultist","floor":14,"turns":4},{"damage":29,"enemies":"The Guardian","floor":16,"turns":12},{"damage":3,"enemies":"Chosen","floor":18,"turns":6},{"damage":53,"enemies":"Masked Bandits","floor":20,"turns":5},{"damage":6,"enemies":"2 Thieves","floor":22,"turns":5},{"damage":26,"enemies":"Book of Stabbing","floor":23,"turns":6}],"seed_played":"1111476545638547110","potions_obtained":[{"floor":1,"key":"EssenceOfSteel"},{"floor":6,"key":"Swift Potion"},{"floor":8,"key":"SneckoOil"},{"floor":16,"key":"Strength Potion"},{"floor":22,"key":"Weak Potion"}],"is_trial":false,"path_per_floor":["M","$","?","M","?","E","R","E","T","R","?","R","$","M","R","B",null,"M","$","?","$","M","E"],"character_chosen":"IRONCLAD","items_purchased":["Shrug It Off","Barricade","Bag of Marbles","PowerPotion","Corruption"],"campfire_rested":0,"item_purchase_floors":[2,13,13,19,19],"current_hp_per_floor":[74,74,74,75,75,75,75,53,53,53,42,42,42,41,41,43,67,70,70,23,23,23,0],"gold":15,"neow_bonus":"THREE_ENEMY_KILL","is_prod":false,"is_daily":false,"chose_seed":false,"campfire_upgraded":4,"win_rate":0,"timestamp":1556164766,"path_taken":["M","$","?","M","?","E","R","E","T","R","?","R","$","M","R","BOSS","M","$","?","$","M","E"],"build_version":"2019-01-23","purchased_purges":1,"victory":false,"max_hp_per_floor":[75,75,75,75,75,75,75,75,75,75,75,75,75,75,75,75,75,75,75,75,75,75,75],"card_choices":[{"not_picked":["Rage","Havoc"],"picked":"Heavy Blade","floor":1},{"not_picked":["Whirlwind","Reckless Charge"],"picked":"Metallicize","floor":4},{"not_picked":["Dropkick","Burning Pact"],"picked":"Clash","floor":6},{"not_picked":["Rage","Body Slam"],"picked":"Warcry","floor":8},{"not_picked":["Heavy Blade","Armaments"],"picked":"Shrug It Off","floor":14},{"not_picked":["Immolate","Limit Break"],"picked":"Impervious","floor":16},{"not_picked":["Heavy Blade","Rage"],"picked":"Burning Pact","floor":18},{"not_picked":["Headbutt","Thunderclap","Sever Soul"],"picked":"SKIP","floor":22}],"player_experience":1926457,"relics_obtained":[{"floor":6,"key":"Blue Candle"},{"floor":8,"key":"Anchor"},{"floor":9,"key":"Pantograph"},{"floor":20,"key":"Red Mask"}],"event_choices":[{"damage_healed":0,"gold_gain":0,"player_choice":"Grow","damage_taken":0,"max_hp_gain":0,"max_hp_loss":0,"event_name":"Living Wall","floor":3,"gold_loss":0,"cards_upgraded":["Bash"]},{"damage_healed":0,"gold_gain":150,"player_choice":"AGREE","damage_taken":0,"max_hp_gain":0,"max_hp_loss":0,"event_name":"Liars Game","floor":5,"gold_loss":0,"cards_obtained":["Doubt"]},{"damage_healed":0,"gold_gain":0,"player_choice":"Success","damage_taken":11,"relics_obtained":["Smiling Mask"],"max_hp_gain":0,"max_hp_loss":0,"event_name":"Scrap Ooze","floor":11,"gold_loss":0},{"damage_healed":0,"gold_gain":0,"player_choice":"Fought Bandits","damage_taken":0,"max_hp_gain":0,"max_hp_loss":0,"event_name":"Masked Bandits","floor":20,"gold_loss":0}],"is_beta":false,"boss_relics":[{"not_picked":["Eternal Feather","Black Blood"],"picked":"Velvet Choker"}],"items_purged_floors":[21],"is_endless":false,"potions_floor_spawned":[1,6,8,16,22],"killed_by":"Book of Stabbing","ascension_level":20}