{"gold_per_floor":[110,26,42,56,71,71,146,146,146,157,169,169,203,218,218,218],"floor_reached":16,"playtime":499,"items_purged":[],"score":208,"play_id":"3ddaadec-3f2b-4fe6-883b-9a7433286e2d","local_time":"20190202000951","is_ascension_mode":true,"campfire_choices":[{"data":"Sunder","floor":6,"key":"SMITH"},{"data":"Genetic Algorithm","floor":8,"key":"SMITH"},{"floor":12,"key":"REST"},{"floor":15,"key":"REST"}],"neow_cost":"NONE","seed_source_timestamp":226641000433639,"circlet_count":0,"master_deck":["AscendersBane","Strike_B","Strike_B","Strike_B","Strike_B","Defend_B","Defend_B","Defend_B","Defend_B","Zap","Dualcast","Loop","Sunder+1","Conserve Battery","Genetic Algorithm+1","Glacier","Sweeping Beam","Ball Lightning"],"relics":["Cracked Core","Vajra","Peace Pipe","Girya"],"potions_floor_usage":[16,16],"damage_taken":[{"damage":1,"enemies":"Cultist","floor":1,"turns":3},{"damage":4,"enemies":"2 Louse","floor":3,"turns":2},{"damage":4,"enemies":"Small Slimes","floor":4,"turns":3},{"damage":8,"enemies":"Blue Slaver","floor":5,"turns":3},{"damage":19,"enemies":"Exordium Thugs","floor":10,"turns":5},{"damage":5,"enemies":"Large Slime","floor":11,"turns":5},{"damage":15,"enemies":"3 Sentries","floor":13,"turns":6},{"damage":0,"enemies":"2 Fungi Beasts","floor":14,"turns":3},{"damage":42,"enemies":"Hexaghost","floor":16,"turns":11}],"seed_played":"-2987948187254447556","potions_obtained":[{"floor":1,"key":"SteroidPotion"},{"floor":3,"key":"Dexterity Potion"},{"floor":5,"key":"FearPotion"}],"is_trial":false,"path_per_floor":["M","$","M","M","M","R","?","R","T","M","M","R","E","M","R","B"],"character_chosen":"DEFECT","items_purchased":["Sunder"],"campfire_rested":2,"item_purchase_floors":[2],"current_hp_per_floor":[63,63,59,55,47,47,36,36,36,17,12,33,18,18,39,0],"gold":218,"neow_bonus":"RANDOM_COMMON_RELIC","is_prod":false,"is_daily":false,"chose_seed":false,"campfire_upgraded":2,"win_rate":0,"timestamp":1549091391,"path_taken":["M","$","?","M","M","R","?","R","T","M","M","R","E","M","R","BOSS"],"build_version":"2019-01-23","purchased_purges":0,"victory":false,"max_hp_per_floor":[71,71,71,71,71,71,71,71,71,71,71,71,71,71,71,71],"card_choices":[{"not_picked":["Heatsinks","Go for the Eyes"],"picked":"Loop","floor":1},{"not_picked":["Redo","Beam Cell"],"picked":"Conserve Battery","floor":3},{"not_picked":["Streamline","Self Repair"],"picked":"Genetic Algorithm","floor":4},{"not_picked":["White Noise","Static Discharge"],"picked":"Glacier","floor":5},{"not_picked":["Stack","Skim"],"picked":"Sweeping Beam","floor":10},{"not_picked":["Redo","Go for the Eyes","Gash"],"picked":"SKIP","floor":11},{"not_picked":["Storm","Sweeping Beam","White Noise"],"picked":"SKIP","floor":13},{"not_picked":["Sweeping Beam","Turbo"],"picked":"Ball Lightning","floor":14}],"player_experience":1059846,"relics_obtained":[{"floor":9,"key":"Peace Pipe"},{"floor":13,"key":"Girya"}],"event_choices":[{"damage_healed":0,"gold_gain":75,"player_choice":"Gather Gold","damage_taken":11,"max_hp_gain":0,"max_hp_loss":0,"event_name":"World of Goop","floor":7,"gold_loss":0}],"is_beta":true,"boss_relics":[],"items_purged_floors":[],"is_endless":false,"potions_floor_spawned":[1,3,5],"killed_by":"Hexaghost","ascension_level":20}