{"gold_per_floor":[113,113,113,113,132,132,142,142,167,177,189,189,222,241,241,317,317,330,45,45,45,68,93,93,123,123,123,141,156,187,237,237,237],"floor_reached":33,"playtime":1521,"items_purged":[],"score":656,"play_id":"92feeecb-d8c1-4561-97a4-f47684f3a2cc","local_time":"20190505211427","is_ascension_mode":true,"campfire_choices":[{"data":"Sunder","floor":6,"key":"SMITH"},{"data":"Zap","floor":8,"key":"SMITH"},{"data":"Ball Lightning","floor":12,"key":"SMITH"},{"data":"Go for the Eyes","floor":15,"key":"SMITH"},{"data":"Biased Cognition","floor":24,"key":"SMITH"},{"floor":27,"key":"REST"},{"floor":32,"key":"REST"}],"neow_cost":"NONE","seed_source_timestamp":473429609076760,"circlet_count":0,"master_deck":["AscendersBane","Strike_B+1","Strike_B+1","Strike_B+1","Defend_B","Defend_B","Defend_B+1","Defend_B","Zap+1","Dualcast+1","Sunder+1","Glacier","Self Repair","Ball Lightning+1","Go for the Eyes+1","Buffer","Gash","Biased Cognition+1","Decay","Gash","Coolheaded","Doom and Gloom","Sweeping Beam+1","Hologram","Reprogram+1"],"relics":["Lizard Tail","Dream Catcher","Whetstone","Bird Faced Urn","Sozu","Tiny Chest","Orichalcum","Letter Opener","Ornamental Fan","War Paint"],"potions_floor_usage":[25,33],"damage_taken":[{"damage":6,"enemies":"Jaw Worm","floor":1,"turns":4},{"damage":5,"enemies":"2 Louse","floor":5,"turns":3},{"damage":0,"enemies":"Cultist","floor":7,"turns":3},{"damage":0,"enemies":"Gremlin Gang","floor":10,"turns":5},{"damage":0,"enemies":"Looter","floor":11,"turns":3},{"damage":13,"enemies":"3 Sentries","floor":13,"turns":8},{"damage":0,"enemies":"Exordium Thugs","floor":14,"turns":4},{"damage":12,"enemies":"The Guardian","floor":16,"turns":11},{"damage":11,"enemies":"Spheric Guardian","floor":18,"turns":4},{"damage":56,"enemies":"Gremlin Leader","floor":23,"turns":7},{"damage":60,"enemies":"Book of Stabbing","floor":25,"turns":7},{"damage":21,"enemies":"2 Thieves","floor":28,"turns":3},{"damage":12,"enemies":"3 Cultists","floor":29,"turns":5},{"damage":0,"enemies":"Gremlin Leader","floor":30,"turns":5},{"damage":66,"enemies":"Champ","floor":33,"turns":12}],"seed_played":"2547598052535880021","potions_obtained":[{"floor":1,"key":"EssenceOfSteel"},{"floor":5,"key":"Swift Potion"},{"floor":11,"key":"SpeedPotion"},{"floor":13,"key":"EssenceOfSteel"}],"is_trial":false,"path_per_floor":["M","?","?","?","M","R","M","R","T","M","M","R","E","M","R","B",null,"M","$","?","$","T","E","R","E","T","R","M","M","E","?","R","B"],"character_chosen":"DEFECT","items_purchased":["Biased Cognition","Tiny Chest"],"campfire_rested":2,"item_purchase_floors":[19,19],"current_hp_per_floor":[58,37,30,30,25,25,25,25,25,32,39,39,33,42,42,39,63,63,63,63,63,63,20,20,12,12,33,21,22,24,24,45,0],"gold":237,"neow_bonus":"BOSS_RELIC","is_prod":false,"is_daily":false,"chose_seed":false,"campfire_upgraded":5,"win_rate":0,"timestamp":1557116067,"path_taken":["M","?","?","?","M","R","?","R","T","?","M","R","E","M","R","BOSS","M","$","?","?","?","E","R","E","T","R","M","?","E","?","R","BOSS"],"build_version":"2019-04-23","purchased_purges":0,"victory":false,"max_hp_per_floor":[71,71,71,71,71,71,71,71,71,71,71,71,71,71,71,71,71,71,71,71,71,71,71,71,71,71,71,71,71,71,71,71,71],"card_choices":[{"not_picked":["Skim","Double Energy"],"picked":"Sunder","floor":1},{"not_picked":["Capacitor","Force Field"],"picked":"Glacier","floor":5},{"not_picked":["Redo","Stack"],"picked":"Self Repair","floor":7},{"not_picked":["Conserve Battery","Scrape","Turbo"],"picked":"SKIP","floor":10},{"not_picked":["Chaos","Leap"],"picked":"Ball Lightning","floor":11},{"not_picked":["Streamline","Cold Snap"],"picked":"Go for the Eyes","floor":13},{"not_picked":["Streamline","Reprogram","Barrage"],"picked":"SKIP","floor":14},{"not_picked":["Meteor Strike","Reboot"],"picked":"Buffer","floor":16},{"not_picked":["Scrape","BootSequence"],"picked":"Gash","floor":18},{"not_picked":["Rebound+1","Redo"],"picked":"Gash","floor":23},{"not_picked":["Steam Power","Melter"],"picked":"Coolheaded","floor":25},{"not_picked":["Beam Cell","Lockon"],"picked":"Doom and Gloom","floor":27},{"not_picked":["Go for the Eyes+1","Force Field"],"picked":"Sweeping Beam+1","floor":28},{"not_picked":["Streamline","Gash"],"picked":"Hologram","floor":29},{"not_picked":["Fusion","Heatsinks"],"picked":"Reprogram","floor":30}],"player_experience":6192092,"relics_obtained":[{"floor":9,"key":"Whetstone"},{"floor":13,"key":"Bird Faced Urn"},{"floor":23,"key":"Orichalcum"},{"floor":25,"key":"Letter Opener"},{"floor":26,"key":"Ornamental Fan"},{"floor":30,"key":"War Paint"}],"event_choices":[{"damage_healed":0,"gold_gain":0,"player_choice":"Entered Light","damage_taken":21,"max_hp_gain":0,"max_hp_loss":0,"event_name":"Shining Light","floor":2,"gold_loss":0,"cards_upgraded":["Dualcast","Strike_B"]},{"cards_removed":["Strike_B"],"damage_healed":0,"gold_gain":0,"player_choice":"Card Removal","damage_taken":7,"max_hp_gain":0,"max_hp_loss":0,"event_name":"Golden Wing","floor":3,"gold_loss":0},{"damage_healed":0,"gold_gain":0,"player_choice":"Gave Potion","damage_taken":0,"relics_obtained":["Dream Catcher"],"max_hp_gain":0,"max_hp_loss":0,"event_name":"WeMeetAgain","floor":4,"gold_loss":0},{"damage_healed":0,"gold_gain":0,"player_choice":"Cursed","damage_taken":0,"max_hp_gain":0,"max_hp_loss":0,"event_name":"Wheel of Change","floor":20,"gold_loss":0,"cards_obtained":["Decay"]},{"damage_healed":0,"gold_gain":50,"player_choice":"Stole From Cult","damage_taken":0,"max_hp_gain":0,"max_hp_loss":0,"event_name":"Nest","floor":31,"gold_loss":0}],"is_beta":true,"boss_relics":[{"not_picked":["Fusion Hammer","Pandora\u0027s Box"],"picked":"Sozu"}],"items_purged_floors":[],"is_endless":false,"potions_floor_spawned":[1,5,11,13,29],"killed_by":"Champ","ascension_level":20}