{"gold_per_floor":[116,29,44,57,57,57,91,91,168,168,185,185,215,228,228,306,306,324,324,337,337],"floor_reached":21,"playtime":574,"items_purged":[],"score":378,"play_id":"761080c9-7ec7-4e94-9386-c87eff72d5d5","local_time":"20190223215608","is_ascension_mode":true,"campfire_choices":[{"data":"Neutralize","floor":6.0,"key":"SMITH"},{"data":"Malaise","floor":8,"key":"SMITH"},{"data":"Noxious Fumes","floor":10,"key":"SMITH"},{"data":"Footwork","floor":15,"key":"SMITH"}],"neow_cost":"NONE","seed_source_timestamp":0,"circlet_count":0,"master_deck":["AscendersBane","Survivor","Neutralize+1","Flying Knee","Noxious Fumes+1","Backflip","Dagger Throw","Malaise+1","All Out Attack","Footwork+1","Burst","Tactician","Accuracy","Bouncing Flask","Expertise","Eviscerate","Catalyst","Grand Finale","Dagger Spray","After Image","Riddle With Holes"],"special_seed":0,"relics":["Ring of the Snake","NeowsBlessing","Anchor","Tiny Chest","Mercury Hourglass","Pandora\u0027s Box"],"potions_floor_usage":[7,13,16,21],"damage_taken":[{"damage":0.0,"enemies":"Jaw Worm","floor":1.0,"turns":1.0},{"damage":0.0,"enemies":"2 Louse","floor":3.0,"turns":2.0},{"damage":0.0,"enemies":"Small Slimes","floor":4.0,"turns":1.0},{"damage":15,"enemies":"3 Sentries","floor":7,"turns":8},{"damage":0,"enemies":"2 Fungi Beasts","floor":11,"turns":4},{"damage":37,"enemies":"Gremlin Nob","floor":13,"turns":5},{"damage":0,"enemies":"3 Louse","floor":14,"turns":2},{"damage":9,"enemies":"The Guardian","floor":16,"turns":12},{"damage":14,"enemies":"3 Byrds","floor":18,"turns":4},{"damage":17,"enemies":"2 Thieves","floor":20,"turns":3},{"damage":36,"enemies":"Cultist and Chosen","floor":21,"turns":4}],"seed_played":"-6370229325627377732","potions_obtained":[{"floor":1.0,"key":"SteroidPotion"},{"floor":4.0,"key":"SteroidPotion"},{"floor":7,"key":"Weak Potion"},{"floor":14,"key":"Swift Potion"}],"is_trial":false,"path_per_floor":["M","$","M","M","?","R","E","R","T","R","M","?","E","M","R","B",null,"M","?","M","M"],"character_chosen":"THE_SILENT","items_purchased":["Noxious Fumes"],"campfire_rested":0,"item_purchase_floors":[2],"current_hp_per_floor":[59,59,59,59,59,59,44,44,44,44,44,66,29,29,29,20,55,41,41,24,0],"gold":337,"neow_bonus":"THREE_ENEMY_KILL","is_prod":false,"is_daily":false,"chose_seed":false,"campfire_upgraded":4,"win_rate":0,"timestamp":1550984168,"path_taken":["M","$","M","M","?","R","E","R","T","R","M","?","E","M","R","BOSS","M","?","M","M"],"build_version":"2019-02-06","purchased_purges":0,"victory":false,"max_hp_per_floor":[66,66,66,66,66,66,66,66,66,66,66,66,66,66,66,66,66,66,66,66,66],"card_choices":[{"not_picked":["Choke","Quick Slash"],"picked":"Flying Knee","floor":1.0},{"not_picked":["PiercingWail","Sucker Punch"],"picked":"Backflip","floor":3.0},{"not_picked":["Slice","Tactician"],"picked":"Dagger Throw","floor":4.0},{"not_picked":["Flying Knee","Acrobatics"],"picked":"Malaise","floor":7},{"not_picked":["Blade Dance","Dodge and Roll"],"picked":"All Out Attack","floor":11},{"not_picked":["Calculated Gamble","Noxious Fumes"],"picked":"Footwork","floor":13},{"not_picked":["Deflect","Dagger Throw","Poisoned Stab"],"picked":"SKIP","floor":14},{"not_picked":["Phantasmal Killer","A Thousand Cuts"],"picked":"Burst","floor":16},{"not_picked":["Deadly Poison","Setup","Riddle With Holes"],"picked":"SKIP","floor":18},{"not_picked":["Deflect","Slice","Quick Slash"],"picked":"SKIP","floor":20}],"player_experience":1127503,"relics_obtained":[{"floor":7,"key":"Anchor"},{"floor":9,"key":"Tiny Chest"},{"floor":13,"key":"Mercury Hourglass"}],"event_choices":[{"damage_healed":0.0,"max_hp_gain":0.0,"max_hp_loss":0.0,"gold_gain":0.0,"event_name":"The Cleric","player_choice":"Leave","floor":5.0,"gold_loss":0.0,"damage_taken":0.0},{"damage_healed":22,"gold_gain":0,"player_choice":"Banana","damage_taken":0,"max_hp_gain":0,"max_hp_loss":0,"event_name":"Big Fish","floor":12,"gold_loss":0},{"damage_healed":0,"gold_gain":0,"player_choice":"Ignored","damage_taken":0,"max_hp_gain":0,"max_hp_loss":0,"event_name":"The Mausoleum","floor":19,"gold_loss":0}],"is_beta":true,"boss_relics":[{"not_picked":["Snecko Eye","Calling Bell"],"picked":"Pandora\u0027s Box"}],"items_purged_floors":[],"is_endless":false,"potions_floor_spawned":[1,4,7,14],"killed_by":"Cultist and Chosen","ascension_level":20}