{"gold_per_floor":[112,126,145,54,65,65,94,94,120,120,120,70,96,106,106,183,183,201,116,132,132,55,86,86,114,160,160,176,176,202,217,217,291,341,356,375,393,393,410,439,439,9,9,23,49,49,61,61,61,61],"floor_reached":51,"playtime":2478,"items_purged":["Defend_R","Writhe","Defend_R"],"score":1650,"play_id":"e107fca6-ad79-4c24-97c9-1ec0f3147887","local_time":"20180909145559","is_ascension_mode":true,"campfire_choices":[{"data":"Dramatic Entrance","floor":6,"key":"SMITH"},{"data":"Rage","floor":8,"key":"SMITH"},{"data":"Twin Strike","floor":10,"key":"SMITH"},{"data":"Wild Strike","floor":15,"key":"SMITH"},{"data":"Armaments","floor":24,"key":"SMITH"},{"data":"Barricade","floor":27,"key":"SMITH"},{"data":"Juggernaut","floor":32,"key":"SMITH"},{"data":"Inflame","floor":46,"key":"SMITH"},{"data":"Brutality","floor":49,"key":"SMITH"}],"neow_cost":"","seed_source_timestamp":590329555807476,"circlet_count":0,"master_deck":["Strike_R","Strike_R","Strike_R","Strike_R","Strike_R","Defend_R+1","Bash","AscendersBane","Pommel Strike","Rage+1","Pommel Strike","Dramatic Entrance+1","Twin Strike+1","Offering+1","Shrug It Off+1","Wild Strike+1","Juggernaut+1","Perfected Strike","Brutality+1","Armaments+1","Barricade+1","Perfected Strike","Pommel Strike+1","Ghostly","Ghostly","Ghostly","Ghostly","Ghostly","Iron Wave","Inflame+1","Perfected Strike+1","Spot Weakness+1"],"relics":["Burning Blood","Bronze Scales","Bag of Preparation","Smiling Mask","Regal Pillow","Coffee Dripper","StoneCalendar","Thread and Needle","Bag of Marbles","PreservedInsect","Pen Nib","War Paint","Tiny House","Ice Cream","Incense Burner","Peace Pipe","Meat on the Bone"],"potions_floor_usage":[3,5,16,25,33,36,39,40,50,50],"damage_taken":[{"damage":12,"enemies":"Jaw Worm","floor":1,"turns":3},{"damage":6,"enemies":"Cultist","floor":2,"turns":3},{"damage":2,"enemies":"Small Slimes","floor":3,"turns":3},{"damage":11,"enemies":"Exordium Thugs","floor":5,"turns":5},{"damage":26,"enemies":"Gremlin Nob","floor":7,"turns":4},{"damage":16,"enemies":"3 Sentries","floor":13,"turns":4},{"damage":0,"enemies":"Lots of Slimes","floor":14,"turns":2},{"damage":30,"enemies":"Slime Boss","floor":16,"turns":11},{"damage":12,"enemies":"Spheric Guardian","floor":18,"turns":2},{"damage":6,"enemies":"Shell Parasite","floor":20,"turns":2},{"damage":25,"enemies":"Book of Stabbing","floor":23,"turns":4},{"damage":8,"enemies":"Slavers","floor":25,"turns":3},{"damage":7,"enemies":"Snake Plant","floor":28,"turns":4},{"damage":0,"enemies":"Book of Stabbing","floor":30,"turns":4},{"damage":0,"enemies":"Snecko","floor":31,"turns":5},{"damage":15,"enemies":"Collector","floor":33,"turns":8},{"damage":0,"enemies":"3 Shapes","floor":35,"turns":4},{"damage":1,"enemies":"3 Darklings","floor":36,"turns":3},{"damage":11,"enemies":"4 Shapes","floor":37,"turns":5},{"damage":1,"enemies":"Sphere and 2 Shapes","floor":39,"turns":5},{"damage":5,"enemies":"Giant Head","floor":40,"turns":6},{"damage":4,"enemies":"Reptomancer","floor":44,"turns":5},{"damage":0,"enemies":"2 Orb Walkers","floor":45,"turns":4},{"damage":3,"enemies":"3 Darklings","floor":47,"turns":3},{"damage":13,"enemies":"Donu and Deca","floor":50,"turns":8}],"seed_played":"2963322484462394115","potions_obtained":[{"floor":2,"key":"SkillPotion"},{"floor":3,"key":"Dexterity Potion"},{"floor":7,"key":"Strength Potion"},{"floor":14,"key":"SneckoOil"},{"floor":16,"key":"Swift Potion"},{"floor":23,"key":"SpeedPotion"},{"floor":25,"key":"Ancient Potion"},{"floor":31,"key":"Dexterity Potion"},{"floor":33,"key":"SteroidPotion"},{"floor":37,"key":"GamblersBrew"},{"floor":38,"key":"Energy Potion"},{"floor":38,"key":"Energy Potion"},{"floor":39,"key":"Strength Potion"}],"is_trial":false,"path_per_floor":["M","M","M","$","M","R","E","R","T","R","?","$","E","M","R","B",null,"M","?","M","?","$","E","R","E","T","R","M","?","E","M","R","B",null,"M","M","M","?","M","E","?","$","T","M","E","R","M","?","R","B"],"character_chosen":"IRONCLAD","items_purchased":["Dramatic Entrance","Armaments","Incense Burner","LiquidBronze"],"campfire_rested":0,"item_purchase_floors":[4,22,42,42],"current_hp_per_floor":[62,62,66,66,61,61,41,41,41,41,41,41,31,37,37,13,60,54,54,54,54,54,35,35,33,33,33,32,32,37,37,37,28,40,42,42,37,37,42,42,42,42,42,42,42,42,42,42,42,35],"gold":61,"neow_bonus":"","is_prod":false,"is_daily":false,"chose_seed":false,"campfire_upgraded":9,"win_rate":0,"timestamp":1536519359,"path_taken":["M","M","M","$","M","R","E","R","T","R","?","?","E","?","R","BOSS","M","?","?","?","$","E","R","E","T","R","M","?","E","?","R","BOSS","M","M","M","?","M","E","?","$","T","M","E","R","M","?","R","BOSS"],"build_version":"2018-09-06","purchased_purges":3,"victory":true,"max_hp_per_floor":[75,75,75,75,75,75,75,75,75,75,75,75,75,75,75,75,75,75,75,75,75,75,75,75,75,75,75,75,37,37,37,37,37,42,42,42,42,42,42,42,42,42,42,42,42,42,42,42,42,42],"card_choices":[{"not_picked":["Pummel","Evolve"],"picked":"Pommel Strike","floor":1},{"not_picked":["Pummel","Heavy Blade"],"picked":"Rage","floor":2},{"not_picked":["Havoc","Warcry"],"picked":"Pommel Strike","floor":3},{"not_picked":["Carnage","Iron Wave"],"picked":"Twin Strike","floor":5},{"not_picked":["Searing Blow","Havoc"],"picked":"Offering","floor":7},{"not_picked":["Fire Breathing","Warcry"],"picked":"Shrug It Off","floor":13},{"not_picked":["Rage","Shrug It Off"],"picked":"Wild Strike","floor":14},{"not_picked":["Offering","Impervious"],"picked":"Juggernaut","floor":16},{"not_picked":["Warcry","Pummel"],"picked":"Perfected Strike","floor":18},{"not_picked":["Sword Boomerang","Flex"],"picked":"Brutality","floor":20},{"not_picked":["Flex","Sword Boomerang"],"picked":"Barricade","floor":23},{"not_picked":["True Grit","Entrench"],"picked":"Perfected Strike","floor":25},{"not_picked":["Ghostly Armor","Combust"],"picked":"Pommel Strike+1","floor":28},{"not_picked":["Fire Breathing","Limit Break"],"picked":"Iron Wave","floor":30},{"not_picked":["Armaments","Flame Barrier"],"picked":"Inflame","floor":31},{"not_picked":["Heavy Blade","Iron Wave"],"picked":"Shockwave","floor":34},{"not_picked":["Rampage+1","Armaments","Burning Pact+1"],"picked":"SKIP","floor":35},{"not_picked":["Havoc","Clothesline","Iron Wave"],"picked":"SKIP","floor":36},{"not_picked":["Rampage","Brutality","Rage"],"picked":"SKIP","floor":37},{"not_picked":["Warcry","Shockwave"],"picked":"Perfected Strike+1","floor":39},{"not_picked":["Shrug It Off+1","Havoc"],"picked":"Spot Weakness+1","floor":40},{"not_picked":["Sentinel","Searing Blow","Headbutt"],"picked":"SKIP","floor":44},{"not_picked":["Clothesline","Burning Pact","Headbutt"],"picked":"SKIP","floor":45},{"not_picked":["Shockwave","Sever Soul","Body Slam"],"picked":"SKIP","floor":47}],"player_experience":995979,"relics_obtained":[{"floor":7,"key":"Bronze Scales"},{"floor":9,"key":"Bag of Preparation"},{"floor":13,"key":"Regal Pillow"},{"floor":23,"key":"Bag of Marbles"},{"floor":25,"key":"PreservedInsect"},{"floor":26,"key":"Pen Nib"},{"floor":30,"key":"War Paint"},{"floor":40,"key":"Ice Cream"},{"floor":43,"key":"Peace Pipe"},{"floor":45,"key":"Meat on the Bone"}],"event_choices":[{"event_name":"WeMeetAgain","player_choice":"Potion","floor":11,"damage_taken":0},{"event_name":"Addict","player_choice":"Obtained Relic","floor":19,"damage_taken":0},{"event_name":"The Mausoleum","player_choice":"Yes","floor":21,"damage_taken":0},{"event_name":"Ghosts","player_choice":"Became a Ghost","floor":29,"damage_taken":0},{"event_name":"The Lab","player_choice":"Got Potions","floor":38,"damage_taken":0},{"event_name":"Falling","player_choice":"Removed Skill","floor":41,"damage_taken":0},{"event_name":"Purifier","player_choice":"One Purge","floor":48,"damage_taken":0}],"is_beta":false,"boss_relics":[{"not_picked":["Ectoplasm","White Beast Statue"],"picked":"Coffee Dripper"},{"not_picked":["Runic Pyramid","Orrery"],"picked":"Tiny House"}],"items_purged_floors":[12,22,42],"is_endless":false,"potions_floor_spawned":[2,3,7,14,16,23,25,31,33,37,39,44,45],"ascension_level":15}