{"gold_per_floor":[110,124,299,312,190,190,224,240,318,318,337,45,56,67,67,164,164,176,176,201,215,225,225,239,258,285,285,134,134,154,171,171,267,267,280,27,40,40,40,40,40,262,262,288,342,342,352,370,370,370],"floor_reached":51,"playtime":5038,"items_purged":["Doubt","Clumsy"],"score":706,"play_id":"9bf618ad-ca7e-497c-9d14-7130ead09675","local_time":"20180901171109","is_ascension_mode":false,"campfire_choices":[{"data":"Juggernaut","floor":6,"key":"SMITH"},{"data":"Hemokinesis","floor":10,"key":"SMITH"},{"data":"Rampage","floor":15,"key":"SMITH"},{"data":"Uppercut","floor":23,"key":"SMITH"},{"data":"Double Tap","floor":29,"key":"SMITH"},{"data":"Uppercut","floor":32,"key":"SMITH"},{"data":"Bludgeon","floor":40,"key":"SMITH"},{"floor":46,"key":"REST"},{"floor":49,"key":"REST"}],"neow_cost":"CURSE","seed_source_timestamp":1434664011376514,"circlet_count":0,"master_deck":["Strike_R+1","Strike_R+1","Strike_R+1","Strike_R+1","Defend_R+1","Defend_R+1","Defend_R+1","Bash","Iron Wave","Juggernaut+1","Metallicize","Twin Strike+1","Sword Boomerang","Iron Wave","Rampage+1","Hemokinesis+1","Uppercut+1","Double Tap+1","Battle Trance+1","Rage+1","Cleave+1","Juggernaut","Uppercut+1","Immolate+1","Barricade","Bludgeon+1","Writhe","Regret","Doubt","Uppercut+1","Flame Barrier+1"],"relics":["Burning Blood","Bird Faced Urn","Darkstone Periapt","ClockworkSouvenir","Snecko Eye","Lantern","Red Mask","Juzu Bracelet","Whetstone","Calling Bell","Boot","Smiling Mask","Mango","Paper Frog","Turnip","Letter Opener","War Paint","Magic Flower"],"potions_floor_usage":[18,20,33,50,50],"damage_taken":[{"damage":8,"enemies":"Jaw Worm","floor":1,"turns":4},{"damage":1,"enemies":"Cultist","floor":2,"turns":4},{"damage":0,"enemies":"2 Louse","floor":4,"turns":2},{"damage":10,"enemies":"Lagavulin","floor":7,"turns":5},{"damage":0,"enemies":"Large Slime","floor":8,"turns":5},{"damage":4,"enemies":"2 Fungi Beasts","floor":11,"turns":3},{"damage":6,"enemies":"Blue Slaver","floor":13,"turns":4},{"damage":4,"enemies":"Looter","floor":14,"turns":3},{"damage":55,"enemies":"Hexaghost","floor":16,"turns":9},{"damage":12,"enemies":"2 Thieves","floor":18,"turns":3},{"damage":22,"enemies":"Masked Bandits","floor":20,"turns":4},{"damage":2,"enemies":"Spheric Guardian","floor":21,"turns":3},{"damage":10,"enemies":"Centurion and Healer","floor":22,"turns":3},{"damage":3,"enemies":"Cultist and Chosen","floor":24,"turns":4},{"damage":16,"enemies":"Snake Plant","floor":25,"turns":3},{"damage":7,"enemies":"Centurion and Healer","floor":30,"turns":2},{"damage":17,"enemies":"Snecko","floor":31,"turns":4},{"damage":13,"enemies":"Collector","floor":33,"turns":5},{"damage":38,"enemies":"3 Darklings","floor":35,"turns":4},{"damage":11,"enemies":"Orb Walker","floor":37,"turns":2},{"damage":9,"enemies":"Mind Bloom Boss Battle","floor":39,"turns":6},{"damage":41,"enemies":"Giant Head","floor":44,"turns":7},{"damage":18,"enemies":"Mysterious Sphere","floor":45,"turns":3},{"damage":12,"enemies":"Spire Growth","floor":47,"turns":3},{"damage":0,"enemies":"Maw","floor":48,"turns":4},{"damage":76,"enemies":"Awakened One","floor":50,"turns":12}],"seed_played":"7885918888737320614","potions_obtained":[{"floor":4,"key":"SpeedPotion"},{"floor":7,"key":"Fire Potion"},{"floor":8,"key":"Block Potion"},{"floor":18,"key":"FearPotion"},{"floor":24,"key":"Dexterity Potion"},{"floor":37,"key":"SpeedPotion"}],"is_trial":false,"path_per_floor":["M","M","?","M","$","R","E","M","T","R","M","$","M","M","R","B",null,"M","?","?","M","M","R","M","M","T","?","$","R","M","M","R","B",null,"M","$","M","$","?","R","$","?","T","E","?","R","M","M","R","B"],"character_chosen":"IRONCLAD","items_purchased":["Iron Wave","ClockworkSouvenir","Whetstone","Paper Frog"],"campfire_rested":2,"item_purchase_floors":[5,12,28,36],"current_hp_per_floor":[78,80,80,80,80,80,76,80,80,80,80,80,80,80,80,33,80,78,78,66,72,70,70,79,72,72,72,72,72,73,66,66,63,112,84,84,79,79,82,82,82,82,82,55,51,84,87,102,112,51],"gold":370,"neow_bonus":"TRANSFORM_TWO_CARDS","is_prod":false,"is_daily":false,"chose_seed":false,"campfire_upgraded":7,"win_rate":0,"timestamp":1535836269,"path_taken":["M","M","?","M","?","R","E","?","T","R","M","?","M","M","R","BOSS","M","?","?","?","M","R","M","?","T","?","$","R","M","M","R","BOSS","M","$","M","$","?","R","$","?","T","E","?","R","M","M","R","BOSS"],"build_version":"2018-08-30","purchased_purges":2,"victory":true,"max_hp_per_floor":[80,80,80,80,80,80,80,80,80,80,80,80,80,80,80,80,80,80,80,80,80,80,80,80,80,80,80,80,80,80,80,80,80,112,112,112,112,112,112,112,112,112,112,112,112,112,112,112,112,112],"card_choices":[{"not_picked":["Flex","Anger"],"picked":"Metallicize","floor":1},{"not_picked":["Clothesline","Shrug It Off"],"picked":"Twin Strike","floor":2},{"not_picked":["Heavy Blade","Havoc"],"picked":"Sword Boomerang","floor":4},{"not_picked":["Fiend Fire","Shrug It Off"],"picked":"Rampage","floor":7},{"not_picked":["Rampage","Carnage"],"picked":"Hemokinesis","floor":8},{"not_picked":["Twin Strike","Feel No Pain"],"picked":"Uppercut","floor":11},{"not_picked":["Inflame","Battle Trance","Shrug It Off"],"picked":"SKIP","floor":13},{"not_picked":["Warcry","Flex","Clash"],"picked":"SKIP","floor":14},{"not_picked":["Limit Break","Bludgeon"],"picked":"Double Tap","floor":16},{"not_picked":["Warcry+1","Thunderclap"],"picked":"Battle Trance+1","floor":18},{"not_picked":["Sentinel","Clash"],"picked":"Rage","floor":20},{"not_picked":["Body Slam+1","True Grit"],"picked":"Cleave+1","floor":21},{"not_picked":["Iron Wave","Shrug It Off"],"picked":"Juggernaut","floor":22},{"not_picked":["Warcry","Iron Wave"],"picked":"Uppercut","floor":24},{"not_picked":["Flex","Iron Wave"],"picked":"Immolate","floor":25},{"not_picked":["Armaments+1","Thunderclap","Wild Strike+1"],"picked":"SKIP","floor":30},{"not_picked":["Wild Strike+1","Havoc"],"picked":"Barricade","floor":31},{"not_picked":["Reaper","Offering"],"picked":"Bludgeon","floor":33},{"not_picked":["Headbutt+1","True Grit+1","Clash"],"picked":"SKIP","floor":35},{"not_picked":["Searing Blow","Disarm","Shrug It Off+1"],"picked":"SKIP","floor":37},{"not_picked":["Infernal Blade+1","Juggernaut"],"picked":"Uppercut+1","floor":44},{"not_picked":["Sentinel+1","Clash+1","Pommel Strike+1"],"picked":"SKIP","floor":47},{"not_picked":["Clash+1","Armaments+1"],"picked":"Flame Barrier+1","floor":48}],"player_experience":346959,"relics_obtained":[{"floor":7,"key":"Bird Faced Urn"},{"floor":9,"key":"Darkstone Periapt"},{"floor":20,"key":"Red Mask"},{"floor":26,"key":"Juzu Bracelet"},{"floor":34,"key":"Boot"},{"floor":34,"key":"Smiling Mask"},{"floor":34,"key":"Mango"},{"floor":39,"key":"Turnip"},{"floor":43,"key":"Letter Opener"},{"floor":44,"key":"War Paint"},{"floor":45,"key":"Magic Flower"}],"event_choices":[{"event_name":"Liars Game","player_choice":"agreed","floor":3,"damage_taken":0},{"event_name":"The Mausoleum","player_choice":"Yes","floor":19,"damage_taken":0},{"event_name":"Masked Bandits","player_choice":"Fought Bandits","floor":20,"damage_taken":0},{"event_name":"Back to Basics","player_choice":"Simplicity","floor":27,"damage_taken":0},{"event_name":"MindBloom","player_choice":"Fight","floor":39,"damage_taken":0},{"event_name":"Tomb of Lord Red Mask","player_choice":"Wore Mask","floor":42,"damage_taken":0},{"event_name":"Mysterious Sphere","player_choice":"Fight","floor":45,"damage_taken":0}],"is_beta":false,"boss_relics":[{"not_picked":["Busted Crown","Mark of Pain"],"picked":"Snecko Eye"},{"not_picked":["Runic Cube","Orrery"],"picked":"Calling Bell"}],"items_purged_floors":[5,12],"is_endless":false,"potions_floor_spawned":[4,7,8,16,18,24,30,31,37,45,47],"ascension_level":0}