{"gold_per_floor":[116,134,151,151,151,151,11,11,59,59,76,76,31,41,41,136,136,152,172,172,187,202,234,234],"floor_reached":24,"playtime":601,"items_purged":[],"score":258,"play_id":"86584646-a1b4-48e1-8b40-3c712a5ab2e0","local_time":"20190110181620","is_ascension_mode":false,"campfire_choices":[{"data":"Perfected Strike","floor":6,"key":"SMITH"},{"data":"Perfected Strike","floor":10,"key":"SMITH"},{"data":"Perfected Strike","floor":15,"key":"SMITH"}],"neow_cost":"NONE","seed_source_timestamp":87929428460962,"circlet_count":0,"master_deck":["Strike_R","Strike_R","Strike_R+1","Strike_R","Strike_R+1","Defend_R","Defend_R","Defend_R","Defend_R","Armaments","Perfected Strike+1","Pommel Strike","Perfected Strike+1","Panacea","Pommel Strike","Regret","Twin Strike","Perfected Strike+1","Impervious","Ghostly","Ghostly","Ghostly","Ghostly","Ghostly","Perfected Strike"],"relics":["Burning Blood","NlothsMask","Bird Faced Urn","Eternal Feather","Dream Catcher"],"potions_floor_usage":[16,16,24],"damage_taken":[{"damage":2,"enemies":"Small Slimes","floor":1,"turns":4},{"damage":0,"enemies":"2 Louse","floor":2,"turns":4},{"damage":6,"enemies":"Cultist","floor":3,"turns":3},{"damage":2,"enemies":"Blue Slaver","floor":11,"turns":2},{"damage":15,"enemies":"Exordium Wildlife","floor":14,"turns":2},{"damage":31,"enemies":"The Guardian","floor":16,"turns":9},{"damage":3,"enemies":"Spheric Guardian","floor":18,"turns":2},{"damage":13,"enemies":"Chosen","floor":19,"turns":2},{"damage":10,"enemies":"Snecko","floor":21,"turns":3},{"damage":3,"enemies":"Snake Plant","floor":22,"turns":4},{"damage":30,"enemies":"Book of Stabbing","floor":23,"turns":7},{"damage":5,"enemies":"Shelled Parasite and Fungi","floor":24,"turns":2}],"seed_played":"-8507694081372166068","potions_obtained":[{"floor":1,"key":"Block Potion"},{"floor":3,"key":"EssenceOfSteel"},{"floor":23,"key":"Fire Potion"}],"is_trial":false,"path_per_floor":["M","M","M","?","?","R","$","?","T","R","M","?","$","M","R","B",null,"M","M","?","M","M","E","M"],"character_chosen":"IRONCLAD","items_purchased":["Perfected Strike","Panacea","Twin Strike"],"campfire_rested":0,"item_purchase_floors":[7,7,13],"current_hp_per_floor":[80,80,80,80,64,64,64,64,64,64,68,68,68,59,59,34,80,80,73,40,36,39,15,10],"gold":234,"neow_bonus":"TRANSFORM_CARD","is_prod":false,"is_daily":false,"chose_seed":false,"campfire_upgraded":3,"win_rate":0,"timestamp":1547162180,"path_taken":["M","M","M","?","?","R","$","?","T","R","?","?","?","M","R","BOSS","M","M","?","M","M","E","M"],"build_version":"2019-01-03v4","purchased_purges":0,"victory":false,"max_hp_per_floor":[80,80,80,80,80,80,80,80,80,80,80,80,80,80,80,80,80,80,80,40,40,40,40,40],"card_choices":[{"not_picked":["Rupture","Headbutt","Shockwave"],"picked":"SKIP","floor":1},{"not_picked":["Shrug It Off","Clash"],"picked":"Perfected Strike","floor":2},{"not_picked":["Heavy Blade","Sever Soul"],"picked":"Pommel Strike","floor":3},{"not_picked":["Exhume","Bloodletting"],"picked":"Pommel Strike","floor":11},{"not_picked":["Intimidate","Twin Strike"],"picked":"Perfected Strike","floor":14},{"not_picked":["Immolate","Demon Form"],"picked":"Impervious","floor":16},{"not_picked":["Havoc","Clash","Dual Wield"],"picked":"SKIP","floor":18},{"not_picked":["Sentinel","Anger","Power Through"],"picked":"SKIP","floor":19},{"not_picked":["Havoc","Warcry+1","Second Wind"],"picked":"SKIP","floor":21},{"not_picked":["Reckless Charge","Thunderclap"],"picked":"Perfected Strike","floor":22},{"not_picked":["Havoc","Feel No Pain","Second Wind"],"picked":"SKIP","floor":23}],"player_experience":511192,"relics_obtained":[{"floor":23,"key":"Dream Catcher"}],"event_choices":[{"damage_healed":0,"gold_gain":0,"player_choice":"Ignored","damage_taken":0,"max_hp_gain":0,"max_hp_loss":0,"event_name":"Golden Wing","floor":4,"gold_loss":0},{"damage_healed":0,"gold_gain":0,"player_choice":"Entered Light","damage_taken":16,"max_hp_gain":0,"max_hp_loss":0,"event_name":"Shining Light","floor":5,"gold_loss":0,"cards_upgraded":["Strike_R","Strike_R"]},{"damage_healed":0,"gold_gain":0,"player_choice":"Trade","damage_taken":0,"relics_obtained":["NlothsMask"],"max_hp_gain":0,"max_hp_loss":0,"event_name":"FaceTrader","floor":8,"gold_loss":0},{"damage_healed":0,"gold_gain":0,"player_choice":"Box","damage_taken":0,"relics_obtained":["Bird Faced Urn"],"max_hp_gain":0,"max_hp_loss":0,"event_name":"Big Fish","floor":12,"gold_loss":0,"cards_obtained":["Regret"]},{"damage_healed":0,"gold_gain":0,"player_choice":"Became a Ghost","damage_taken":0,"max_hp_gain":0,"max_hp_loss":40,"event_name":"Ghosts","floor":20,"gold_loss":0,"cards_obtained":["Ghostly","Ghostly","Ghostly","Ghostly","Ghostly"]}],"is_beta":false,"boss_relics":[{"not_picked":["White Beast Statue","Tiny House"],"picked":"Eternal Feather"}],"items_purged_floors":[],"is_endless":false,"potions_floor_spawned":[1,3,23],"killed_by":"Shelled Parasite and Fungi","ascension_level":0}