{"path_per_floor":["M","?","M","M","M","R","M","R","T","M","$","?","M","M","R"],"character_chosen":"IRONCLAD","items_purchased":[],"gold_per_floor":[113,113,132,146,159,159,178,178,178,193,118,118,135,153,153,153],"floor_reached":16,"campfire_rested":2,"playtime":223,"current_hp_per_floor":[80,73,66,66,55,55,43,67,67,67,67,67,36,33,57,57],"items_purged":["Anger"],"gold":153,"score":96,"play_id":"50b48756-b2c5-4c4c-8f89-236a60b8a1ad","local_time":"20180414103441","is_prod":false,"is_daily":false,"chose_seed":false,"is_ascension_mode":false,"campfire_upgraded":1,"timestamp":1523727281,"path_taken":["M","?","M","M","M","R","M","R","T","M","?","?","M","M","R","BOSS"],"build_version":"2018-04-12","seed_source_timestamp":221549339285198,"purchased_purges":1,"victory":false,"master_deck":["Strike_R","Strike_R","Strike_R","Strike_R","Defend_R","Defend_R","Defend_R","Defend_R","Bash","Shrug It Off","Bloodletting","Demon Form+1","Wild Strike","Spot Weakness","Inflame","Rampage","Havoc"],"max_hp_per_floor":[80,80,80,80,80,80,80,80,80,80,80,80,80,80,80,80],"relics":["Runic Pyramid","Anchor","Darkstone Periapt"],"card_choices":[{"not_picked":["Body Slam","Warcry"],"picked":"Shrug It Off","floor":1},{"not_picked":["Whirlwind","Carnage"],"picked":"Bloodletting","floor":3},{"not_picked":["Havoc","Uppercut"],"picked":"Anger","floor":4},{"not_picked":["Burning Pact","Pommel Strike"],"picked":"Demon Form","floor":5},{"not_picked":["Intimidate","Havoc"],"picked":"Wild Strike","floor":7},{"not_picked":["Sever Soul","Thunderclap"],"picked":"Spot Weakness","floor":10},{"not_picked":["Armaments","Clash"],"picked":"Rampage","floor":13},{"not_picked":["Anger","Spot Weakness"],"picked":"Havoc","floor":14}],"player_experience":462335,"potions_floor_usage":[7,10,13],"damage_taken":[{"damage":0,"enemies":"2 Louse","floor":1,"turns":4},{"damage":7,"enemies":"Jaw Worm","floor":3,"turns":3},{"damage":0,"enemies":"Small Slimes","floor":4,"turns":4},{"damage":11,"enemies":"Exordium Thugs","floor":5,"turns":5},{"damage":12,"enemies":"2 Fungi Beasts","floor":7,"turns":3},{"damage":0,"enemies":"Lots of Slimes","floor":10,"turns":2},{"damage":31,"enemies":"Exordium Thugs","floor":13,"turns":5},{"damage":3,"enemies":"Red Slaver","floor":14,"turns":2},{"damage":0,"enemies":"The Guardian","floor":16,"turns":1}],"event_choices":[{"event_name":"Scrap Ooze","player_choice":"success","floor":2,"damage_taken":7},{"event_name":"Transmorgrifier","player_choice":"Transform","floor":12,"damage_taken":0}],"boss_relics":[],"potions_floor_spawned":[5,7,10,13,14],"seed_played":"5166205014995425589","killed_by":"The Guardian","ascension_level":0,"is_trial":false}