{"path_per_floor":["M","?","M","?","M","E","R","M","T","M","$","E","R","?","R","B",null,"M","?","$","M","M"],"character_chosen":"THE_SILENT","items_purchased":["Meat on the Bone","Accuracy","Cloak And Dagger","Regen Potion","Blade Dance","Well Laid Plans"],"gold_per_floor":[369,369,389,389,401,434,434,448,448,462,84,119,119,119,119,215,215,233,233,87,97,110],"floor_reached":23,"campfire_rested":1,"playtime":1470,"current_hp_per_floor":[70,70,62,55,55,5,26,31,31,16,16,39,39,25,25,32,61,45,45,45,36,46],"items_purged":[],"gold":110,"score":251,"play_id":"10f4f576-5258-4a85-bfd9-dc5a812c9682","is_prod":false,"is_daily":false,"is_ascension_mode":true,"campfire_upgraded":2,"path_taken":["M","?","M","?","M","E","R","M","T","M","$","E","R","?","R","BOSS","M","?","?","?","M","E"],"build_version":"2018-02-15-PROD1","purchased_purges":1,"victory":false,"master_deck":["Defend_G","Defend_G","Defend_G","Defend_G+1","Defend_G","Strike_G","Strike_G","Strike_G","Strike_G","Survivor","Neutralize+1","Glass Knife+1","Terror","Noxious Fumes+1","Accuracy","Cloak And Dagger","Flying Knee","Glass Knife+1","Blade Dance","Well Laid Plans","Caltrops","Accuracy"],"max_hp_per_floor":[70,70,70,70,70,70,70,70,70,70,70,70,70,70,70,70,70,70,70,70,70,70],"relics":["Ring of the Snake","Bronze Scales","Ice Cream","Meat on the Bone","Ginger","White Beast Statue"],"card_choices":[{"not_picked":["Heel Hook","Backflip"],"picked":"Glass Knife"},{"not_picked":["Heel Hook","Backflip"],"picked":"Terror"},{"not_picked":["Calculated Gamble","Accuracy"],"picked":"Noxious Fumes"},{"not_picked":["Dodge and Roll","Slice"],"picked":"Flying Knee"},{"not_picked":["Night Terror","Burst"],"picked":"Glass Knife"},{"not_picked":["Prepared","Riddle With Holes"],"picked":"Caltrops"},{"not_picked":["Distraction","Masterful Stab"],"picked":"Accuracy"}],"player_experience":274487,"potions_floor_usage":[8,8,12,12,16,22,22,23],"damage_taken":[{"damage":0,"enemies":"Small Slimes","floor":1,"turns":3},{"damage":8,"enemies":"2 Louse","floor":3,"turns":2},{"damage":0,"enemies":"Jaw Worm","floor":5,"turns":4},{"damage":50,"enemies":"Gremlin Nob","floor":6,"turns":5},{"damage":7,"enemies":"Exordium Wildlife","floor":8,"turns":5},{"damage":15,"enemies":"2 Fungi Beasts","floor":10,"turns":2},{"damage":4,"enemies":"3 Sentries","floor":12,"turns":7},{"damage":5,"enemies":"The Guardian","floor":16,"turns":7},{"damage":16,"enemies":"Spheric Guardian","floor":18,"turns":4},{"damage":9,"enemies":"Shell Parasite","floor":21,"turns":3},{"damage":2,"enemies":"3 Cultists","floor":22,"turns":6},{"damage":46,"enemies":"Gremlin Leader","floor":23,"turns":4}],"event_choices":[{"event_name":"Living Wall","player_choice":"Forget","floor":2,"damage_taken":0},{"event_name":"Golden Wing","player_choice":"Card Removal","floor":4,"damage_taken":0},{"event_name":"Shining Light","player_choice":"Entered Light","floor":14,"damage_taken":0},{"event_name":"Upgrade Shrine","player_choice":"Upgraded","floor":19,"damage_taken":0}],"boss_relics":[{"not_picked":["Lizard Tail","Pandora\u0027s Box"],"picked":"White Beast Statue"}],"potions_floor_spawned":[1,6,10,12,18,21,22],"seed_played":"7308912212449295347","killed_by":"Gremlin Leader","ascension_level":5,"is_trial":false}