{"gold_per_floor":[115,130,130,150,45,45,72,72,72,105,119,119,44,72,72,148,148,168,218,229,144,157,157,190,190,190,224,65,65,97,97,97,97],"floor_reached":33,"playtime":1300,"items_purged":["Pain","Strike_R"],"score":813,"play_id":"8d6f9122-18c9-4b10-bb77-609eeb7564e3","local_time":"20190429012220","is_ascension_mode":true,"campfire_choices":[{"data":"Bash","floor":6,"key":"SMITH"},{"data":"Clothesline","floor":8,"key":"SMITH"},{"data":"Whirlwind","floor":12,"key":"SMITH"},{"data":"Bludgeon","floor":15,"key":"SMITH"},{"data":"Disarm","floor":23,"key":"SMITH"},{"data":"Immolate","floor":25,"key":"SMITH"},{"data":"Feel No Pain","floor":32,"key":"SMITH"}],"neow_cost":"NONE","seed_source_timestamp":544222909517933,"circlet_count":0,"master_deck":["AscendersBane","Strike_R+1","Strike_R","Strike_R+1","Strike_R","Defend_R","Defend_R","Defend_R","Defend_R","Bash+1","Iron Wave","Feel No Pain+1","Clothesline+1","Shrug It Off","Battle Trance","Whirlwind+1","Bludgeon+1","Uppercut","Immolate+1","Pommel Strike+1","Disarm+1","Dual Wield+1","Flame Barrier+1","Shrug It Off+1"],"relics":["Burning Blood","WarpedTongs","Pear","Gambling Chip","Whetstone","Snecko Eye","Champion Belt","Red Skull","Toxic Egg 2","Molten Egg 2","Nilry\u0027s Codex","Lantern"],"potions_floor_usage":[11,16,30],"damage_taken":[{"damage":2,"enemies":"2 Louse","floor":1,"turns":3},{"damage":1,"enemies":"Cultist","floor":2,"turns":3},{"damage":14,"enemies":"Small Slimes","floor":4,"turns":4},{"damage":46,"enemies":"Gremlin Nob","floor":7,"turns":5},{"damage":13,"enemies":"3 Sentries","floor":10,"turns":8},{"damage":19,"enemies":"Exordium Thugs","floor":11,"turns":6},{"damage":8,"enemies":"Gremlin Nob","floor":14,"turns":3},{"damage":0,"enemies":"Slime Boss","floor":16,"turns":6},{"damage":0,"enemies":"Shell Parasite","floor":18,"turns":1},{"damage":1,"enemies":"2 Thieves","floor":20,"turns":2},{"damage":0,"enemies":"Snecko","floor":22,"turns":2},{"damage":2,"enemies":"Slavers","floor":24,"turns":2},{"damage":14,"enemies":"Book of Stabbing","floor":27,"turns":3},{"damage":0,"enemies":"Slavers","floor":30,"turns":2},{"damage":65,"enemies":"Automaton","floor":33,"turns":6}],"seed_played":"-3837624084702541224","potions_obtained":[{"floor":1,"key":"LiquidBronze"},{"floor":7,"key":"EssenceOfSteel"},{"floor":14,"key":"FearPotion"},{"floor":22,"key":"FairyPotion"},{"floor":24,"key":"SteroidPotion"}],"is_trial":false,"path_per_floor":["M","M","?","M","$","R","E","R","T","E","M","R","$","E","R","B",null,"M","?","M","?","M","R","E","R","T","E","$","?","E","?","R","B"],"character_chosen":"IRONCLAD","items_purchased":["Shrug It Off","Bludgeon","Shrug It Off+1"],"campfire_rested":0,"item_purchase_floors":[5,13,28],"current_hp_per_floor":[79,82,82,74,74,74,44,44,44,37,24,24,24,22,22,28,76,82,82,87,87,92,92,92,92,92,84,84,63,69,42,42,0],"gold":97,"neow_bonus":"TEN_PERCENT_HP_BONUS","is_prod":false,"is_daily":false,"chose_seed":false,"campfire_upgraded":7,"win_rate":0,"timestamp":1556515340,"path_taken":["M","M","?","M","$","R","E","R","T","E","?","R","$","E","R","BOSS","M","?","M","?","?","R","E","R","T","E","?","?","E","?","R","BOSS"],"build_version":"2019-01-23","purchased_purges":2,"victory":false,"max_hp_per_floor":[82,82,82,82,82,82,92,92,92,92,92,92,92,92,92,92,92,92,92,92,92,92,92,92,92,92,92,92,92,92,97,97,97],"card_choices":[{"not_picked":["Dual Wield","Heavy Blade"],"picked":"Iron Wave","floor":1},{"not_picked":["Evolve","Heavy Blade"],"picked":"Feel No Pain","floor":2},{"not_picked":["Cleave","Heavy Blade"],"picked":"Clothesline","floor":4},{"not_picked":["Dual Wield","Evolve"],"picked":"Battle Trance","floor":7},{"not_picked":["Armaments","Thunderclap","Wild Strike"],"picked":"SKIP","floor":10},{"not_picked":["Rampage","Evolve"],"picked":"Whirlwind","floor":11},{"not_picked":["Armaments","Sentinel"],"picked":"Uppercut","floor":14},{"not_picked":["Barricade","Berserk"],"picked":"Immolate","floor":16},{"not_picked":["Whirlwind","True Grit"],"picked":"Pommel Strike+1","floor":18},{"not_picked":["Blood for Blood","Clothesline"],"picked":"Disarm","floor":20},{"not_picked":["Clash","Combust","Intimidate+1"],"picked":"SKIP","floor":22},{"not_picked":["Perfected Strike+1","Feed"],"picked":"Dual Wield+1","floor":24},{"not_picked":["Dropkick+1","Iron Wave"],"picked":"Flame Barrier+1","floor":27},{"not_picked":["Wild Strike+1","Pommel Strike+1","Armaments+1"],"picked":"SKIP","floor":30}],"player_experience":2071666,"relics_obtained":[{"floor":7,"key":"Pear"},{"floor":10,"key":"Gambling Chip"},{"floor":14,"key":"Whetstone"},{"floor":24,"key":"Red Skull"},{"floor":26,"key":"Toxic Egg 2"},{"floor":27,"key":"Molten Egg 2"},{"floor":29,"key":"Nilry\u0027s Codex"},{"floor":30,"key":"Lantern"}],"event_choices":[{"damage_healed":0,"gold_gain":0,"player_choice":"Rummage","damage_taken":0,"relics_obtained":["WarpedTongs"],"max_hp_gain":0,"max_hp_loss":0,"event_name":"Accursed Blacksmith","floor":3,"gold_loss":0,"cards_obtained":["Pain"]},{"damage_healed":0,"gold_gain":50,"player_choice":"Stole From Cult","damage_taken":0,"max_hp_gain":0,"max_hp_loss":0,"event_name":"Nest","floor":19,"gold_loss":0},{"damage_healed":0,"gold_gain":0,"player_choice":"Obtained Relic","damage_taken":0,"relics_obtained":["Champion Belt"],"max_hp_gain":0,"max_hp_loss":0,"event_name":"Addict","floor":21,"gold_loss":85},{"damage_healed":0,"gold_gain":0,"player_choice":"Obtained Book","damage_taken":21,"max_hp_gain":0,"max_hp_loss":0,"event_name":"Cursed Tome","floor":29,"gold_loss":0},{"damage_healed":0,"gold_gain":0,"player_choice":"Shed Blood","damage_taken":32,"max_hp_gain":5,"max_hp_loss":0,"event_name":"Forgotten Altar","floor":31,"gold_loss":0}],"is_beta":false,"boss_relics":[{"not_picked":["Velvet Choker","Philosopher\u0027s Stone"],"picked":"Snecko Eye"}],"items_purged_floors":[5,28],"is_endless":false,"potions_floor_spawned":[1,7,14,22,24],"killed_by":"Automaton","ascension_level":20}