{"gold_per_floor":[116,132,132,132,147,160,35,35,35,70,70,70,103,123,123,249,249,272,272,252,91,41,41,61,61,61,86,86,107,151,176,176,306,306,320,345,370,370,10,10,41,41,41,76,76,97,430,446,446,446],"floor_reached":50,"playtime":4169,"items_purged":["Strike_B"],"score":898,"play_id":"9e286b5c-e120-4e79-bd86-12ea674422b1","local_time":"20190503173915","is_ascension_mode":true,"campfire_choices":[{"data":"Zap","floor":8,"key":"SMITH"},{"floor":12,"key":"REST"},{"data":"Dualcast","floor":15,"key":"SMITH"},{"data":"Machine Learning","floor":23,"key":"SMITH"},{"data":"Coolheaded","floor":28,"key":"SMITH"},{"data":"Doom and Gloom","floor":32,"key":"SMITH"},{"floor":40,"key":"REST"},{"floor":45,"key":"REST"},{"floor":49,"key":"RECALL"}],"neow_cost":"NONE","seed_source_timestamp":1897048642328956,"circlet_count":0,"master_deck":["Defend_B","Defend_B","Defend_B","Zap+1","Dualcast+1","BootSequence","Conserve Battery","Reinforced Body","Doom and Gloom+1","Coolheaded+1","Chill","Cold Snap+1","Cold Snap+1","Machine Learning+1","Skim+1","Steam+1","Static Discharge+1","Coolheaded+1","Dualcast+1","Conserve Battery","Conserve Battery","Fission+1","Conserve Battery+1","Rainbow+1","Sunder+1","Multi-Cast+1","Compile Driver+1","Loop+1","Hologram+1","Capacitor","Redo+1","Chaos+1","Chaos+1","Defragment","Parasite","Fusion+1"],"relics":["Cracked Core","PreservedInsect","The Courier","Odd Mushroom","Molten Egg 2","Bronze Scales","Astrolabe","Runic Capacitor","FaceOfCleric","Toxic Egg 2","Bottled Flame","Sozu","Membership Card","Unceasing Top","Regal Pillow","Gremlin Horn","Sundial"],"potions_floor_usage":[16,30,33,50],"damage_taken":[{"damage":0,"enemies":"2 Louse","floor":1,"turns":2},{"damage":0,"enemies":"Small Slimes","floor":2,"turns":3},{"damage":1,"enemies":"Cultist","floor":5,"turns":3},{"damage":7,"enemies":"Large Slime","floor":6,"turns":7},{"damage":22,"enemies":"The Mushroom Lair","floor":10,"turns":5},{"damage":0,"enemies":"Lagavulin","floor":13,"turns":6},{"damage":4,"enemies":"Lots of Slimes","floor":14,"turns":3},{"damage":6,"enemies":"Slime Boss","floor":16,"turns":11},{"damage":0,"enemies":"Chosen","floor":18,"turns":5},{"damage":1,"enemies":"3 Byrds","floor":24,"turns":3},{"damage":0,"enemies":"Snecko","floor":27,"turns":6},{"damage":11,"enemies":"Centurion and Healer","floor":29,"turns":8},{"damage":0,"enemies":"Gremlin Leader","floor":30,"turns":5},{"damage":0,"enemies":"Cultist and Chosen","floor":31,"turns":6},{"damage":16,"enemies":"Collector","floor":33,"turns":14},{"damage":0,"enemies":"Orb Walker","floor":35,"turns":4},{"damage":12,"enemies":"3 Darklings","floor":36,"turns":4},{"damage":49,"enemies":"Transient","floor":37,"turns":5},{"damage":20,"enemies":"Reptomancer","floor":41,"turns":7},{"damage":23,"enemies":"Giant Head","floor":44,"turns":6},{"damage":30,"enemies":"Spire Growth","floor":46,"turns":5},{"damage":0,"enemies":"Writhing Mass","floor":48,"turns":6},{"damage":48,"enemies":"Time Eater","floor":50,"turns":4}],"seed_played":"5092938794972085065","potions_obtained":[{"floor":1,"key":"AttackPotion"},{"floor":6,"key":"LiquidBronze"},{"floor":24,"key":"AttackPotion"},{"floor":27,"key":"GamblersBrew"}],"is_trial":false,"path_per_floor":["M","M","?","?","M","M","$","R","T","?","T","R","E","M","R","B",null,"M","?","$","$","?","R","M","?","T","M","R","M","E","M","R","B",null,"M","M","M","?","$","R","E","$","T","E","R","M","?","M","R","B"],"character_chosen":"DEFECT","items_purchased":["Coolheaded","Conserve Battery","Runic Capacitor","Membership Card","Unceasing Top","Regal Pillow","Redo+1"],"campfire_rested":3,"item_purchase_floors":[7,20,21,39,39,39,39],"current_hp_per_floor":[75,75,55,48,47,40,40,40,40,18,18,42,42,38,38,32,70,70,70,70,70,70,70,69,69,69,70,70,60,61,62,62,47,77,78,67,19,19,19,61,42,42,42,20,62,33,33,34,34,0],"gold":446,"neow_bonus":"TEN_PERCENT_HP_BONUS","is_prod":false,"is_daily":false,"chose_seed":false,"campfire_upgraded":5,"win_rate":0,"timestamp":1556901555,"path_taken":["M","M","?","?","M","M","$","R","T","?","?","R","E","M","R","BOSS","M","?","?","$","?","R","?","?","T","M","R","M","E","M","R","BOSS","M","?","?","?","?","R","E","$","T","E","R","M","?","M","R","BOSS"],"build_version":"2019-01-23","purchased_purges":1,"victory":false,"max_hp_per_floor":[82,82,82,82,82,82,82,82,82,82,82,82,82,82,82,82,82,82,82,82,82,82,82,82,82,82,83,83,84,85,86,86,87,87,88,89,90,90,90,90,91,91,91,92,92,93,93,94,94,94],"card_choices":[{"not_picked":["Streamline","Stack"],"picked":"BootSequence","floor":1},{"not_picked":["Streamline","Beam Cell"],"picked":"Conserve Battery","floor":2},{"not_picked":["Gash","Go for the Eyes"],"picked":"Reinforced Body","floor":5},{"not_picked":["Hyperbeam","Redo"],"picked":"Doom and Gloom","floor":6},{"not_picked":["Consume","Beam Cell"],"picked":"Chill","floor":10},{"not_picked":["Streamline+1","Static Discharge"],"picked":"Cold Snap+1","floor":13},{"not_picked":["Heatsinks","Sweeping Beam+1"],"picked":"Cold Snap+1","floor":14},{"not_picked":["Rainbow","Meteor Strike+1"],"picked":"Machine Learning","floor":16},{"not_picked":["Barrage+1","Turbo+1"],"picked":"Coolheaded+1","floor":18},{"not_picked":["Lockon+1","Hello World"],"picked":"Conserve Battery","floor":24},{"not_picked":["Compile Driver+1","Rebound+1"],"picked":"Fission+1","floor":27},{"not_picked":["Turbo+1","Rebound+1"],"picked":"Conserve Battery+1","floor":29},{"not_picked":["Recycle+1","BootSequence+1"],"picked":"Rainbow+1","floor":30},{"not_picked":["Go for the Eyes+1","Hologram+1"],"picked":"Sunder+1","floor":31},{"not_picked":["Core Surge+1","Fission+1"],"picked":"Multi-Cast+1","floor":33},{"not_picked":["Lockon+1","Beam Cell+1"],"picked":"Compile Driver+1","floor":35},{"not_picked":["Sunder+1","FTL+1"],"picked":"Loop+1","floor":36},{"not_picked":["Rip and Tear+1","Gash+1"],"picked":"Hologram+1","floor":37},{"not_picked":["Ball Lightning+1","Buffer"],"picked":"Chaos+1","floor":41},{"not_picked":["Beam Cell+1","Scrape+1"],"picked":"Chaos+1","floor":44},{"not_picked":["Sunder+1","Sweeping Beam+1"],"picked":"Defragment","floor":46},{"not_picked":["Reprogram+1","Streamline+1"],"picked":"Fusion+1","floor":48}],"player_experience":290067,"relics_obtained":[{"floor":9,"key":"The Courier"},{"floor":10,"key":"Odd Mushroom"},{"floor":11,"key":"Molten Egg 2"},{"floor":13,"key":"Bronze Scales"},{"floor":26,"key":"Toxic Egg 2"},{"floor":30,"key":"Bottled Flame"},{"floor":41,"key":"Gremlin Horn"},{"floor":44,"key":"Sundial"}],"event_choices":[{"damage_healed":0,"gold_gain":0,"player_choice":"Take Damage","damage_taken":20,"relics_obtained":["Golden Idol"],"max_hp_gain":0,"max_hp_loss":0,"event_name":"Golden Idol","floor":3,"gold_loss":0},{"damage_healed":0,"gold_gain":0,"player_choice":"Success","damage_taken":7,"relics_obtained":["PreservedInsect"],"max_hp_gain":0,"max_hp_loss":0,"event_name":"Scrap Ooze","floor":4,"gold_loss":0},{"damage_healed":0,"gold_gain":0,"player_choice":"Fought Mushrooms","damage_taken":0,"max_hp_gain":0,"max_hp_loss":0,"event_name":"Mushrooms","floor":10,"gold_loss":0},{"damage_healed":0,"gold_gain":0,"player_choice":"Copied","damage_taken":0,"max_hp_gain":0,"max_hp_loss":0,"event_name":"Duplicator","floor":19,"gold_loss":0,"cards_obtained":["Dualcast"]},{"damage_healed":0,"gold_gain":0,"player_choice":"Bet on Murderer","damage_taken":0,"max_hp_gain":0,"max_hp_loss":0,"event_name":"The Joust","floor":22,"gold_loss":50},{"damage_healed":0,"gold_gain":0,"player_choice":"Trade","damage_taken":0,"relics_obtained":["FaceOfCleric"],"max_hp_gain":0,"max_hp_loss":0,"event_name":"FaceTrader","floor":25,"gold_loss":0},{"damage_healed":0,"gold_gain":0,"cards_transformed":["Strike_B"],"player_choice":"Transformed","damage_taken":0,"max_hp_gain":0,"max_hp_loss":0,"event_name":"Transmorgrifier","floor":38,"gold_loss":0,"cards_obtained":["Capacitor"]},{"damage_healed":0,"gold_gain":333,"player_choice":"Gave Idol","damage_taken":0,"max_hp_gain":0,"max_hp_loss":0,"event_name":"The Moai Head","floor":47,"relics_lost":["Golden Idol"],"gold_loss":0}],"is_beta":false,"boss_relics":[{"not_picked":["Calling Bell","Coffee Dripper"],"picked":"Astrolabe"},{"not_picked":["FrozenCore","Eternal Feather"],"picked":"Sozu"}],"items_purged_floors":[7],"is_endless":false,"potions_floor_spawned":[1,6,24,27,29,36,37,41],"killed_by":"Time Eater","ascension_level":8}