{"path_per_floor":["M","?","?","$","M","R","M","R","T","M","R","M","?","M","R"],"character_chosen":"IRONCLAD","items_purchased":["Shrug It Off"],"gold_per_floor":[216,246,246,146,156,156,166,166,166,176,176,189,189,207,207,207],"floor_reached":16,"campfire_rested":0,"playtime":354,"current_hp_per_floor":[65,54,47,47,49,49,55,55,55,43,43,49,49,46,46,0],"items_purged":["Strike_R"],"gold":207,"score":161,"play_id":"0f50044b-8f05-4bcf-8e8f-b26cd6834c6f","local_time":"20180413224036","is_prod":false,"is_daily":false,"chose_seed":false,"is_ascension_mode":true,"campfire_upgraded":4,"timestamp":1523684436,"path_taken":["M","?","?","$","M","R","M","R","T","M","R","M","?","M","R","BOSS"],"build_version":"2018-04-12","seed_source_timestamp":178570275598741,"purchased_purges":1,"victory":false,"master_deck":["Strike_R","Strike_R","Strike_R","Defend_R","Defend_R","Defend_R","Defend_R","Bash+1","AscendersBane","Body Slam+1","Shrug It Off","Shrug It Off","Thunderclap+1","Entrench+1","Ghostly Armor+1","Offering"],"max_hp_per_floor":[75,75,75,75,75,75,75,75,75,75,75,75,75,75,75,75],"relics":["Burning Blood","Tiny Chest","Bottled Flame"],"card_choices":[{"not_picked":["Thunderclap","Iron Wave"],"picked":"Body Slam","floor":1},{"not_picked":["True Grit","Whirlwind"],"picked":"Shrug It Off","floor":5},{"not_picked":["Anger","Twin Strike"],"picked":"Thunderclap","floor":7},{"not_picked":["Warcry","Headbutt"],"picked":"Entrench","floor":10},{"not_picked":["Headbutt","Sword Boomerang"],"picked":"Ghostly Armor","floor":12},{"not_picked":["Armaments","Spot Weakness"],"picked":"Offering","floor":14}],"player_experience":456601,"potions_floor_usage":[10,16,16],"damage_taken":[{"damage":9,"enemies":"2 Louse","floor":1,"turns":3},{"damage":4,"enemies":"Jaw Worm","floor":5,"turns":5},{"damage":0,"enemies":"Cultist","floor":7,"turns":3},{"damage":27,"enemies":"Gremlin Gang","floor":10,"turns":5},{"damage":0,"enemies":"Blue Slaver","floor":12,"turns":4},{"damage":9,"enemies":"2 Fungi Beasts","floor":14,"turns":3},{"damage":58,"enemies":"Slime Boss","floor":16,"turns":10}],"event_choices":[{"event_name":"Scrap Ooze","player_choice":"success","floor":2,"damage_taken":11},{"event_name":"Golden Wing","player_choice":"Card Removal","floor":3,"damage_taken":0},{"event_name":"Accursed Blacksmith","player_choice":"Forge","floor":13,"damage_taken":0}],"boss_relics":[],"potions_floor_spawned":[7,10,14],"seed_played":"-2828036094207119798","killed_by":"Slime Boss","ascension_level":15,"is_trial":false}