{"gold_per_floor":[119,119,119,119,143,179,179,49,72,72,111,130,130,130,130,260,260,276,297,297,318,339,339,358,401,476,0,0,33,33,33,33,164,164,188,20,38,52,52,52,274,298,367,381,381,404,404,17,17,17],"floor_reached":51,"playtime":4352,"items_purged":["Shame","Cold Snap"],"score":899,"play_id":"f18f70b1-e077-4050-a2c2-f65be7021d42","local_time":"20180827205428","is_ascension_mode":true,"campfire_choices":[{"data":"Sweeping Beam","floor":7,"key":"SMITH"},{"floor":10,"key":"REST"},{"data":"Sunder","floor":13,"key":"SMITH"},{"data":"Doom and Gloom","floor":15,"key":"SMITH"},{"floor":23,"key":"REST"},{"floor":28,"key":"REST"},{"floor":30,"key":"REST"},{"floor":32,"key":"REST"},{"floor":40,"key":"REST"},{"floor":45,"key":"REST"},{"floor":47,"key":"REST"},{"floor":49,"key":"REST"}],"neow_cost":"NONE","seed_source_timestamp":1016764360142132,"circlet_count":0,"master_deck":["Zap+1","Dualcast","Conserve Battery","Heatsinks","Leap","Sunder+1","Lockon","Chaos","Force Field","Steam","Auto Shields","Sweeping Beam+1","Doom and Gloom+1","Beam Cell","Undo","Seek","White Noise","Hologram+1","Loop+1","Amplify","Stack+1","Static Discharge+1","Core Surge","Loop+1","Turbo+1","Darkness+1","Blind"],"relics":["Pandora\u0027s Box","Golden Idol","Spirit Poop","Dead Branch","Bag of Marbles","Fusion Hammer","Nloth\u0027s Gift","Mango","Frozen Egg 2","Kunai","Omamori","Red Mask","Calling Bell","Lantern","Smiling Mask","Bird Faced Urn","Meat on the Bone","Symbiotic Virus"],"potions_floor_usage":[6,16,24,33,33,50,50,50],"damage_taken":[{"damage":0,"enemies":"2 Louse","floor":1,"turns":3},{"damage":3,"enemies":"Small Slimes","floor":5,"turns":3},{"damage":14,"enemies":"Gremlin Nob","floor":6,"turns":5},{"damage":5,"enemies":"Lagavulin","floor":11,"turns":6},{"damage":6,"enemies":"Jaw Worm","floor":12,"turns":2},{"damage":12,"enemies":"Slime Boss","floor":16,"turns":7},{"damage":0,"enemies":"Chosen","floor":18,"turns":3},{"damage":18,"enemies":"Spheric Guardian","floor":19,"turns":4},{"damage":8,"enemies":"Shelled Parasite and Fungi","floor":21,"turns":5},{"damage":20,"enemies":"Sentry and Sphere","floor":22,"turns":4},{"damage":0,"enemies":"Cultist and Chosen","floor":24,"turns":4},{"damage":19,"enemies":"Book of Stabbing","floor":25,"turns":8},{"damage":1,"enemies":"Masked Bandits","floor":29,"turns":3},{"damage":58,"enemies":"Collector","floor":33,"turns":7},{"damage":0,"enemies":"Flame Bruiser 1 Orb","floor":35,"turns":4},{"damage":49,"enemies":"3 Shapes","floor":37,"turns":4},{"damage":12,"enemies":"Spire Growth","floor":38,"turns":7},{"damage":13,"enemies":"3 Darklings","floor":42,"turns":6},{"damage":21,"enemies":"Maw","floor":44,"turns":7},{"damage":70,"enemies":"Transient","floor":46,"turns":5},{"damage":73,"enemies":"Time Eater","floor":50,"turns":5}],"seed_played":"-4839681829423418540","potions_obtained":[{"floor":5,"key":"Explosive Potion"},{"floor":6,"key":"EssenceOfSteel"},{"floor":12,"key":"AttackPotion"},{"floor":16,"key":"PowerPotion"},{"floor":18,"key":"FearPotion"},{"floor":33,"key":"FocusPotion"},{"floor":38,"key":"Regen Potion"},{"floor":42,"key":"SpeedPotion"}],"is_trial":false,"path_per_floor":["M","?","?","?","M","E","R","$","T","R","E","M","R","$","R","B",null,"M","M","?","M","M","R","M","E","T","$","R","?","R","$","R","B",null,"M","$","M","M","?","R","?","M","T","M","R","M","R","$","R","B"],"character_chosen":"DEFECT","items_purchased":["Doom and Gloom","Beam Cell","Static Discharge+1","Kunai","Omamori","Loop+1","FocusPotion","Symbiotic Virus","Blind"],"campfire_rested":9,"item_purchase_floors":[8,8,27,27,27,36,36,48,48],"current_hp_per_floor":[68,68,68,68,65,51,51,51,51,73,68,62,62,62,62,50,69,69,51,51,43,23,45,45,40,40,40,66,65,89,89,89,31,75,81,81,44,44,44,70,70,67,67,62,88,51,77,77,89,34],"gold":17,"neow_bonus":"BOSS_RELIC","is_prod":false,"is_daily":false,"chose_seed":false,"campfire_upgraded":3,"win_rate":0,"timestamp":1535417668,"path_taken":["M","?","?","?","M","E","R","?","T","R","E","?","R","$","R","BOSS","M","?","?","?","M","R","M","E","T","$","R","?","R","?","R","BOSS","M","$","M","M","?","R","?","?","T","M","R","M","R","?","R","BOSS"],"build_version":"2018-08-23v2","purchased_purges":2,"victory":true,"max_hp_per_floor":[75,75,75,75,75,75,75,75,75,75,75,75,75,75,75,75,75,75,75,75,75,75,75,75,89,89,89,89,89,89,89,89,89,89,89,89,89,89,89,89,89,89,89,89,89,89,89,89,89,89],"card_choices":[{"not_picked":["Static Discharge","Conserve Battery"],"picked":"Steam","floor":1},{"not_picked":["Skim","Rebound"],"picked":"Auto Shields","floor":5},{"not_picked":["Darkness","Lockon"],"picked":"Sweeping Beam","floor":6},{"not_picked":["Barrage","Glacier"],"picked":"Undo","floor":11},{"not_picked":["Coolheaded","Leap"],"picked":"Sweeping Beam","floor":12},{"not_picked":["Amplify","Meteor Strike"],"picked":"Seek","floor":16},{"not_picked":["Loop","Cold Snap"],"picked":"White Noise","floor":18},{"not_picked":["Glacier","Barrage+1"],"picked":"Hologram+1","floor":19},{"not_picked":["Steam Power","Scrape"],"picked":"Loop+1","floor":21},{"not_picked":["Darkness+1","Beam Cell"],"picked":"Amplify","floor":22},{"not_picked":["Compile Driver","Fission"],"picked":"Stack+1","floor":24},{"not_picked":["Go for the Eyes","Sweeping Beam","Redo"],"picked":"SKIP","floor":25},{"not_picked":["All For One","Machine Learning+1"],"picked":"Core Surge","floor":33},{"not_picked":["Tempest+1","Go for the Eyes","Streamline+1"],"picked":"SKIP","floor":35},{"not_picked":["Coolheaded","Double Energy+1"],"picked":"Turbo+1","floor":37},{"not_picked":["Compile Driver","Hello World+1","Rip and Tear"],"picked":"SKIP","floor":38},{"not_picked":["Fission","Steam+1","Hologram"],"picked":"SKIP","floor":42},{"not_picked":["Beam Cell+1","Compile Driver+1","Go for the Eyes"],"picked":"SKIP","floor":44},{"not_picked":["Beam Cell","Steam"],"picked":"Darkness+1","floor":46}],"player_experience":317925,"relics_obtained":[{"floor":6,"key":"Dead Branch"},{"floor":9,"key":"Boot"},{"floor":11,"key":"Bag of Marbles"},{"floor":25,"key":"Mango"},{"floor":26,"key":"Frozen Egg 2"},{"floor":29,"key":"Red Mask"},{"floor":34,"key":"Lantern"},{"floor":34,"key":"Smiling Mask"},{"floor":34,"key":"Bird Faced Urn"},{"floor":43,"key":"Meat on the Bone"}],"event_choices":[{"event_name":"Golden Idol","player_choice":"Take Wound","floor":2,"damage_taken":0},{"event_name":"Upgrade Shrine","player_choice":"Upgraded","floor":3,"damage_taken":0},{"event_name":"Bonfire Elementals","player_choice":"CURSE","floor":4,"damage_taken":0},{"event_name":"N\u0027loth","player_choice":"Traded a Boot","floor":20,"damage_taken":0},{"event_name":"Masked Bandits","player_choice":"Fought Bandits","floor":29,"damage_taken":0},{"event_name":"Falling","player_choice":"Removed Attack","floor":39,"damage_taken":0},{"event_name":"Tomb of Lord Red Mask","player_choice":"Wore Mask","floor":41,"damage_taken":0}],"is_beta":false,"boss_relics":[{"not_picked":["Runic Dome","Ectoplasm"],"picked":"Fusion Hammer"},{"not_picked":["Snecko Eye","Coffee Dripper"],"picked":"Calling Bell"}],"items_purged_floors":[36,48],"is_endless":false,"potions_floor_spawned":[5,6,12,16,18,19,33,38,42],"ascension_level":7}