{"gold_per_floor":[113,126,126,141,156,188,188,215,238,238,256,290,48,48,48,121,121,135,150,169,188,188,188,201,201,227,227,239,239,23,41,41,114,114,126,49,0,0,16,16,16,16,16,16,29,29],"floor_reached":46,"playtime":2475,"items_purged":["Pain"],"score":934,"play_id":"ed17599a-3f8f-4624-a1a9-e8dcea415672","local_time":"20190410043538","is_ascension_mode":true,"campfire_choices":[{"floor":7,"key":"REST"},{"floor":10,"key":"REST"},{"floor":15,"key":"REST"},{"data":"Sunder","floor":23,"key":"SMITH"},{"data":"Loop","floor":25,"key":"SMITH"},{"floor":29,"key":"REST"},{"floor":32,"key":"REST"},{"floor":40,"key":"REST"},{"data":"1","floor":42,"key":"LIFT"},{"floor":44,"key":"RECALL"}],"neow_cost":"NONE","seed_source_timestamp":26828910175632,"circlet_count":0,"master_deck":["AscendersBane","Strike_B","Strike_B","Strike_B","Strike_B","Defend_B","Defend_B","Defend_B","Defend_B","Zap+1","Dualcast","Ball Lightning","Conserve Battery","Ball Lightning","Conserve Battery","BootSequence","Rainbow","Hologram","Cold Snap","Loop+1","Coolheaded","Echo Form","Sunder+1","Redo+1","Leap","Writhe","Decay","Doom and Gloom","Leap+1","Seek","Defragment","Reinforced Body+1"],"relics":["Cracked Core","Girya","Bag of Marbles","Centennial Puzzle","MawBank","Oddly Smooth Stone","Cursed Key","DataDisk","Shuriken","Membership Card","Velvet Choker","Red Mask"],"potions_floor_usage":[5,6,8,11,21,24,35,41],"damage_taken":[{"damage":1,"enemies":"Cultist","floor":1,"turns":3},{"damage":9,"enemies":"2 Louse","floor":2,"turns":3},{"damage":0,"enemies":"Small Slimes","floor":4,"turns":2},{"damage":10,"enemies":"Exordium Wildlife","floor":5,"turns":4},{"damage":38,"enemies":"3 Sentries","floor":6,"turns":9},{"damage":30,"enemies":"Gremlin Nob","floor":8,"turns":4},{"damage":6,"enemies":"Exordium Thugs","floor":11,"turns":3},{"damage":16,"enemies":"3 Sentries","floor":12,"turns":6},{"damage":3,"enemies":"The Guardian","floor":16,"turns":12},{"damage":9,"enemies":"Spheric Guardian","floor":18,"turns":3},{"damage":0,"enemies":"Chosen","floor":19,"turns":3},{"damage":4,"enemies":"Centurion and Healer","floor":20,"turns":7},{"damage":12,"enemies":"Shelled Parasite and Fungi","floor":21,"turns":5},{"damage":6,"enemies":"Chosen and Byrds","floor":24,"turns":3},{"damage":12,"enemies":"3 Cultists","floor":28,"turns":4},{"damage":30,"enemies":"Sentry and Sphere","floor":31,"turns":6},{"damage":13,"enemies":"Champ","floor":33,"turns":11},{"damage":35,"enemies":"3 Darklings","floor":35,"turns":7},{"damage":0,"enemies":"Orb Walker","floor":39,"turns":3},{"damage":0,"enemies":"Jaw Worm Horde","floor":41,"turns":2},{"damage":33,"enemies":"3 Darklings","floor":45,"turns":5},{"damage":21,"enemies":"Giant Head","floor":46,"turns":7}],"seed_played":"-4992486140595575824","potions_obtained":[{"floor":3,"key":"GamblersBrew"},{"floor":3,"key":"Swift Potion"},{"floor":6,"key":"FearPotion"},{"floor":8,"key":"Strength Potion"},{"floor":12,"key":"Poison Potion"},{"floor":16,"key":"Block Potion"},{"floor":19,"key":"Fruit Juice"},{"floor":21,"key":"Fire Potion"},{"floor":33,"key":"AttackPotion"},{"floor":39,"key":"SmokeBomb"}],"is_trial":false,"path_per_floor":["M","M","?","M","M","E","R","E","T","R","M","E","$","?","R","B",null,"M","M","M","M","?","R","M","R","T","T","M","R","$","M","R","B",null,"M","$","?","$","M","R","M","R","T","R","M","E"],"character_chosen":"DEFECT","items_purchased":["Oddly Smooth Stone","Loop","Coolheaded","Membership Card","Defragment"],"campfire_rested":6,"item_purchase_floors":[13,13,13,30,36],"current_hp_per_floor":[70,61,61,61,51,13,36,6,6,29,23,7,7,7,30,27,65,56,56,52,40,40,40,34,34,34,34,22,45,45,15,38,25,65,30,30,30,30,30,53,53,53,53,53,20,0],"gold":29,"neow_bonus":"TEN_PERCENT_HP_BONUS","is_prod":false,"is_daily":false,"chose_seed":false,"campfire_upgraded":2,"win_rate":0,"timestamp":1554885338,"path_taken":["M","?","?","M","?","E","R","E","T","R","M","E","$","?","R","BOSS","M","M","?","M","?","R","M","R","T","?","?","R","?","M","R","BOSS","M","$","?","$","M","R","M","R","T","R","M","E"],"build_version":"2019-01-23","purchased_purges":1,"victory":false,"max_hp_per_floor":[78,78,78,78,78,78,78,78,78,78,78,78,78,78,78,78,78,78,78,78,78,78,78,78,78,78,78,78,78,78,78,78,78,78,78,78,78,78,78,78,78,78,78,78,78,78],"card_choices":[{"not_picked":["Leap","Cold Snap"],"picked":"Ball Lightning","floor":1},{"not_picked":["Barrage","Compile Driver"],"picked":"Conserve Battery","floor":2},{"not_picked":["Conserve Battery","Coolheaded"],"picked":"Ball Lightning","floor":4},{"not_picked":["Streamline","Barrage"],"picked":"Conserve Battery","floor":5},{"not_picked":["Stack","Static Discharge"],"picked":"BootSequence","floor":6},{"not_picked":["Double Energy","Stack"],"picked":"Rainbow","floor":8},{"not_picked":["Gash","Streamline"],"picked":"Hologram","floor":11},{"not_picked":["Turbo","Amplify"],"picked":"Cold Snap","floor":12},{"not_picked":["Thunder Strike","Biased Cognition"],"picked":"Echo Form","floor":16},{"not_picked":["Scrape","Turbo","Gash"],"picked":"SKIP","floor":18},{"not_picked":["Conserve Battery","Leap"],"picked":"Sunder","floor":19},{"not_picked":["Conserve Battery","Ball Lightning"],"picked":"Redo+1","floor":20},{"not_picked":["Darkness","Rebound"],"picked":"Leap","floor":21},{"not_picked":["Amplify","Beam Cell","Tempest"],"picked":"SKIP","floor":24},{"not_picked":["Steam","Cold Snap"],"picked":"Doom and Gloom","floor":28},{"not_picked":["Ball Lightning","Redo"],"picked":"Leap+1","floor":31},{"not_picked":["Reboot","Meteor Strike"],"picked":"Seek","floor":33},{"not_picked":["Beam Cell","Aggregate","Redo"],"picked":"SKIP","floor":35},{"not_picked":["Coolheaded+1","Turbo+1"],"picked":"Reinforced Body+1","floor":39},{"not_picked":["Hologram","Stack","Static Discharge"],"picked":"SKIP","floor":45}],"player_experience":1779804,"relics_obtained":[{"floor":6,"key":"Girya"},{"floor":8,"key":"Bag of Marbles"},{"floor":9,"key":"Centennial Puzzle"},{"floor":12,"key":"MawBank"},{"floor":27,"key":"Shuriken"}],"event_choices":[{"damage_healed":0,"gold_gain":0,"player_choice":"Got Potions","damage_taken":0,"max_hp_gain":0,"max_hp_loss":0,"event_name":"Lab","floor":3,"gold_loss":0},{"damage_healed":0,"gold_gain":0,"player_choice":"Forge","damage_taken":0,"max_hp_gain":0,"max_hp_loss":0,"event_name":"Accursed Blacksmith","floor":14,"gold_loss":0,"cards_upgraded":["Zap"]},{"damage_healed":0,"gold_gain":0,"player_choice":"Opened","damage_taken":0,"relics_obtained":["DataDisk"],"max_hp_gain":0,"max_hp_loss":0,"event_name":"The Mausoleum","floor":22,"gold_loss":0,"cards_obtained":["Writhe"]},{"damage_healed":0,"gold_gain":0,"player_choice":"Paid","damage_taken":0,"relics_obtained":["Red Mask"],"max_hp_gain":0,"max_hp_loss":0,"event_name":"Tomb of Lord Red Mask","floor":37,"gold_loss":49}],"is_beta":false,"boss_relics":[{"not_picked":["Ectoplasm","FrozenCore"],"picked":"Cursed Key"},{"not_picked":["Coffee Dripper","Runic Pyramid"],"picked":"Velvet Choker"}],"items_purged_floors":[36],"is_endless":false,"potions_floor_spawned":[6,8,12,16,19,21,33,39],"killed_by":"Giant Head","ascension_level":20}