{"gold_per_floor":[115,115,128,128,26,26,42,71,71,18,18,31,31,31,31,31],"floor_reached":16,"playtime":288,"items_purged":[],"score":196,"play_id":"eb3d006d-b16a-44a1-8210-ad1ecd8a1f2a","local_time":"20190313182602","is_ascension_mode":true,"campfire_choices":[{"data":"Footwork","floor":6,"key":"SMITH"},{"floor":11,"key":"REST"},{"floor":15,"key":"REST"}],"neow_cost":"NONE","seed_source_timestamp":3032151894848,"circlet_count":0,"master_deck":["AscendersBane","Defend_G","Defend_G","Defend_G","Defend_G","Defend_G","Strike_G","Strike_G+1","Strike_G","Strike_G","Survivor+1","Neutralize+1","Predator","Dagger Throw","Footwork+1","PiercingWail","Skewer","Dash","Poisoned Stab","Cloak And Dagger"],"relics":["Ring of the Snake","NeowsBlessing","WingedGreaves","Question Card"],"potions_floor_usage":[16],"damage_taken":[{"damage":0,"enemies":"2 Louse","floor":1,"turns":1},{"damage":0,"enemies":"Small Slimes","floor":3,"turns":1},{"damage":0,"enemies":"Cultist","floor":7,"turns":1},{"damage":34,"enemies":"Lagavulin","floor":8,"turns":9},{"damage":11,"enemies":"Exordium Thugs","floor":12,"turns":5},{"damage":45,"enemies":"Slime Boss","floor":16,"turns":7}],"seed_played":"6835770342541508313","potions_obtained":[{"floor":1,"key":"Explosive Potion"},{"floor":8,"key":"Energy Potion"}],"is_trial":false,"path_per_floor":["M","?","M","?","$","R","M","E","T","$","R","M","T","?","R","B"],"character_chosen":"THE_SILENT","items_purchased":["Footwork","PiercingWail","Poisoned Stab"],"campfire_rested":2,"item_purchase_floors":[5,5,10],"current_hp_per_floor":[59,39,39,39,39,39,39,5,5,5,24,13,13,13,32,0],"gold":31,"neow_bonus":"THREE_ENEMY_KILL","is_prod":false,"is_daily":false,"chose_seed":false,"campfire_upgraded":1,"win_rate":0,"timestamp":1552526762,"path_taken":["M","?","M","?","$","R","?","E","T","?","R","M","?","?","R","BOSS"],"build_version":"2019-02-06","purchased_purges":0,"victory":false,"max_hp_per_floor":[66,66,66,66,66,66,66,66,66,66,66,66,66,66,66,66],"card_choices":[{"not_picked":["Finisher","Prepared"],"picked":"Predator","floor":1},{"not_picked":["Reflex","Prepared"],"picked":"Dagger Throw","floor":3},{"not_picked":["Dagger Throw","Prepared"],"picked":"Skewer","floor":7},{"not_picked":["Slice","Corpse Explosion"],"picked":"Dash","floor":8},{"not_picked":["Acrobatics","Dagger Throw","Skewer"],"picked":"Cloak And Dagger","floor":12}],"player_experience":1168275,"relics_obtained":[{"floor":8,"key":"WingedGreaves"},{"floor":9,"key":"Question Card"}],"event_choices":[{"damage_healed":0,"gold_gain":0,"player_choice":"Entered Light","damage_taken":20,"max_hp_gain":0,"max_hp_loss":0,"event_name":"Shining Light","floor":2,"gold_loss":0,"cards_upgraded":["Strike_G","Survivor"]},{"damage_healed":0,"gold_gain":0,"player_choice":"Upgraded","damage_taken":0,"max_hp_gain":0,"max_hp_loss":0,"event_name":"Upgrade Shrine","floor":4,"gold_loss":0,"cards_upgraded":["Neutralize"]},{"cards_removed":["Strike_G"],"damage_healed":0,"gold_gain":0,"player_choice":"Forget","damage_taken":0,"max_hp_gain":0,"max_hp_loss":0,"event_name":"Living Wall","floor":14,"gold_loss":0}],"is_beta":true,"boss_relics":[],"items_purged_floors":[],"is_endless":false,"potions_floor_spawned":[1,8,12],"killed_by":"Slime Boss","ascension_level":20}