{"gold_per_floor":[112,130,140,140,140,173,193,40,64,92,163,13,48,64,64,163,163,180,180,197,3,303,303,303],"floor_reached":24,"playtime":1037,"items_purged":[],"score":335,"play_id":"6fcee74b-680b-4199-8fac-08189f46364f","local_time":"20190314002237","is_ascension_mode":true,"campfire_choices":[{"data":"Lockon","floor":15,"key":"SMITH"},{"floor":23,"key":"REST"}],"neow_cost":"NONE","seed_source_timestamp":47033307617900,"circlet_count":0,"master_deck":["Strike_B","Strike_B","Strike_B","Strike_B","Defend_B","Defend_B","Defend_B","Defend_B","Zap+1","Dualcast","Seek","Sweeping Beam","Conserve Battery","Rip and Tear","Lockon+1","Doom and Gloom","Hologram","Rebound","Capacitor","Biased Cognition","Ball Lightning","Darkness","Genetic Algorithm","Steam","Double Energy","Turbo+1","Go for the Eyes+1","Streamline+1"],"relics":["Cracked Core","Centennial Puzzle","DataDisk","PreservedInsect","Dream Catcher","Matryoshka","Pen Nib","Turnip","Orrery","Omamori","MealTicket","Old Coin"],"potions_floor_usage":[7,10,14,20,24],"damage_taken":[{"damage":12,"enemies":"Small Slimes","floor":1,"turns":3},{"damage":2,"enemies":"2 Louse","floor":2,"turns":2},{"damage":0,"enemies":"Cultist","floor":3,"turns":3},{"damage":23,"enemies":"Lagavulin","floor":6,"turns":7},{"damage":11,"enemies":"Exordium Thugs","floor":7,"turns":3},{"damage":3,"enemies":"3 Sentries","floor":10,"turns":3},{"damage":0,"enemies":"Gremlin Nob","floor":13,"turns":2},{"damage":7,"enemies":"Gremlin Gang","floor":14,"turns":2},{"damage":18,"enemies":"Slime Boss","floor":16,"turns":6},{"damage":31,"enemies":"3 Byrds","floor":18,"turns":4},{"damage":19,"enemies":"Shell Parasite","floor":20,"turns":5},{"damage":35,"enemies":"Slavers","floor":24,"turns":2}],"seed_played":"7963247878830639881","potions_obtained":[{"floor":2,"key":"Dexterity Potion"},{"floor":6,"key":"SteroidPotion"},{"floor":7,"key":"Regen Potion"},{"floor":13,"key":"SkillPotion"},{"floor":16,"key":"Strength Potion"},{"floor":18,"key":"SteroidPotion"}],"is_trial":false,"path_per_floor":["M","M","M","?","?","E","M","$","T","E","T","$","E","M","R","B",null,"M","?","M","$","?","R","E"],"character_chosen":"DEFECT","items_purchased":["DataDisk","Pen Nib","MealTicket"],"campfire_rested":1,"item_purchase_floors":[8,12,21],"current_hp_per_floor":[56,54,54,54,54,31,20,20,20,26,26,26,26,19,19,1,57,26,26,7,7,7,29,0],"gold":303,"neow_bonus":"ONE_RANDOM_RARE_CARD","is_prod":false,"is_daily":false,"chose_seed":false,"campfire_upgraded":1,"win_rate":0,"timestamp":1552537357,"path_taken":["M","M","M","?","?","E","?","$","T","E","?","$","E","M","R","BOSS","M","?","?","$","?","R","E"],"build_version":"2019-01-23","purchased_purges":0,"victory":false,"max_hp_per_floor":[75,75,75,75,75,75,75,75,75,75,75,75,75,75,75,75,75,75,75,75,75,75,75,75],"card_choices":[{"not_picked":["Beam Cell","Recycle"],"picked":"Sweeping Beam","floor":1},{"not_picked":["Streamline","Sweeping Beam"],"picked":"Conserve Battery","floor":2},{"not_picked":["Heatsinks","Scrape"],"picked":"Rip and Tear","floor":3},{"not_picked":["Stack","Redo"],"picked":"Lockon","floor":6},{"not_picked":["Barrage","Beam Cell"],"picked":"Doom and Gloom","floor":7},{"not_picked":["Steam Power","Beam Cell"],"picked":"Hologram","floor":10},{"not_picked":["Recycle","Storm"],"picked":"Rebound","floor":13},{"not_picked":["Turbo","Reprogram"],"picked":"Capacitor","floor":14},{"not_picked":["All For One","Multi-Cast"],"picked":"Biased Cognition","floor":16},{"not_picked":["Scrape","Beam Cell"],"picked":"Ball Lightning","floor":17},{"not_picked":["Lockon","Blizzard"],"picked":"Darkness","floor":17},{"not_picked":["Scrape","Compile Driver"],"picked":"Genetic Algorithm","floor":17},{"not_picked":["Rebound","Tempest"],"picked":"Steam","floor":17},{"not_picked":["Redo","Beam Cell"],"picked":"Double Energy","floor":17},{"not_picked":["Undo","Chaos"],"picked":"Turbo+1","floor":18},{"not_picked":["Hologram","Conserve Battery"],"picked":"Go for the Eyes+1","floor":20},{"not_picked":["Turbo","Capacitor"],"picked":"Streamline+1","floor":23}],"player_experience":1102529,"relics_obtained":[{"floor":6,"key":"Centennial Puzzle"},{"floor":9,"key":"PreservedInsect"},{"floor":10,"key":"Dream Catcher"},{"floor":11,"key":"Matryoshka"},{"floor":13,"key":"Turnip"},{"floor":19,"key":"Omamori"}],"event_choices":[{"damage_healed":0,"gold_gain":0,"player_choice":"Ignored","damage_taken":0,"max_hp_gain":0,"max_hp_loss":0,"event_name":"Liars Game","floor":4,"gold_loss":0},{"damage_healed":0,"gold_gain":0,"player_choice":"Forge","damage_taken":0,"max_hp_gain":0,"max_hp_loss":0,"event_name":"Accursed Blacksmith","floor":5,"gold_loss":0,"cards_upgraded":["Zap"]},{"damage_healed":0,"gold_gain":0,"player_choice":"Relic","damage_taken":0,"max_hp_gain":0,"max_hp_loss":0,"event_name":"Wheel of Change","floor":19,"gold_loss":0},{"damage_healed":0,"gold_gain":0,"player_choice":"Opened","damage_taken":0,"relics_obtained":["Old Coin"],"max_hp_gain":0,"max_hp_loss":0,"event_name":"The Mausoleum","floor":22,"gold_loss":0}],"is_beta":false,"boss_relics":[{"not_picked":["White Beast Statue","Lizard Tail"],"picked":"Orrery"}],"items_purged_floors":[],"is_endless":false,"potions_floor_spawned":[2,6,7,13,16,18],"killed_by":"Slavers","ascension_level":8}