{"gold_per_floor":[15,33,43,56,106,106,139,139,139,164,25,25,57,57,57,153,153,177,192,63,188,226,27,27,27,27,27,63,76,111,138,150,255,267,292,323,1334,486,486,486,499,539,585,585,624,191,211,232,232,232,232,232,28,59,59],"floor_reached":55,"playtime":1862,"items_purged":["Strike_R","Strike_R","Combust","Writhe"],"score":1467,"play_id":"aaebb3cb-949c-4d7b-b552-ff11c31a54d1","local_time":"20190406114615","is_ascension_mode":true,"campfire_choices":[{"data":"Inflame","floor":6.0,"key":"SMITH"},{"floor":8.0,"key":"REST"},{"data":"Apotheosis","floor":12.0,"key":"SMITH"},{"floor":15.0,"key":"REST"},{"data":"Immolate","floor":24.0,"key":"SMITH"},{"floor":27.0,"key":"REST"},{"floor":32.0,"key":"REST"},{"floor":40.0,"key":"REST"},{"floor":44.0,"key":"RECALL"},{"data":"Demon Form","floor":49.0,"key":"SMITH"},{"floor":52.0,"key":"REST"}],"neow_cost":"NO_GOLD","seed_source_timestamp":2074453813777636,"circlet_count":0,"master_deck":["AscendersBane","Bash","Inflame+1","Shockwave","Demon Form+1","Headbutt","Sword Boomerang","Apotheosis+1","Immolate+1","Flame Barrier","Havoc+1","Battle Trance","Feel No Pain","Corruption+1","Headbutt+1","Metallicize+1","Offering","Intimidate","Feel No Pain","Fiend Fire","Juggernaut","Shrug It Off","Demon Form","True Grit","Flame Barrier+1","Havoc+1","Shockwave+1","Sentinel+1","Clothesline+1"],"special_seed":0,"relics":["Burning Blood","Gambling Chip","Ancient Tea Set","Pen Nib","The Courier","Regal Pillow","Golden Idol","Velvet Choker","Nunchaku","Question Card","Red Mask","Omamori","MawBank","Pandora\u0027s Box","Oddly Smooth Stone","PreservedInsect","Lantern","Chemical X","Bottled Lightning","Toxic Egg 2","Dream Catcher","Dodecahedron","OrangePellets","Bag of Preparation","Mummified Hand","Bottled Tornado"],"potions_floor_usage":[55,55],"damage_taken":[{"damage":1.0,"enemies":"Cultist","floor":1.0,"turns":4.0},{"damage":2.0,"enemies":"Jaw Worm","floor":2.0,"turns":3.0},{"damage":4.0,"enemies":"2 Louse","floor":3.0,"turns":4.0},{"damage":16.0,"enemies":"Exordium Wildlife","floor":4.0,"turns":5.0},{"damage":40.0,"enemies":"3 Sentries","floor":7.0,"turns":9.0},{"damage":15.0,"enemies":"Lagavulin","floor":10.0,"turns":6.0},{"damage":16.0,"enemies":"Gremlin Nob","floor":13.0,"turns":3.0},{"damage":28.0,"enemies":"Hexaghost","floor":16.0,"turns":6.0},{"damage":10.0,"enemies":"Shell Parasite","floor":18.0,"turns":3.0},{"damage":6.0,"enemies":"3 Byrds","floor":19.0,"turns":2.0},{"damage":13.0,"enemies":"Colosseum Slavers","floor":21.0,"turns":2.0},{"damage":5.0,"enemies":"Colosseum Nobs","floor":21.0,"turns":2.0},{"damage":29.0,"enemies":"Masked Bandits","floor":22.0,"turns":3.0},{"damage":19.0,"enemies":"Slavers","floor":28.0,"turns":4.0},{"damage":5.0,"enemies":"Shelled Parasite and Fungi","floor":29.0,"turns":3.0},{"damage":16.0,"enemies":"Book of Stabbing","floor":30.0,"turns":4.0},{"damage":0.0,"enemies":"Sentry and Sphere","floor":31.0,"turns":1.0},{"damage":67.0,"enemies":"Automaton","floor":33.0,"turns":9.0},{"damage":21.0,"enemies":"Orb Walker","floor":35.0,"turns":3.0},{"damage":31.0,"enemies":"3 Darklings","floor":36.0,"turns":3.0},{"damage":0.0,"enemies":"Spire Growth","floor":41.0,"turns":4.0},{"damage":6.0,"enemies":"Giant Head","floor":42.0,"turns":6.0},{"damage":6.0,"enemies":"Reptomancer","floor":45.0,"turns":3.0},{"damage":6.0,"enemies":"Maw","floor":47.0,"turns":4.0},{"damage":6.0,"enemies":"Sphere and 2 Shapes","floor":48.0,"turns":2.0},{"damage":30.0,"enemies":"Time Eater","floor":50.0,"turns":8.0},{"damage":48,"enemies":"Shield and Spear","floor":54,"turns":6},{"damage":66,"enemies":"The Heart","floor":55,"turns":3}],"seed_played":"-2306235788815517161","potions_obtained":[{"floor":2.0,"key":"Weak Potion"},{"floor":4.0,"key":"GamblersBrew"},{"floor":7.0,"key":"Dexterity Potion"},{"floor":22.0,"key":"PowerPotion"}],"is_trial":false,"path_per_floor":["M","M","M","M","?","R","E","R","T","E","$","R","E","?","R","B",null,"M","M","$","?","?","$","R","?","T","R","E","M","E","M","R","B",null,"M","M","?","$","?","R","M","E","T","R","E","$","M","M","R","B",null,"R","$","E","B"],"character_chosen":"IRONCLAD","items_purchased":["Apotheosis","Flame Barrier","Havoc","Battle Trance","Feel No Pain","Oddly Smooth Stone","PreservedInsect","Lantern","True Grit","Chemical X","Bottled Lightning","OrangePellets","Bag of Preparation","Havoc+1","Mummified Hand"],"campfire_rested":6,"item_purchase_floors":[11,20,20,23,23,38,38,38,38,38,38,46,46,46,53],"current_hp_per_floor":[73,75,75,65,65,65,31,53,53,44,44,44,34,8,45,23,62,58,58,58,52,29,29,29,29,29,66,53,54,44,50,75,14,60,45,20,20,20,35,72,75,75,75,75,75,75,75,75,75,51,69,75,75,33,0],"gold":59,"neow_bonus":"ONE_RARE_RELIC","is_prod":false,"is_daily":false,"chose_seed":false,"campfire_upgraded":4,"win_rate":0,"timestamp":1554565575,"path_taken":["M","?","M","M","?","R","E","R","T","E","?","R","E","?","R","BOSS","M","M","$","?","?","?","R","?","T","R","E","?","E","M","R","BOSS","M","M","?","$","?","R","M","E","T","R","E","$","M","M","R","BOSS","R","$","E","BOSS"],"build_version":"2019-04-04","purchased_purges":4,"victory":false,"max_hp_per_floor":[75,75,75,75,75,75,75,75,75,75,75,75,75,75,75,75,75,75,75,75,75,75,75,75,75,75,75,75,75,75,75,75,75,75,75,75,75,75,75,75,75,75,75,75,75,75,75,75,75,75,75,75,75,75,75],"card_choices":[{"not_picked":["Headbutt","Havoc"],"picked":"Inflame","floor":1.0},{"not_picked":["Rage","Thunderclap"],"picked":"Shockwave","floor":2.0},{"not_picked":["Inflame","Clothesline"],"picked":"Demon Form","floor":3.0},{"not_picked":["Warcry","Clash","Thunderclap"],"picked":"SKIP","floor":4.0},{"not_picked":["Rampage","Wild Strike"],"picked":"Headbutt","floor":7.0},{"not_picked":["Inflame","Dark Embrace"],"picked":"Sword Boomerang","floor":10.0},{"not_picked":["Cleave","Thunderclap","Blood for Blood"],"picked":"SKIP","floor":13.0},{"not_picked":["Brutality","Demon Form"],"picked":"Immolate","floor":16.0},{"not_picked":["Pommel Strike+1","Carnage+1","Cleave+1"],"picked":"SKIP","floor":18.0},{"not_picked":["Sentinel","Twin Strike","Anger"],"picked":"SKIP","floor":19.0},{"not_picked":["Warcry","Shockwave","Thunderclap"],"picked":"Corruption+1","floor":28.0},{"not_picked":["Headbutt","Armaments","Seeing Red","Burning Pact"],"picked":"SKIP","floor":29.0},{"not_picked":["Entrench","Havoc","Wild Strike"],"picked":"Headbutt+1","floor":30.0},{"not_picked":["Evolve","Pommel Strike","Combust"],"picked":"Metallicize+1","floor":31.0},{"not_picked":["Exhume","Dark Embrace","Bludgeon"],"picked":"Offering","floor":33.0},{"not_picked":["Anger","Headbutt","Blood for Blood","Heavy Blade"],"picked":"SKIP","floor":35.0},{"not_picked":["Perfected Strike","Sword Boomerang","Thunderclap+1","Body Slam"],"picked":"SKIP","floor":36.0},{"not_picked":["Searing Blow","Seeing Red","Twin Strike","Headbutt+1"],"picked":"SKIP","floor":41.0},{"not_picked":["Evolve","Whirlwind","Juggernaut"],"picked":"Flame Barrier","floor":42.0},{"not_picked":["Wild Strike","Pommel Strike","Sword Boomerang","Anger+1"],"picked":"SKIP","floor":45.0},{"not_picked":["Havoc+1","Sword Boomerang","Wild Strike","Clothesline"],"picked":"SKIP","floor":47.0},{"not_picked":["Pummel+1","Bloodletting+1","Rupture"],"picked":"Shockwave+1","floor":48.0},{"not_picked":["Sever Soul+1","Iron Wave","Burning Pact+1"],"picked":"Sentinel+1","floor":52.0},{"not_picked":["Anger","Seeing Red+1","Limit Break+1"],"picked":"Clothesline+1","floor":54}],"player_experience":2359627,"relics_obtained":[{"floor":7.0,"key":"Ancient Tea Set"},{"floor":9.0,"key":"Pen Nib"},{"floor":10.0,"key":"The Courier"},{"floor":13.0,"key":"Regal Pillow"},{"floor":21.0,"key":"Nunchaku"},{"floor":21.0,"key":"Question Card"},{"floor":22.0,"key":"Red Mask"},{"floor":28.0,"key":"Omamori"},{"floor":30.0,"key":"MawBank"},{"floor":42.0,"key":"Toxic Egg 2"},{"floor":43.0,"key":"Dream Catcher"},{"floor":45.0,"key":"Dodecahedron"},{"floor":54,"key":"Bottled Tornado"}],"event_choices":[{"damage_healed":0.0,"max_hp_gain":0.0,"max_hp_loss":0.0,"gold_gain":50.0,"event_name":"Golden Shrine","player_choice":"Pray","floor":5.0,"gold_loss":0.0,"damage_taken":0.0},{"damage_healed":0.0,"max_hp_gain":0.0,"max_hp_loss":0.0,"gold_gain":0.0,"event_name":"Golden Idol","player_choice":"Take Damage","floor":14.0,"gold_loss":0.0,"damage_taken":26.0,"relics_obtained":["Golden Idol"]},{"damage_healed":0.0,"max_hp_gain":0.0,"max_hp_loss":0.0,"gold_gain":0.0,"event_name":"Colosseum","player_choice":"Fight","floor":21.0,"gold_loss":0.0,"damage_taken":0.0},{"damage_healed":0.0,"max_hp_gain":0.0,"max_hp_loss":0.0,"gold_gain":0.0,"event_name":"Colosseum","player_choice":"Fought Nobs","floor":21.0,"gold_loss":0.0,"damage_taken":0.0},{"damage_healed":0.0,"max_hp_gain":0.0,"max_hp_loss":0.0,"gold_gain":0.0,"event_name":"Masked Bandits","player_choice":"Fought Bandits","floor":22.0,"gold_loss":0.0,"damage_taken":0.0},{"damage_healed":0.0,"max_hp_gain":0.0,"max_hp_loss":0.0,"gold_gain":0.0,"event_name":"Upgrade Shrine","player_choice":"Upgraded","floor":25.0,"gold_loss":0.0,"damage_taken":0.0,"cards_upgraded":["Havoc"]},{"damage_healed":0.0,"max_hp_gain":0.0,"max_hp_loss":0.0,"gold_gain":999.0,"event_name":"MindBloom","player_choice":"Gold","floor":37.0,"gold_loss":0.0,"damage_taken":0.0,"cards_obtained":["Normality","Normality"]},{"damage_healed":15.0,"max_hp_gain":0.0,"max_hp_loss":0.0,"gold_gain":0.0,"event_name":"Winding Halls","player_choice":"Writhe","floor":39.0,"gold_loss":0.0,"damage_taken":0.0,"cards_obtained":["Writhe"]}],"is_beta":true,"boss_relics":[{"not_picked":["Runic Cube","White Beast Statue"],"picked":"Velvet Choker"},{"not_picked":["Orrery","Coffee Dripper"],"picked":"Pandora\u0027s Box"}],"items_purged_floors":[20,23,38,46],"is_endless":false,"potions_floor_spawned":[2,4,7,16,21,22,29,30,33,42,45,48],"killed_by":"The Heart","ascension_level":15}