{"gold_per_floor":[16,34,34,34,44,44,79,12,12,45,60,95,95,112,112,190,190,204,220,240,252,252,281,281,309,309,309,101,130,180,191,191,191],"floor_reached":33,"playtime":1204,"items_purged":["Strike_R"],"score":619,"play_id":"41571d16-3f7c-4322-b9ae-60d96cc4c3cc","local_time":"20190414230158","is_ascension_mode":true,"campfire_choices":[{"data":"Bash","floor":6.0,"key":"SMITH"},{"floor":13,"key":"REST"},{"data":"Perfected Strike","floor":15,"key":"SMITH"},{"floor":24,"key":"REST"},{"data":"Armaments","floor":27,"key":"SMITH"},{"floor":32,"key":"REST"}],"neow_cost":"NO_GOLD","seed_source_timestamp":374860963996888,"circlet_count":0,"master_deck":["AscendersBane","Strike_R","Strike_R","Strike_R","Strike_R","Defend_R","Defend_R","Defend_R+1","Defend_R","Bash+1","Clothesline+1","Pommel Strike","Perfected Strike+1","Feed","Shrug It Off","Metallicize","Juggernaut","Shockwave","Perfected Strike","Shrug It Off+1","Armaments+1","Disarm","Perfected Strike","Shrug It Off"],"special_seed":0,"relics":["Burning Blood","Self Forming Clay","Anchor","Shuriken","Pear","Philosopher\u0027s Stone","Dodecahedron","Orichalcum","Question Card"],"potions_floor_usage":[10,16,23,25,29,33],"damage_taken":[{"damage":10.0,"enemies":"Small Slimes","floor":1.0,"turns":4.0},{"damage":7.0,"enemies":"2 Louse","floor":2.0,"turns":3.0},{"damage":0.0,"enemies":"Cultist","floor":5.0,"turns":4.0},{"damage":26,"enemies":"Lagavulin","floor":7,"turns":10},{"damage":12,"enemies":"Gremlin Nob","floor":10,"turns":4},{"damage":1,"enemies":"Looter","floor":11,"turns":2},{"damage":33,"enemies":"Lagavulin","floor":12,"turns":8},{"damage":2,"enemies":"Exordium Wildlife","floor":14,"turns":5},{"damage":24,"enemies":"Slime Boss","floor":16,"turns":9},{"damage":2,"enemies":"Chosen","floor":18,"turns":4},{"damage":15,"enemies":"2 Thieves","floor":19,"turns":4},{"damage":43,"enemies":"Sentry and Sphere","floor":20,"turns":6},{"damage":21,"enemies":"Centurion and Healer","floor":21,"turns":6},{"damage":12,"enemies":"Book of Stabbing","floor":23,"turns":4},{"damage":27,"enemies":"Gremlin Leader","floor":25,"turns":7},{"damage":35,"enemies":"Slavers","floor":29,"turns":8},{"damage":9,"enemies":"Snake Plant","floor":31,"turns":5},{"damage":59,"enemies":"Collector","floor":33,"turns":8}],"seed_played":"-7574206582679977792","potions_obtained":[{"floor":2.0,"key":"SpeedPotion"},{"floor":5.0,"key":"EssenceOfSteel"},{"floor":12,"key":"Strength Potion"},{"floor":14,"key":"GamblersBrew"},{"floor":16,"key":"LiquidBronze"},{"floor":19,"key":"PowerPotion"},{"floor":25,"key":"Poison Potion"},{"floor":31,"key":"Swift Potion"}],"is_trial":false,"path_per_floor":["M","M","?","?","M","R","E","?","T","E","M","E","R","M","R","B",null,"M","M","M","M","?","E","R","E","T","R","$","E","?","M","R","B"],"character_chosen":"IRONCLAD","items_purchased":["Disarm","Perfected Strike","Shrug It Off"],"campfire_rested":3,"item_purchase_floors":[28,28,28],"current_hp_per_floor":[78,77,50,50,56,56,36,36,36,30,35,21,51,58,58,43,92,96,90,53,41,41,35,69,51,51,51,51,22,22,22,58,0],"gold":191,"neow_bonus":"TWENTY_PERCENT_HP_BONUS","is_prod":false,"is_daily":false,"chose_seed":false,"campfire_upgraded":3,"win_rate":0,"timestamp":1555297318,"path_taken":["M","M","?","?","?","R","E","?","T","E","M","E","R","M","R","BOSS","M","M","M","M","?","E","R","E","T","R","$","E","?","M","R","BOSS"],"build_version":"2019-04-04","purchased_purges":1,"victory":false,"max_hp_per_floor":[89,89,89,89,89,89,89,89,89,89,89,102,102,105,105,108,108,108,111,111,114,114,114,114,117,117,117,117,117,117,120,120,120],"card_choices":[{"not_picked":["Evolve","Burning Pact"],"picked":"Clothesline","floor":1.0},{"not_picked":["Sword Boomerang","Intimidate"],"picked":"Pommel Strike","floor":2.0},{"not_picked":["True Grit","Evolve","Body Slam"],"picked":"SKIP","floor":5.0},{"not_picked":["Clash","Body Slam","Blood for Blood"],"picked":"SKIP","floor":7},{"not_picked":["Sentinel","Shockwave"],"picked":"Perfected Strike","floor":10},{"not_picked":["Wild Strike","Burning Pact"],"picked":"Feed","floor":11},{"not_picked":["Pommel Strike","Flex"],"picked":"Shrug It Off","floor":12},{"not_picked":["Armaments","Burning Pact"],"picked":"Metallicize","floor":14},{"not_picked":["Dark Embrace","Feed"],"picked":"Juggernaut","floor":16},{"not_picked":["Pommel Strike","Wild Strike"],"picked":"Shockwave","floor":18},{"not_picked":["Sentinel","Searing Blow","Warcry"],"picked":"SKIP","floor":19},{"not_picked":["True Grit","Thunderclap"],"picked":"Perfected Strike","floor":20},{"not_picked":["Sever Soul","Evolve"],"picked":"Shrug It Off+1","floor":21},{"not_picked":["Searing Blow","Flex"],"picked":"Armaments","floor":23},{"not_picked":["Body Slam","Inflame","Cleave"],"picked":"SKIP","floor":25},{"not_picked":["Bloodletting","Armaments","Anger"],"picked":"SKIP","floor":29},{"not_picked":["True Grit","Anger","Rupture","Rage"],"picked":"SKIP","floor":31}],"player_experience":2407565,"relics_obtained":[{"floor":7,"key":"Anchor"},{"floor":10,"key":"Shuriken"},{"floor":12,"key":"Pear"},{"floor":25,"key":"Dodecahedron"},{"floor":26,"key":"Orichalcum"},{"floor":29,"key":"Question Card"}],"event_choices":[{"damage_healed":0.0,"max_hp_gain":0.0,"max_hp_loss":0.0,"gold_gain":0.0,"event_name":"Shining Light","player_choice":"Entered Light","floor":3.0,"gold_loss":0.0,"damage_taken":27.0,"cards_upgraded":["Defend_R","Clothesline"]},{"damage_healed":0.0,"max_hp_gain":0.0,"max_hp_loss":0.0,"gold_gain":0.0,"event_name":"WeMeetAgain","player_choice":"Gave Potion","floor":4.0,"gold_loss":0.0,"damage_taken":0.0,"relics_obtained":["Self Forming Clay"]},{"damage_healed":0,"gold_gain":0,"player_choice":"Left Gold","damage_taken":0,"max_hp_gain":0,"max_hp_loss":0,"event_name":"World of Goop","floor":8,"gold_loss":67},{"damage_healed":0,"gold_gain":0,"player_choice":"Ignored","damage_taken":0,"max_hp_gain":0,"max_hp_loss":0,"event_name":"Ghosts","floor":22,"gold_loss":0},{"damage_healed":0,"gold_gain":50,"player_choice":"Stole From Cult","damage_taken":0,"max_hp_gain":0,"max_hp_loss":0,"event_name":"Nest","floor":30,"gold_loss":0}],"is_beta":true,"boss_relics":[{"not_picked":["Eternal Feather","Busted Crown"],"picked":"Philosopher\u0027s Stone"}],"items_purged_floors":[28],"is_endless":false,"potions_floor_spawned":[2,5,12,14,16,19,21,25,31],"killed_by":"Collector","ascension_level":15}