{"gold_per_floor":[113,35,55,15,30,30,56,71,94,112,112,129,129,142,142,220,220,230,45,71,146,162,162,4,4,4,4,24,24,114,145,145,222,272,285,300,314,314],"floor_reached":38,"playtime":1967,"items_purged":["Strike_R","Strike_R"],"score":842,"play_id":"095e96ea-dd2b-4d82-b96a-aae9f008710b","local_time":"20190428021602","is_ascension_mode":true,"campfire_choices":[{"data":"Blood for Blood","floor":6,"key":"SMITH"},{"data":"Bash","floor":11,"key":"SMITH"},{"data":"Sword Boomerang","floor":13,"key":"SMITH"},{"data":"Pummel","floor":15,"key":"SMITH"},{"data":"Demon Form","floor":23,"key":"SMITH"},{"data":"Heavy Blade","floor":25,"key":"SMITH"},{"data":"Shrug It Off","floor":27,"key":"SMITH"},{"data":"Disarm","floor":32,"key":"SMITH"}],"neow_cost":"NONE","seed_source_timestamp":460369768868689,"circlet_count":0,"master_deck":["AscendersBane","Strike_R+1","Strike_R+1","Strike_R+1","Defend_R+1","Defend_R+1","Defend_R+1","Defend_R+1","Bash+1","Deep Breath","Pommel Strike+1","Inflame","Blood for Blood+1","Twin Strike","Sword Boomerang+1","Carnage","Pummel+1","Inflame","Demon Form+1","Heavy Blade+1","Shockwave","Heavy Blade","Shrug It Off+1","Disarm+1","Limit Break","Corruption+1"],"relics":["Burning Blood","Orichalcum","Snecko Eye","Red Mask","Singing Bowl","Bottled Lightning","Regal Pillow","Tiny House"],"potions_floor_usage":[7,8,12,16,31,33,35],"damage_taken":[{"damage":13,"enemies":"Cultist","floor":1,"turns":5},{"damage":1,"enemies":"2 Louse","floor":3,"turns":2},{"damage":4,"enemies":"Jaw Worm","floor":5,"turns":5},{"damage":25,"enemies":"Lagavulin","floor":7,"turns":5},{"damage":15,"enemies":"3 Louse","floor":8,"turns":5},{"damage":7,"enemies":"Red Slaver","floor":10,"turns":4},{"damage":7,"enemies":"Exordium Wildlife","floor":12,"turns":3},{"damage":2,"enemies":"Lots of Slimes","floor":14,"turns":3},{"damage":14,"enemies":"Hexaghost","floor":16,"turns":6},{"damage":0,"enemies":"Chosen","floor":18,"turns":2},{"damage":12,"enemies":"Masked Bandits","floor":20,"turns":3},{"damage":10,"enemies":"3 Byrds","floor":22,"turns":5},{"damage":0,"enemies":"Cultist and Chosen","floor":28,"turns":3},{"damage":0,"enemies":"Gremlin Leader","floor":31,"turns":3},{"damage":36,"enemies":"Automaton","floor":33,"turns":6},{"damage":18,"enemies":"3 Darklings","floor":35,"turns":4},{"damage":39,"enemies":"3 Shapes","floor":36,"turns":6},{"damage":12,"enemies":"3 Darklings","floor":37,"turns":4},{"damage":28,"enemies":"Spire Growth","floor":38,"turns":2}],"seed_played":"1824090360220902527","potions_obtained":[{"floor":4,"key":"Explosive Potion"},{"floor":4,"key":"Swift Potion"},{"floor":8,"key":"SteroidPotion"},{"floor":12,"key":"Weak Potion"},{"floor":14,"key":"BloodPotion"},{"floor":22,"key":"Explosive Potion"},{"floor":28,"key":"LiquidBronze"},{"floor":34,"key":"SkillPotion"},{"floor":36,"key":"Strength Potion"}],"is_trial":false,"path_per_floor":["M","$","M","?","M","R","E","M","T","M","R","M","R","M","R","B",null,"M","$","?","T","M","R","$","R","T","R","M","?","?","E","R","B",null,"M","M","M","M"],"character_chosen":"IRONCLAD","items_purchased":["Inflame","Heavy Blade","Shockwave","Shrug It Off"],"campfire_rested":0,"item_purchase_floors":[2,19,19,24],"current_hp_per_floor":[61,61,66,66,68,68,49,40,40,39,39,38,38,42,42,34,65,71,71,65,65,63,63,63,63,63,63,71,71,57,63,63,33,73,63,32,28,0],"gold":314,"neow_bonus":"RANDOM_COLORLESS","is_prod":false,"is_daily":false,"chose_seed":false,"campfire_upgraded":8,"win_rate":0,"timestamp":1556432162,"path_taken":["M","?","M","?","M","R","E","M","T","?","R","M","R","M","R","BOSS","M","$","?","?","M","R","$","R","T","R","M","?","?","E","R","BOSS","M","M","M","M"],"build_version":"2019-01-23","purchased_purges":2,"victory":false,"max_hp_per_floor":[75,75,75,75,75,75,75,75,75,75,75,75,75,75,75,75,75,75,75,75,75,77,77,77,77,77,77,79,79,79,79,79,79,84,86,88,90,90],"card_choices":[{"not_picked":["Sword Boomerang","Bloodletting"],"picked":"Pommel Strike","floor":1},{"not_picked":["Body Slam","Sentinel"],"picked":"Blood for Blood","floor":3},{"not_picked":["Entrench","Headbutt"],"picked":"Twin Strike","floor":5},{"not_picked":["Dropkick","Anger"],"picked":"Sword Boomerang","floor":7},{"not_picked":["Corruption","Sword Boomerang"],"picked":"Carnage","floor":8},{"not_picked":["Clash","Thunderclap"],"picked":"Pummel","floor":10},{"not_picked":["Power Through","Sword Boomerang","Dropkick"],"picked":"SKIP","floor":12},{"not_picked":["True Grit","Thunderclap"],"picked":"Inflame","floor":14},{"not_picked":["Juggernaut","Impervious"],"picked":"Demon Form","floor":16},{"not_picked":["Flex","Power Through","Seeing Red"],"picked":"SKIP","floor":18},{"not_picked":["Armaments","Infernal Blade"],"picked":"Heavy Blade","floor":20},{"not_picked":["Sever Soul","Armaments","Ghostly Armor+1"],"picked":"Singing Bowl","floor":22},{"not_picked":["Blood for Blood","Thunderclap+1","Burning Pact"],"picked":"Singing Bowl","floor":28},{"not_picked":["Twin Strike","Flex"],"picked":"Disarm","floor":31},{"not_picked":["Berserk","Dark Embrace"],"picked":"Limit Break","floor":33},{"not_picked":["Infernal Blade","Warcry"],"picked":"Corruption+1","floor":34},{"not_picked":["Sword Boomerang","Anger","Dropkick"],"picked":"Singing Bowl","floor":35},{"not_picked":["Bloodletting","Heavy Blade","Burning Pact"],"picked":"Singing Bowl","floor":36},{"not_picked":["Second Wind","Intimidate","Shrug It Off"],"picked":"Singing Bowl","floor":37}],"player_experience":2020943,"relics_obtained":[{"floor":7,"key":"Orichalcum"},{"floor":20,"key":"Red Mask"},{"floor":21,"key":"Singing Bowl"},{"floor":26,"key":"Bottled Lightning"},{"floor":31,"key":"Regal Pillow"}],"event_choices":[{"damage_healed":0,"gold_gain":0,"player_choice":"Bought 3 Potions","damage_taken":0,"max_hp_gain":0,"max_hp_loss":0,"event_name":"The Woman in Blue","floor":4,"gold_loss":0},{"damage_healed":0,"gold_gain":0,"player_choice":"Fought Bandits","damage_taken":0,"max_hp_gain":0,"max_hp_loss":0,"event_name":"Masked Bandits","floor":20,"gold_loss":0},{"damage_healed":0,"gold_gain":0,"player_choice":"Simplicity","damage_taken":0,"max_hp_gain":0,"max_hp_loss":0,"event_name":"Back to Basics","floor":29,"gold_loss":0,"cards_upgraded":["Strike_R","Strike_R","Strike_R","Defend_R","Defend_R","Defend_R","Defend_R"]},{"damage_healed":0,"gold_gain":90,"player_choice":"GOLD ","damage_taken":14,"max_hp_gain":0,"max_hp_loss":0,"event_name":"Knowing Skull","floor":30,"potions_obtained":[],"gold_loss":0,"cards_obtained":[]}],"is_beta":false,"boss_relics":[{"not_picked":["Orrery","Black Star"],"picked":"Snecko Eye"},{"not_picked":["Pandora\u0027s Box","White Beast Statue"],"picked":"Tiny House"}],"items_purged_floors":[19,24],"is_endless":false,"potions_floor_spawned":[8,12,14,22,28,36],"killed_by":"Spire Growth","ascension_level":20}