{"gold_per_floor":[10,0,17,17,37,68,68,86,109,127,153,153,229,242,242,320,320,338,338,338,354,370,370,389,389,438,458,477,402,402,416,416,416],"floor_reached":33,"playtime":2218,"items_purged":[],"score":529,"play_id":"4ddb6a58-f53c-489a-9903-d6d10cf16f6b","local_time":"20190415222206","is_ascension_mode":true,"campfire_choices":[{"data":"Streamline","floor":7.0,"key":"SMITH"},{"floor":12.0,"key":"REST"},{"data":"Streamline","floor":15.0,"key":"SMITH"},{"floor":23,"key":"REST"},{"floor":30,"key":"REST"},{"data":"Biased Cognition","floor":32,"key":"SMITH"}],"neow_cost":"NO_GOLD","seed_source_timestamp":31458669607693,"circlet_count":0,"master_deck":["AscendersBane","Strike_B","Strike_B","Strike_B","Defend_B","Defend_B","Defend_B","Defend_B","Zap","Dualcast","Glacier","Streamline+1","Compile Driver","Ball Lightning","Cold Snap","Gash","Core Surge","Gash","Streamline+1","Biased Cognition+1","Coolheaded","Capacitor","Ball Lightning","Conserve Battery","Lockon","Undo","Gash"],"special_seed":0,"relics":["Cracked Core","Dream Catcher","Regal Pillow","Oddly Smooth Stone","Sozu","Vajra"],"potions_floor_usage":[33,33],"damage_taken":[{"damage":7.0,"enemies":"Jaw Worm","floor":1.0,"turns":3.0},{"damage":0.0,"enemies":"2 Louse","floor":3.0,"turns":2.0},{"damage":10.0,"enemies":"Small Slimes","floor":5.0,"turns":3.0},{"damage":19.0,"enemies":"Lagavulin","floor":6.0,"turns":10.0},{"damage":20.0,"enemies":"3 Louse","floor":8.0,"turns":3.0},{"damage":15.0,"enemies":"Lots of Slimes","floor":10.0,"turns":3.0},{"damage":13.0,"enemies":"Gremlin Nob","floor":11.0,"turns":4.0},{"damage":4.0,"enemies":"Blue Slaver","floor":14.0,"turns":3.0},{"damage":0.0,"enemies":"Slime Boss","floor":16.0,"turns":7.0},{"damage":21,"enemies":"Shell Parasite","floor":18,"turns":5},{"damage":5,"enemies":"Spheric Guardian","floor":21,"turns":4},{"damage":18,"enemies":"3 Cultists","floor":22,"turns":6},{"damage":21,"enemies":"Sentry and Sphere","floor":24,"turns":5},{"damage":15,"enemies":"Centurion and Healer","floor":27,"turns":6},{"damage":20,"enemies":"Snecko","floor":28,"turns":4},{"damage":13,"enemies":"Cultist and Chosen","floor":31,"turns":6},{"damage":50,"enemies":"Collector","floor":33,"turns":10}],"seed_played":"-4663115231689351977","potions_obtained":[{"floor":3.0,"key":"Energy Potion"},{"floor":5.0,"key":"AttackPotion"},{"floor":8.0,"key":"Dexterity Potion"},{"floor":10.0,"key":"Regen Potion"},{"floor":16.0,"key":"Dexterity Potion"}],"is_trial":false,"path_per_floor":["M","?","M","?","M","E","R","M","T","M","E","R","?","M","R","B",null,"M","?","?","M","M","R","M","?","T","M","M","?","R","M","R","B"],"character_chosen":"DEFECT","items_purchased":[],"campfire_rested":3,"item_purchase_floors":[],"current_hp_per_floor":[71,71,71,71,61,42,42,22,22,7,6,46,46,42,42,42,74,53,53,53,48,30,70,49,49,49,34,14,14,54,41,41,0],"gold":416,"neow_bonus":"TWENTY_PERCENT_HP_BONUS","is_prod":false,"is_daily":false,"chose_seed":false,"campfire_upgraded":3,"win_rate":0,"timestamp":1555359726,"path_taken":["M","?","M","?","M","E","R","M","T","M","E","R","?","M","R","BOSS","M","?","?","M","?","R","M","?","T","?","M","?","R","M","R","BOSS"],"build_version":"2019-01-23","purchased_purges":0,"victory":false,"max_hp_per_floor":[85,85,85,85,85,85,85,85,85,85,85,85,85,85,85,85,85,85,85,85,85,85,85,85,85,85,85,85,85,85,85,85,85],"card_choices":[{"not_picked":["Beam Cell","Chaos"],"picked":"Glacier","floor":1.0},{"not_picked":["Aggregate","Skim"],"picked":"Streamline","floor":3.0},{"not_picked":["Steam","Fusion"],"picked":"Compile Driver","floor":5.0},{"not_picked":["Steam","Go for the Eyes"],"picked":"Ball Lightning","floor":6.0},{"not_picked":["Redo","Capacitor"],"picked":"Cold Snap","floor":8.0},{"not_picked":["Genetic Algorithm","Redo"],"picked":"Gash","floor":10.0},{"not_picked":["BootSequence","Leap"],"picked":"Core Surge","floor":11.0},{"not_picked":["Steam","Stack"],"picked":"Gash","floor":12.0},{"not_picked":["Chill","Cold Snap"],"picked":"Streamline","floor":14.0},{"not_picked":["All For One","Rainbow"],"picked":"Biased Cognition","floor":16.0},{"not_picked":["Conserve Battery","Compile Driver"],"picked":"Coolheaded","floor":18},{"not_picked":["Barrage","Darkness","Turbo"],"picked":"SKIP","floor":21},{"not_picked":["Aggregate+1","Redo","Chaos"],"picked":"SKIP","floor":22},{"not_picked":["Melter","Storm"],"picked":"Capacitor","floor":23},{"not_picked":["Fusion","Coolheaded","Recycle"],"picked":"SKIP","floor":24},{"not_picked":["Reprogram","Redo"],"picked":"Conserve Battery","floor":27},{"not_picked":["Leap","Turbo"],"picked":"Lockon","floor":28},{"not_picked":["Go for the Eyes","Turbo+1"],"picked":"Undo","floor":30},{"not_picked":["Thunder Strike","Steam"],"picked":"Gash","floor":31}],"player_experience":263469,"relics_obtained":[{"floor":6.0,"key":"Dream Catcher"},{"floor":9.0,"key":"Regal Pillow"},{"floor":11.0,"key":"Oddly Smooth Stone"},{"floor":26,"key":"Vajra"}],"event_choices":[{"damage_healed":0.0,"max_hp_gain":0.0,"max_hp_loss":0.0,"gold_gain":0.0,"event_name":"World of Goop","player_choice":"Left Gold","floor":2.0,"gold_loss":10.0,"damage_taken":0.0},{"damage_healed":0.0,"max_hp_gain":0.0,"max_hp_loss":0.0,"gold_gain":0.0,"event_name":"The Cleric","player_choice":"Leave","floor":4.0,"gold_loss":0.0,"damage_taken":0.0},{"damage_healed":0.0,"max_hp_gain":0.0,"max_hp_loss":0.0,"gold_gain":76.0,"event_name":"Golden Wing","player_choice":"Gained Gold","floor":13.0,"gold_loss":0.0,"damage_taken":0.0},{"damage_healed":0,"gold_gain":0,"player_choice":"Ignored","damage_taken":0,"max_hp_gain":0,"max_hp_loss":0,"event_name":"Vampires","floor":19,"gold_loss":0},{"damage_healed":0,"gold_gain":0,"player_choice":"Bought 0 Potions","damage_taken":0,"max_hp_gain":0,"max_hp_loss":0,"event_name":"The Woman in Blue","floor":20,"gold_loss":0},{"damage_healed":0,"gold_gain":0,"player_choice":"1 cards matched","damage_taken":0,"max_hp_gain":0,"max_hp_loss":0,"event_name":"Match and Keep!","floor":25,"gold_loss":0,"cards_obtained":["Ball Lightning"]},{"cards_removed":["Strike_B"],"damage_healed":0,"gold_gain":0,"player_choice":"Gave Gold","damage_taken":0,"max_hp_gain":0,"max_hp_loss":0,"event_name":"Beggar","floor":29,"gold_loss":75}],"is_beta":false,"boss_relics":[{"not_picked":["White Beast Statue","Orrery"],"picked":"Sozu"}],"items_purged_floors":[],"is_endless":false,"potions_floor_spawned":[3,5,8,10,16,22,31],"killed_by":"Collector","ascension_level":14}