{"gold_per_floor":[114,126,91,91,104,104,137,137,163,197,213,213,226,251,251,251],"floor_reached":16,"playtime":585,"items_purged":[],"score":224,"play_id":"68fe7692-7885-490e-932f-36a28cc66f3a","local_time":"20190403221603","is_ascension_mode":true,"campfire_choices":[{"data":"Defragment","floor":6,"key":"SMITH"},{"data":"Hyperbeam","floor":8,"key":"SMITH"},{"data":"Hologram","floor":15,"key":"SMITH"}],"neow_cost":"PERCENT_DAMAGE","seed_source_timestamp":216060885389899,"circlet_count":0,"master_deck":["AscendersBane","Strike_B","Strike_B","Strike_B","Strike_B","Defend_B","Defend_B+1","Defend_B+1","Defend_B","Zap","Dualcast","Ball Lightning","Consume","Defragment+1","Hyperbeam+1","Hologram+1","Self Repair"],"relics":["Cracked Core","Golden Idol","Bag of Marbles","Potion Belt","War Paint"],"potions_floor_usage":[7,10,11],"damage_taken":[{"damage":5,"enemies":"2 Louse","floor":1,"turns":2},{"damage":0,"enemies":"Small Slimes","floor":2,"turns":3},{"damage":12,"enemies":"Jaw Worm","floor":5,"turns":3},{"damage":32,"enemies":"Gremlin Nob","floor":7,"turns":4},{"damage":20,"enemies":"Lagavulin","floor":10,"turns":6},{"damage":0,"enemies":"Looter","floor":11,"turns":3},{"damage":6,"enemies":"3 Louse","floor":13,"turns":3},{"damage":4,"enemies":"Exordium Thugs","floor":14,"turns":3},{"damage":18,"enemies":"The Guardian","floor":16,"turns":2}],"seed_played":"7009382746791893481","potions_obtained":[{"floor":2,"key":"FocusPotion"},{"floor":5,"key":"Weak Potion"},{"floor":7,"key":"Ancient Potion"},{"floor":10,"key":"SkillPotion"}],"is_trial":false,"path_per_floor":["M","M","?","?","M","R","E","R","T","E","M","?","M","M","R","B"],"character_chosen":"DEFECT","items_purchased":[],"campfire_rested":0,"item_purchase_floors":[],"current_hp_per_floor":[55,55,76,76,64,64,32,32,32,12,12,12,6,9,9,0],"gold":251,"neow_bonus":"TWENTY_PERCENT_HP_BONUS","is_prod":false,"is_daily":false,"chose_seed":false,"campfire_upgraded":3,"win_rate":0,"timestamp":1554344163,"path_taken":["M","M","?","?","M","R","E","R","T","E","M","?","?","M","R","BOSS"],"build_version":"2019-01-23","purchased_purges":0,"victory":false,"max_hp_per_floor":[85,85,85,77,77,77,77,77,77,77,77,77,77,77,77,77],"card_choices":[{"not_picked":["Leap","Barrage"],"picked":"Ball Lightning","floor":1},{"not_picked":["Darkness","Gash"],"picked":"Consume","floor":2},{"not_picked":["Steam","Scrape"],"picked":"Defragment","floor":5},{"not_picked":["Rebound","FTL"],"picked":"Hyperbeam","floor":7},{"not_picked":["Steam Power","Reinforced Body"],"picked":"Hologram","floor":10},{"not_picked":["Hello World","Chaos"],"picked":"Self Repair","floor":11},{"not_picked":["Reinforced Body","Leap","Hello World"],"picked":"SKIP","floor":13},{"not_picked":["Go for the Eyes","Sweeping Beam","Hologram"],"picked":"SKIP","floor":14}],"player_experience":1579485,"relics_obtained":[{"floor":7,"key":"Bag of Marbles"},{"floor":9,"key":"Potion Belt"},{"floor":10,"key":"War Paint"}],"event_choices":[{"damage_healed":21,"gold_gain":0,"player_choice":"Healed","damage_taken":0,"max_hp_gain":0,"max_hp_loss":0,"event_name":"The Cleric","floor":3,"gold_loss":35},{"damage_healed":0,"gold_gain":0,"player_choice":"Lose Max HP","damage_taken":0,"relics_obtained":["Golden Idol"],"max_hp_gain":0,"max_hp_loss":8,"event_name":"Golden Idol","floor":4,"gold_loss":0},{"damage_healed":0,"gold_gain":0,"player_choice":"Ignored","damage_taken":0,"max_hp_gain":0,"max_hp_loss":0,"event_name":"Shining Light","floor":12,"gold_loss":0}],"is_beta":false,"boss_relics":[],"items_purged_floors":[],"is_endless":false,"potions_floor_spawned":[2,5,7,10],"killed_by":"The Guardian","ascension_level":20}