{"path_per_floor":["M","M","M","?","?","R","E","M","T","R","T","E","M","M","R","B",null,"M","?","?","M","M","R","E","R","T"],"character_chosen":"THE_SILENT","items_purchased":[],"gold_per_floor":[119,136,146,246,246,246,276,292,368,368,368,399,418,434,434,511,511,521,501,501,515,533,533,566,566,566,566],"floor_reached":27,"campfire_rested":3,"playtime":1413,"current_hp_per_floor":[59,52,49,49,49,49,44,37,37,37,37,27,23,5,24,6,51,35,35,35,15,10,29,19,38,38,0],"items_purged":[],"gold":566,"score":425,"play_id":"9b6cd893-bdb8-4d99-9a2c-53fedbb24494","local_time":"20180419011536","is_prod":false,"is_daily":false,"chose_seed":false,"is_ascension_mode":true,"campfire_upgraded":2,"timestamp":1524114936,"path_taken":["M","M","M","?","?","R","E","M","T","R","?","E","M","M","R","BOSS","M","?","?","M","M","R","E","R","T","E"],"build_version":"2018-04-12","seed_source_timestamp":300004036512079,"purchased_purges":0,"victory":false,"master_deck":["Defend_G","Defend_G","Defend_G","Defend_G","Defend_G","Strike_G","Survivor","Neutralize","AscendersBane","Flying Knee+1","Flying Knee+1","Deflect","Sucker Punch","Quick Slash","Infinite Blades+1","Noxious Fumes+1","Tactician","Terror+1","Grand Finale+1","Eviscerate+1","Phantasmal Killer","Blade Dance+1","Dagger Spray+1"],"max_hp_per_floor":[66,66,66,66,66,66,66,66,66,66,66,66,66,66,66,66,66,66,66,66,66,66,66,66,66,66,66],"relics":["Snecko Eye","Mummified Hand","Matryoshka","Frozen Egg 2","Letter Opener","Tough Bandages","Astrolabe","Art of War","Regal Pillow","Ornamental Fan"],"card_choices":[{"not_picked":["Slice","Prepared"],"picked":"Flying Knee","floor":1},{"not_picked":["Tools of the Trade","Backflip"],"picked":"Flying Knee","floor":3},{"not_picked":["Flying Knee","Dagger Throw"],"picked":"Sucker Punch","floor":7},{"not_picked":["Corpse Explosion","Cloak And Dagger"],"picked":"Quick Slash","floor":8},{"not_picked":["Dodge and Roll","Bane"],"picked":"Infinite Blades","floor":12},{"not_picked":["Bane","Underhanded Strike"],"picked":"Noxious Fumes","floor":14},{"not_picked":["After Image","Wraith Form v2"],"picked":"Tactician","floor":16},{"not_picked":["Predator","Bane"],"picked":"Blade Dance","floor":21},{"not_picked":["Acrobatics","Underhanded Strike"],"picked":"Dagger Spray","floor":24}],"player_experience":905782,"potions_floor_usage":[7,13,13,14,21,22,24],"damage_taken":[{"damage":0,"enemies":"Cultist","floor":1,"turns":5},{"damage":7,"enemies":"Small Slimes","floor":2,"turns":4},{"damage":3,"enemies":"Jaw Worm","floor":3,"turns":6},{"damage":5,"enemies":"3 Sentries","floor":7,"turns":9},{"damage":7,"enemies":"Looter","floor":8,"turns":3},{"damage":10,"enemies":"Lagavulin","floor":12,"turns":9},{"damage":4,"enemies":"Gremlin Gang","floor":13,"turns":2},{"damage":18,"enemies":"Lots of Slimes","floor":14,"turns":5},{"damage":18,"enemies":"Slime Boss","floor":16,"turns":11},{"damage":16,"enemies":"Shell Parasite","floor":18,"turns":4},{"damage":20,"enemies":"2 Thieves","floor":21,"turns":4},{"damage":14,"enemies":"Centurion and Healer","floor":22,"turns":5},{"damage":10,"enemies":"Gremlin Leader","floor":24,"turns":7},{"damage":43,"enemies":"Slavers","floor":27,"turns":2}],"event_choices":[{"event_name":"Wheel of Change","player_choice":"Gold","floor":4,"damage_taken":0},{"event_name":"Transmorgrifier","player_choice":"Transform","floor":5,"damage_taken":0},{"event_name":"The Woman in Blue","player_choice":"Bought 1 Potion","floor":19,"damage_taken":0},{"event_name":"Match and Keep!","player_choice":"1 cards matched","floor":20,"damage_taken":0}],"boss_relics":[{"not_picked":["Sozu","Velvet Choker"],"picked":"Astrolabe"}],"potions_floor_spawned":[2,8,12,13,21,22],"seed_played":"-2655830045219742454","killed_by":"Slavers","ascension_level":15,"is_trial":false}