{"gold_per_floor":[116,116,116,133,145,145,155,155,181,194,194,194,194,204,204,281,281,299,224,7,27,45,45,76,87,87,87,106,106,135,160,160,160],"floor_reached":33,"playtime":1500,"items_purged":[],"score":514,"play_id":"39f17116-1ac4-4b6e-95a2-5d646f399ba4","local_time":"20190426040252","is_ascension_mode":true,"campfire_choices":[{"data":"Cloak And Dagger","floor":6,"key":"SMITH"},{"data":"Neutralize","floor":8,"key":"SMITH"},{"data":"Poisoned Stab","floor":11,"key":"SMITH"},{"data":"Leg Sweep","floor":13,"key":"SMITH"},{"data":"Deadly Poison","floor":15,"key":"SMITH"},{"data":"Cloak And Dagger","floor":23,"key":"SMITH"},{"floor":27,"key":"REST"},{"data":"Noxious Fumes","floor":32,"key":"SMITH"}],"neow_cost":"NONE","seed_source_timestamp":294435634140002,"circlet_count":0,"master_deck":["AscendersBane","Defend_G","Defend_G","Defend_G","Defend_G","Defend_G","Strike_G","Strike_G","Strike_G","Survivor","Neutralize+1","Noxious Fumes+1","Poisoned Stab+1","Cloak And Dagger+1","Leg Sweep+1","Deadly Poison+1","Adrenaline","Cloak And Dagger+1","Deflect","Escape Plan","Backflip+1","Backstab+1","Noxious Fumes+1"],"relics":["Ring of the Snake","NeowsBlessing","White Beast Statue","Potion Belt","Red Mask","Nunchaku","Omamori","Blood Vial"],"potions_floor_usage":[21,22,24,24,24,25,30,33,33],"damage_taken":[{"damage":0,"enemies":"Jaw Worm","floor":1,"turns":1},{"damage":0,"enemies":"2 Louse","floor":4,"turns":1},{"damage":0,"enemies":"Cultist","floor":5,"turns":1},{"damage":5,"enemies":"3 Louse","floor":7,"turns":3},{"damage":0,"enemies":"Red Slaver","floor":10,"turns":5},{"damage":0,"enemies":"Looter","floor":14,"turns":4},{"damage":45,"enemies":"Slime Boss","floor":16,"turns":10},{"damage":1,"enemies":"Spheric Guardian","floor":18,"turns":5},{"damage":4,"enemies":"3 Byrds","floor":21,"turns":4},{"damage":31,"enemies":"Shelled Parasite and Fungi","floor":22,"turns":6},{"damage":4,"enemies":"Masked Bandits","floor":24,"turns":4},{"damage":9,"enemies":"Snake Plant","floor":25,"turns":5},{"damage":4,"enemies":"Snecko","floor":28,"turns":6},{"damage":8,"enemies":"Slavers","floor":30,"turns":6},{"damage":43,"enemies":"Automaton","floor":33,"turns":6}],"seed_played":"-8296650511489153506","potions_obtained":[{"floor":1,"key":"Energy Potion"},{"floor":5,"key":"SteroidPotion"},{"floor":21,"key":"Fire Potion"},{"floor":22,"key":"Fire Potion"},{"floor":24,"key":"LiquidBronze"},{"floor":25,"key":"SteroidPotion"},{"floor":28,"key":"AttackPotion"},{"floor":30,"key":"Fire Potion"}],"is_trial":false,"path_per_floor":["M","?","?","M","M","R","M","R","T","M","R","?","R","M","R","B",null,"M","?","$","M","M","R","?","M","T","R","M","?","E","T","R","B"],"character_chosen":"THE_SILENT","items_purchased":["Potion Belt","Fire Potion"],"campfire_rested":1,"item_purchase_floors":[20,20],"current_hp_per_floor":[59,52,52,52,52,52,47,47,47,47,47,66,66,66,66,21,55,54,54,54,50,19,19,15,6,6,25,21,34,26,26,26,0],"gold":160,"neow_bonus":"THREE_ENEMY_KILL","is_prod":false,"is_daily":false,"chose_seed":false,"campfire_upgraded":7,"win_rate":0,"timestamp":1556265772,"path_taken":["M","?","?","?","M","R","M","R","T","M","R","?","R","?","R","BOSS","M","?","$","M","M","R","?","M","T","R","M","?","E","?","R","BOSS"],"build_version":"2019-01-23","purchased_purges":0,"victory":false,"max_hp_per_floor":[66,66,66,66,66,66,66,66,66,66,66,66,66,66,66,66,66,66,66,66,66,66,66,66,66,66,66,66,66,66,66,66,66],"card_choices":[{"not_picked":["Dash","Flechettes"],"picked":"Noxious Fumes","floor":1},{"not_picked":["Eviscerate","Bane"],"picked":"Poisoned Stab","floor":4},{"not_picked":["Riddle With Holes","Dagger Spray"],"picked":"Cloak And Dagger","floor":5},{"not_picked":["Sucker Punch","Skewer"],"picked":"Leg Sweep","floor":7},{"not_picked":["Underhanded Strike","Quick Slash","Terror"],"picked":"SKIP","floor":10},{"not_picked":["Unload","Riddle With Holes"],"picked":"Deadly Poison","floor":14},{"not_picked":["Unload","Doppelganger"],"picked":"Adrenaline","floor":16},{"not_picked":["Dagger Spray","Outmaneuver"],"picked":"Cloak And Dagger","floor":18},{"not_picked":["Dagger Spray","Reflex"],"picked":"Deflect","floor":21},{"not_picked":["Sucker Punch","Eviscerate","Deflect"],"picked":"SKIP","floor":22},{"not_picked":["Poisoned Stab","Flechettes"],"picked":"Escape Plan","floor":24},{"not_picked":["Dodge and Roll+1","Underhanded Strike"],"picked":"Backflip+1","floor":25},{"not_picked":["Adrenaline","Dodge and Roll"],"picked":"Backstab+1","floor":28},{"not_picked":["Deadly Poison","Heel Hook"],"picked":"Noxious Fumes","floor":30}],"player_experience":1943345,"relics_obtained":[{"floor":24,"key":"Red Mask"},{"floor":26,"key":"Nunchaku"},{"floor":30,"key":"Omamori"},{"floor":31,"key":"Blood Vial"}],"event_choices":[{"cards_removed":["Strike_G"],"damage_healed":0,"gold_gain":0,"player_choice":"Card Removal","damage_taken":7,"max_hp_gain":0,"max_hp_loss":0,"event_name":"Golden Wing","floor":2,"gold_loss":0},{"damage_healed":0,"gold_gain":0,"player_choice":"Upgraded","damage_taken":0,"max_hp_gain":0,"max_hp_loss":0,"event_name":"Upgrade Shrine","floor":3,"gold_loss":0,"cards_upgraded":["Noxious Fumes"]},{"damage_healed":19,"gold_gain":0,"player_choice":"Full Heal","damage_taken":0,"max_hp_gain":0,"max_hp_loss":0,"event_name":"Wheel of Change","floor":12,"gold_loss":0},{"cards_removed":["Strike_G"],"damage_healed":0,"gold_gain":0,"player_choice":"Gave Gold","damage_taken":0,"max_hp_gain":0,"max_hp_loss":0,"event_name":"Beggar","floor":19,"gold_loss":75},{"damage_healed":0,"gold_gain":0,"player_choice":"Fought Bandits","damage_taken":0,"max_hp_gain":0,"max_hp_loss":0,"event_name":"Masked Bandits","floor":24,"gold_loss":0},{"damage_healed":13,"gold_gain":0,"player_choice":"Heal","damage_taken":0,"max_hp_gain":0,"max_hp_loss":0,"event_name":"The Library","floor":29,"gold_loss":0}],"is_beta":false,"boss_relics":[{"not_picked":["HoveringKite","Snecko Eye"],"picked":"White Beast Statue"}],"items_purged_floors":[],"is_endless":false,"potions_floor_spawned":[1,5,14,18,21,22,24,25,28,30],"killed_by":"Automaton","ascension_level":20}