{"gold_per_floor":[368,25,25,35,35,63,76,107,154,154,154,172,206,230,230,319,319,343,393,409,409,425,425,446,446,446,571,571,571],"floor_reached":29,"playtime":1032,"items_purged":["Strike_B"],"score":425,"play_id":"bd68552b-387f-4dd9-90c2-c69251ff4bd0","local_time":"20190331185055","is_ascension_mode":true,"campfire_choices":[{"data":"Blizzard","floor":15,"key":"SMITH"},{"data":"Fission","floor":23,"key":"SMITH"},{"floor":25,"key":"REST"},{"data":"Zap","floor":28,"key":"SMITH"}],"neow_cost":"CURSE","seed_source_timestamp":1582440116090535,"circlet_count":0,"master_deck":["AscendersBane","Strike_B","Strike_B","Strike_B","Defend_B","Defend_B","Defend_B","Zap+1","Dualcast","Coolheaded","Streamline","BootSequence","Cold Snap","Reinforced Body","Self Repair","Fission+1","Genetic Algorithm","Blizzard+1","Echo Form","Cold Snap","FTL"],"relics":["Cracked Core","Symbiotic Virus","Shuriken","Pen Nib","Anchor","Golden Idol","Boot","Inserter","Ornamental Fan","Calipers","Kunai"],"potions_floor_usage":[16,18,27,27],"damage_taken":[{"damage":5,"enemies":"2 Louse","floor":1,"turns":4},{"damage":1,"enemies":"Cultist","floor":4,"turns":3},{"damage":3,"enemies":"Lagavulin","floor":6,"turns":5},{"damage":10,"enemies":"Small Slimes","floor":7,"turns":3},{"damage":3,"enemies":"3 Sentries","floor":8,"turns":7},{"damage":0,"enemies":"Looter","floor":12,"turns":3},{"damage":4,"enemies":"Lagavulin","floor":13,"turns":6},{"damage":7,"enemies":"Exordium Thugs","floor":14,"turns":6},{"damage":14,"enemies":"Slime Boss","floor":16,"turns":8},{"damage":26,"enemies":"Chosen","floor":18,"turns":9},{"damage":21,"enemies":"Shell Parasite","floor":20,"turns":5},{"damage":18,"enemies":"Snake Plant","floor":22,"turns":6},{"damage":30,"enemies":"Snecko","floor":24,"turns":5},{"damage":4,"enemies":"Colosseum Slavers","floor":27,"turns":5},{"damage":7,"enemies":"Colosseum Nobs","floor":27,"turns":6},{"damage":56,"enemies":"Slavers","floor":29,"turns":8}],"seed_played":"384018310339636412","potions_obtained":[{"floor":4,"key":"Strength Potion"},{"floor":8,"key":"AttackPotion"},{"floor":16,"key":"Block Potion"},{"floor":18,"key":"EssenceOfSteel"},{"floor":21,"key":"SteroidPotion"},{"floor":27,"key":"Ancient Potion"}],"is_trial":false,"path_per_floor":["M","$","?","M","?","E","M","E","T","?","?","M","E","M","R","B",null,"M","?","M","?","M","R","M","R","T","?","R","E"],"character_chosen":"DEFECT","items_purchased":["Symbiotic Virus","Streamline"],"campfire_rested":1,"item_purchase_floors":[2,2],"current_hp_per_floor":[59,59,59,58,51,48,38,35,35,35,35,42,45,45,45,38,58,46,46,39,39,35,35,12,31,31,41,41,0],"gold":571,"neow_bonus":"TWO_FIFTY_GOLD","is_prod":false,"is_daily":false,"chose_seed":false,"campfire_upgraded":3,"win_rate":0,"timestamp":1554072655,"path_taken":["M","$","?","M","?","E","M","E","T","?","?","M","E","?","R","BOSS","M","?","M","?","M","R","?","R","T","?","R","E"],"build_version":"2019-03-15","purchased_purges":1,"victory":false,"max_hp_per_floor":[71,71,71,71,71,71,71,71,71,64,64,64,64,64,64,64,64,64,64,64,64,64,64,64,64,64,64,64,64],"card_choices":[{"not_picked":["Stack","Conserve Battery"],"picked":"Coolheaded","floor":1},{"not_picked":["Sweeping Beam","Stack"],"picked":"BootSequence","floor":4},{"not_picked":["Sweeping Beam","Reprogram"],"picked":"Cold Snap","floor":6},{"not_picked":["Steam","Streamline"],"picked":"Reinforced Body","floor":7},{"not_picked":["Machine Learning","Lockon"],"picked":"Self Repair","floor":8},{"not_picked":["Coolheaded","Turbo"],"picked":"Genetic Algorithm","floor":12},{"not_picked":["Reinforced Body","Steam","Hyperbeam"],"picked":"SKIP","floor":13},{"not_picked":["Sunder","Steam"],"picked":"Blizzard","floor":14},{"not_picked":["Buffer","Machine Learning"],"picked":"Echo Form","floor":16},{"not_picked":["Streamline+1","Skim"],"picked":"Cold Snap","floor":18},{"not_picked":["Cold Snap","Darkness","Sweeping Beam"],"picked":"SKIP","floor":20},{"not_picked":["Barrage","Streamline"],"picked":"FTL","floor":22},{"not_picked":["Compile Driver","Storm","Rip and Tear"],"picked":"SKIP","floor":24}],"player_experience":2327995,"relics_obtained":[{"floor":6,"key":"Shuriken"},{"floor":8,"key":"Pen Nib"},{"floor":9,"key":"Anchor"},{"floor":13,"key":"Boot"},{"floor":26,"key":"Ornamental Fan"},{"floor":27,"key":"Calipers"},{"floor":27,"key":"Kunai"}],"event_choices":[{"cards_removed":["Clumsy"],"damage_healed":0,"gold_gain":0,"player_choice":"Forget","damage_taken":0,"max_hp_gain":0,"max_hp_loss":0,"event_name":"Living Wall","floor":3,"gold_loss":0},{"cards_removed":["Defend_B"],"damage_healed":0,"gold_gain":0,"player_choice":"Card Removal","damage_taken":7,"max_hp_gain":0,"max_hp_loss":0,"event_name":"Golden Wing","floor":5,"gold_loss":0},{"damage_healed":0,"gold_gain":0,"player_choice":"Lose Max HP","damage_taken":0,"relics_obtained":["Golden Idol"],"max_hp_gain":0,"max_hp_loss":7,"event_name":"Golden Idol","floor":10,"gold_loss":0},{"damage_healed":0,"gold_gain":0,"player_choice":"1 cards matched","damage_taken":0,"max_hp_gain":0,"max_hp_loss":0,"event_name":"Match and Keep!","floor":11,"gold_loss":0,"cards_obtained":["Fission"]},{"damage_healed":0,"gold_gain":50,"player_choice":"Stole From Cult","damage_taken":0,"max_hp_gain":0,"max_hp_loss":0,"event_name":"Nest","floor":19,"gold_loss":0},{"damage_healed":0,"gold_gain":0,"player_choice":"Got Potions","damage_taken":0,"max_hp_gain":0,"max_hp_loss":0,"event_name":"Lab","floor":21,"gold_loss":0},{"damage_healed":0,"gold_gain":0,"player_choice":"Fight","damage_taken":0,"max_hp_gain":0,"max_hp_loss":0,"event_name":"Colosseum","floor":27,"gold_loss":0},{"damage_healed":0,"gold_gain":0,"player_choice":"Fought Nobs","damage_taken":0,"max_hp_gain":0,"max_hp_loss":0,"event_name":"Colosseum","floor":27,"gold_loss":0}],"is_beta":true,"boss_relics":[{"not_picked":["Orrery","Runic Dome"],"picked":"Inserter"}],"items_purged_floors":[2],"is_endless":false,"potions_floor_spawned":[4,8,12,16,18,20,27],"killed_by":"Slavers","ascension_level":15}