{"path_per_floor":["M","?","T","?","M","R","M","R","T","R","M","?","M","$","R","B",null,"M","?","?","M","T","R","$","R","T","R","M","E","T"],"character_chosen":"THE_SILENT","items_purchased":["Frozen Egg 2","Noxious Fumes","Fire Potion","Membership Card"],"gold_per_floor":[118,368,368,443,462,462,473,473,473,473,492,492,507,56,56,161,161,172,172,172,188,211,211,18,18,45,45,58,118,118],"floor_reached":31,"campfire_rested":0,"playtime":1811,"current_hp_per_floor":[57,57,57,46,46,52,51,57,57,63,56,49,47,47,53,53,66,62,62,49,39,46,54,54,62,62,70,58,45,45],"items_purged":["Regret"],"gold":118,"score":378,"play_id":"c9adf14b-2af5-4498-aa25-08dee446ad57","is_prod":false,"is_daily":false,"is_ascension_mode":true,"campfire_upgraded":7,"path_taken":["M","?","?","?","M","R","M","R","T","R","?","?","M","$","R","BOSS","M","?","?","M","?","R","$","R","T","R","?","E","?","E"],"build_version":"2018-02-15-PROD1","purchased_purges":2,"victory":false,"master_deck":["Defend_G","Defend_G","Defend_G","Defend_G","Defend_G","Strike_G","Strike_G","Strike_G","Strike_G","Survivor+1","Neutralize+1","Outmaneuver+1","Prepared+1","Reflex+1","Storm of Steel+1","Terror+1","Noxious Fumes+1","A Thousand Cuts+1","Infinite Blades+1","Acrobatics+1","Footwork+1","Underhanded Strike"],"max_hp_per_floor":[70,70,70,70,70,70,70,70,70,70,70,70,70,70,70,70,70,70,70,75,75,82,82,82,82,82,82,82,82,82],"relics":["Eternal Feather","Thread and Needle","Ginger","Ancient Tea Set","Frozen Egg 2","Question Card","Strawberry","Membership Card","Happy Flower","Tiny Chest","Du-Vu Doll"],"card_choices":[{"not_picked":["Cloak And Dagger","Crippling Poison"],"picked":"Outmaneuver"},{"not_picked":["Slice","Heel Hook"],"picked":"Prepared"},{"not_picked":["Sucker Punch","Acrobatics"],"picked":"Reflex"},{"not_picked":["Quick Slash","Bane"],"picked":"Storm of Steel"},{"not_picked":["PiercingWail","Expertise"],"picked":"Terror"},{"not_picked":["Storm of Steel","Wraith Form"],"picked":"A Thousand Cuts"},{"not_picked":["Dodge and Roll","Dash","Distraction"],"picked":"Infinite Blades"},{"not_picked":["Skewer","Setup","Riddle With Holes"],"picked":"Acrobatics"},{"not_picked":["Bane","Blur","Escape Plan"],"picked":"Footwork"},{"not_picked":["Bane","Blur","Masterful Stab"],"picked":"Underhanded Strike"}],"player_experience":390550,"potions_floor_usage":[18,21,28],"damage_taken":[{"damage":6,"enemies":"Jaw Worm","floor":1,"turns":7},{"damage":0,"enemies":"Cultist","floor":5,"turns":4},{"damage":1,"enemies":"2 Louse","floor":7,"turns":5},{"damage":7,"enemies":"2 Fungi Beasts","floor":11,"turns":6},{"damage":2,"enemies":"Blue Slaver","floor":13,"turns":5},{"damage":0,"enemies":"The Guardian","floor":16,"turns":12},{"damage":4,"enemies":"Chosen","floor":18,"turns":4},{"damage":10,"enemies":"Spheric Guardian","floor":21,"turns":7},{"damage":12,"enemies":"Centurion and Healer","floor":28,"turns":5},{"damage":13,"enemies":"Book of Stabbing","floor":29,"turns":6},{"damage":53,"enemies":"Slavers","floor":31,"turns":4}],"event_choices":[{"event_name":"Golden Shrine","player_choice":"Desecrate","floor":2,"damage_taken":0},{"event_name":"World of Goop","player_choice":"Gather Gold","floor":4,"damage_taken":0},{"event_name":"Scrap Ooze","player_choice":"success","floor":12,"damage_taken":7},{"event_name":"Purifier","player_choice":"One Purge","floor":19,"damage_taken":0},{"event_name":"Forgotten Altar","player_choice":"Shed Blood","floor":20,"damage_taken":0}],"boss_relics":[{"not_picked":["Black Star","Astrolabe"],"picked":"Question Card"}],"potions_floor_spawned":[13,18],"seed_played":"6384017404449098770","killed_by":"Slavers","ascension_level":6,"is_trial":false}