{"gold_per_floor":[118,43,43,60,80,80,109,109,109,139,158,170,170,188,188,262,262,279,279,479,497,547,547,472,506,506,506,516,2,19,36,36,108,108,120,120,120,137,137,137,151,178,178,209,227,243,273,284,284,284,284,284,28,53,53],"floor_reached":56,"playtime":2275,"items_purged":["Writhe"],"score":2152,"play_id":"ca22af4c-8ed5-4d76-a3b0-cd9f52a4ad07","local_time":"20190403001340","is_ascension_mode":true,"campfire_choices":[{"data":"Zap","floor":6.0,"key":"SMITH"},{"floor":8.0,"key":"REST"},{"data":"Go for the Eyes","floor":13.0,"key":"SMITH"},{"data":"Dualcast","floor":15.0,"key":"SMITH"},{"data":"Biased Cognition","floor":23.0,"key":"SMITH"},{"data":"Coolheaded","floor":27.0,"key":"SMITH"},{"floor":32.0,"key":"RECALL"},{"data":"Coolheaded","floor":40,"key":"SMITH"},{"data":"Creative AI","floor":49,"key":"SMITH"},{"data":"Beam Cell","floor":52,"key":"SMITH"}],"neow_cost":"CURSE","seed_source_timestamp":1773289954434308,"circlet_count":0,"master_deck":["AscendersBane","Defend_B","Defend_B","Defend_B","Defend_B","Zap+1","Dualcast+1","All For One","Go for the Eyes+1","Coolheaded+1","Coolheaded+1","Streamline","Biased Cognition+1","Rebound+1","Doom and Gloom+1","Reboot+1","Steam+1","Gash","Echo Form","Coolheaded+1","Turbo+1","All For One","Beam Cell+1","Hologram+1","Creative AI+1","Chill+1"],"special_seed":0,"relics":["Cracked Core","Ornamental Fan","Unceasing Top","Happy Flower","Matryoshka","Astrolabe","Ancient Tea Set","War Paint","Meat on the Bone","Medical Kit","Anchor","Oddly Smooth Stone","Coffee Dripper","Torii","Art of War","DataDisk","Incense Burner","Mummified Hand","Pantograph"],"potions_floor_usage":[45,50,55],"damage_taken":[{"damage":2.0,"enemies":"2 Louse","floor":1.0,"turns":2.0},{"damage":0.0,"enemies":"Cultist","floor":4.0,"turns":4.0},{"damage":0.0,"enemies":"Small Slimes","floor":5.0,"turns":3.0},{"damage":31.0,"enemies":"3 Sentries","floor":7.0,"turns":9.0},{"damage":16.0,"enemies":"Lagavulin","floor":10.0,"turns":7.0},{"damage":6.0,"enemies":"Looter","floor":11.0,"turns":3.0},{"damage":0.0,"enemies":"Exordium Wildlife","floor":12.0,"turns":3.0},{"damage":0.0,"enemies":"Exordium Thugs","floor":14.0,"turns":5.0},{"damage":16.0,"enemies":"Hexaghost","floor":16.0,"turns":7.0},{"damage":0.0,"enemies":"Shell Parasite","floor":18.0,"turns":5.0},{"damage":4.0,"enemies":"2 Thieves","floor":21.0,"turns":4.0},{"damage":1.0,"enemies":"Book of Stabbing","floor":25.0,"turns":5.0},{"damage":5.0,"enemies":"Snecko","floor":28.0,"turns":3.0},{"damage":0.0,"enemies":"Cultist and Chosen","floor":30.0,"turns":5.0},{"damage":14.0,"enemies":"Snake Plant","floor":31.0,"turns":3.0},{"damage":22.0,"enemies":"Champ","floor":33.0,"turns":8.0},{"damage":5,"enemies":"3 Shapes","floor":35,"turns":5},{"damage":1,"enemies":"Orb Walker","floor":38,"turns":3},{"damage":0,"enemies":"Maw","floor":41,"turns":6},{"damage":27,"enemies":"Nemesis","floor":42,"turns":9},{"damage":0,"enemies":"Giant Head","floor":44,"turns":7},{"damage":1,"enemies":"Spire Growth","floor":45,"turns":5},{"damage":7,"enemies":"4 Shapes","floor":46,"turns":3},{"damage":8,"enemies":"Nemesis","floor":47,"turns":5},{"damage":12,"enemies":"Sphere and 2 Shapes","floor":48,"turns":4},{"damage":0,"enemies":"Donu and Deca","floor":50,"turns":11},{"damage":28,"enemies":"Shield and Spear","floor":54,"turns":5},{"damage":26,"enemies":"The Heart","floor":55,"turns":9}],"seed_played":"-1069900594893101790","potions_obtained":[{"floor":5.0,"key":"Block Potion"},{"floor":7.0,"key":"SpeedPotion"},{"floor":14.0,"key":"PowerPotion"},{"floor":16.0,"key":"GamblersBrew"},{"floor":21.0,"key":"Energy Potion"},{"floor":30.0,"key":"PowerPotion"},{"floor":46,"key":"Dexterity Potion"}],"is_trial":false,"path_per_floor":["M","$","?","M","M","R","E","R","T","E","M","M","R","M","R","B",null,"M","?","?","M","?","R","?","E","T","R","M","$","M","M","R","B",null,"M","?","?","M","?","R","M","E","T","E","M","M","E","M","R","B",null,"R","$","E","B",null],"character_chosen":"DEFECT","items_purchased":["Medical Kit","Anchor","Oddly Smooth Stone","Mummified Hand"],"campfire_rested":1,"item_purchase_floors":[29,29,29,53],"current_hp_per_floor":[62,62,62,62,62,62,31,52,52,36,30,30,30,30,30,14,57,57,57,57,53,53,53,53,52,52,52,47,47,47,45,45,35,62,57,57,57,56,67,67,67,40,40,40,39,44,36,36,36,36,59,59,59,43,41],"gold":53,"neow_bonus":"THREE_RARE_CARDS","is_prod":false,"is_daily":false,"chose_seed":false,"campfire_upgraded":8,"win_rate":0,"timestamp":1554264820,"path_taken":["M","$","?","M","?","R","E","R","T","E","M","M","R","M","R","BOSS","M","?","?","?","?","R","?","E","T","R","?","$","M","M","R","BOSS","M","?","?","M","?","R","M","E","T","E","M","?","E","M","R","BOSS","R","$","E","BOSS"],"build_version":"2019-03-15","purchased_purges":1,"victory":true,"max_hp_per_floor":[71,71,71,71,71,71,71,71,71,71,71,71,71,71,71,71,71,71,71,71,71,71,71,71,71,71,71,71,71,71,71,71,71,71,71,71,67,67,67,67,67,67,67,67,67,67,67,67,67,67,67,67,67,67,67],"card_choices":[{"not_picked":["Buffer","Fission"],"picked":"All For One","floor":0.0},{"not_picked":["Conserve Battery","Stack"],"picked":"Self Repair","floor":1.0},{"not_picked":["Rip and Tear","Stack"],"picked":"Go for the Eyes","floor":4.0},{"not_picked":["Turbo","Hologram"],"picked":"Coolheaded","floor":5.0},{"not_picked":["Streamline","Scrape","Loop"],"picked":"SKIP","floor":7.0},{"not_picked":["Multi-Cast","Sweeping Beam"],"picked":"Coolheaded","floor":10.0},{"not_picked":["Doom and Gloom","Rebound","Stack"],"picked":"SKIP","floor":11.0},{"not_picked":["Rip and Tear","White Noise"],"picked":"Streamline","floor":12.0},{"not_picked":["Heatsinks","Rebound","Streamline"],"picked":"SKIP","floor":14.0},{"not_picked":["Buffer","Creative AI"],"picked":"Biased Cognition","floor":16.0},{"not_picked":["Steam Power","Go for the Eyes"],"picked":"Steam","floor":18.0},{"not_picked":["Fusion","Capacitor","Melter"],"picked":"SKIP","floor":21.0},{"not_picked":["Steam","Static Discharge"],"picked":"Gash","floor":25.0},{"not_picked":["Leap","FTL","Melter+1"],"picked":"SKIP","floor":28.0},{"not_picked":["Storm","Go for the Eyes+1","Conserve Battery"],"picked":"SKIP","floor":30.0},{"not_picked":["Coolheaded","Self Repair"],"picked":"Echo Form","floor":31.0},{"not_picked":["Multi-Cast","Rainbow"],"picked":"Fission","floor":33.0},{"not_picked":["Leap","Rebound"],"picked":"Coolheaded","floor":35},{"not_picked":["Stack","Leap+1"],"picked":"Turbo+1","floor":38},{"not_picked":["Chaos+1","Sweeping Beam","Heatsinks+1"],"picked":"SKIP","floor":41},{"not_picked":["Biased Cognition","Coolheaded"],"picked":"All For One","floor":42},{"not_picked":["Reinforced Body","Compile Driver","Redo"],"picked":"SKIP","floor":44},{"not_picked":["Self Repair","Force Field"],"picked":"Beam Cell","floor":45},{"not_picked":["Redo","Steam","Auto Shields+1"],"picked":"SKIP","floor":46},{"not_picked":["Go for the Eyes","Conserve Battery"],"picked":"Hologram+1","floor":47},{"not_picked":["Go for the Eyes","Stack+1"],"picked":"Creative AI","floor":48},{"not_picked":["Rebound","Lockon"],"picked":"Chill+1","floor":54}],"player_experience":2346272,"relics_obtained":[{"floor":7.0,"key":"Unceasing Top"},{"floor":9.0,"key":"Happy Flower"},{"floor":10.0,"key":"Matryoshka"},{"floor":25.0,"key":"Ancient Tea Set"},{"floor":26.0,"key":"War Paint"},{"floor":26.0,"key":"Meat on the Bone"},{"floor":42,"key":"Torii"},{"floor":43,"key":"Art of War"},{"floor":44,"key":"DataDisk"},{"floor":47,"key":"Incense Burner"},{"floor":54,"key":"Pantograph"}],"event_choices":[{"cards_removed":["Self Repair"],"damage_healed":0.0,"max_hp_gain":0.0,"max_hp_loss":0.0,"gold_gain":0.0,"event_name":"WeMeetAgain","player_choice":"Gave Card","floor":3.0,"gold_loss":0.0,"damage_taken":0.0,"relics_obtained":["Ornamental Fan"]},{"damage_healed":0.0,"max_hp_gain":0.0,"max_hp_loss":0.0,"gold_gain":0.0,"event_name":"The Mausoleum","player_choice":"Ignored","floor":19.0,"gold_loss":0.0,"damage_taken":0.0},{"damage_healed":0.0,"max_hp_gain":0.0,"max_hp_loss":0.0,"gold_gain":250.0,"event_name":"The Joust","player_choice":"Bet on Owner","floor":20.0,"gold_loss":50.0,"damage_taken":0.0},{"damage_healed":0.0,"max_hp_gain":0.0,"max_hp_loss":0.0,"gold_gain":50.0,"event_name":"Nest","player_choice":"Stole From Cult","floor":22.0,"gold_loss":0.0,"damage_taken":0.0},{"cards_removed":["Strike_B"],"damage_healed":0.0,"max_hp_gain":0.0,"max_hp_loss":0.0,"gold_gain":0.0,"event_name":"Beggar","player_choice":"Gave Gold","floor":24.0,"gold_loss":75.0,"damage_taken":0.0},{"cards_removed":["Fission"],"damage_healed":0,"gold_gain":0,"player_choice":"Removed Skill","damage_taken":0,"max_hp_gain":0,"max_hp_loss":0,"event_name":"Falling","floor":36,"gold_loss":0},{"damage_healed":0,"gold_gain":0,"player_choice":"Max HP","damage_taken":0,"max_hp_gain":0,"max_hp_loss":4,"event_name":"Winding Halls","floor":37,"gold_loss":0},{"damage_healed":11,"gold_gain":0,"player_choice":"Full Heal","damage_taken":0,"max_hp_gain":0,"max_hp_loss":0,"event_name":"Wheel of Change","floor":39,"gold_loss":0}],"is_beta":true,"boss_relics":[{"not_picked":["Ectoplasm","Empty Cage"],"picked":"Astrolabe"},{"not_picked":["White Beast Statue","Calling Bell"],"picked":"Coffee Dripper"}],"items_purged_floors":[2],"is_endless":false,"potions_floor_spawned":[5,7,14,16,21,30,33,42,46,48],"ascension_level":15}