{"gold_per_floor":[217,232,382,401,54,54,80,92,92,106,135,135,167,132,132,205,205,222,235,160,110,128,128,128,142,165,165,196,212,212,247,247,247],"floor_reached":33,"playtime":1658,"items_purged":["Doubt"],"score":685,"play_id":"2f83c40b-b6d1-429c-924e-e0dd61ff59ee","local_time":"20190509122500","is_ascension_mode":true,"campfire_choices":[{"data":"Hemokinesis","floor":6,"key":"SMITH"},{"data":"Whirlwind","floor":12,"key":"SMITH"},{"data":"Carnage","floor":15,"key":"SMITH"},{"floor":24,"key":"REST"},{"floor":27,"key":"RECALL"},{"floor":30,"key":"REST"},{"floor":32,"key":"REST"}],"neow_cost":"NONE","seed_source_timestamp":1447736579530576,"circlet_count":0,"master_deck":["AscendersBane","Strike_R","Strike_R","Strike_R","Defend_R","Defend_R","Defend_R","Defend_R","Bash","Anger","Hemokinesis+1","Headbutt","Whirlwind+1","Feed","Armaments","Clothesline","Carnage+1","Impervious","Disarm","Warcry+1","Bloodletting","Shockwave","Dark Embrace"],"relics":["Burning Blood","Gremlin Horn","Smiling Mask","The Courier","Fusion Hammer","Oddly Smooth Stone","Pocketwatch","Potion Belt"],"potions_floor_usage":[8,13,19,22,25,31,33],"damage_taken":[{"damage":10,"enemies":"Small Slimes","floor":1,"turns":4},{"damage":10,"enemies":"2 Louse","floor":2,"turns":3},{"damage":7,"enemies":"Jaw Worm","floor":4,"turns":3},{"damage":22,"enemies":"3 Sentries","floor":7,"turns":9},{"damage":15,"enemies":"Exordium Thugs","floor":8,"turns":3},{"damage":6,"enemies":"Looter","floor":10,"turns":3},{"damage":26,"enemies":"Gremlin Nob","floor":11,"turns":4},{"damage":17,"enemies":"Lagavulin","floor":13,"turns":4},{"damage":15,"enemies":"Slime Boss","floor":16,"turns":5},{"damage":11,"enemies":"Chosen","floor":18,"turns":3},{"damage":23,"enemies":"Spheric Guardian","floor":19,"turns":6},{"damage":9,"enemies":"Snake Plant","floor":22,"turns":3},{"damage":5,"enemies":"Sentry and Sphere","floor":25,"turns":4},{"damage":4,"enemies":"Gremlin Leader","floor":28,"turns":7},{"damage":12,"enemies":"3 Cultists","floor":29,"turns":4},{"damage":32,"enemies":"Slavers","floor":31,"turns":2},{"damage":120,"enemies":"Champ","floor":33,"turns":16}],"seed_played":"5587565893353285179","potions_obtained":[{"floor":7,"key":"SkillPotion"},{"floor":8,"key":"Explosive Potion"},{"floor":10,"key":"Energy Potion"},{"floor":16,"key":"Block Potion"},{"floor":19,"key":"LiquidBronze"},{"floor":25,"key":"Explosive Potion"},{"floor":28,"key":"Weak Potion"},{"floor":29,"key":"LiquidBronze"}],"is_trial":false,"path_per_floor":["M","M","?","M","$","R","E","M","T","M","E","R","E","?","R","B",null,"M","M","?","?","M","?","R","M","T","R","E","M","R","E","R","B"],"character_chosen":"IRONCLAD","items_purchased":["Whirlwind","Block Potion","Feed"],"campfire_rested":3,"item_purchase_floors":[5,5,5],"current_hp_per_floor":[64,60,60,59,59,59,46,40,40,40,23,23,15,36,36,27,72,67,50,50,50,50,50,77,81,81,81,86,83,99,76,102,0],"gold":247,"neow_bonus":"HUNDRED_GOLD","is_prod":false,"is_daily":false,"chose_seed":false,"campfire_upgraded":3,"win_rate":0,"timestamp":1557419100,"path_taken":["M","M","?","M","$","R","E","M","T","M","E","R","E","?","R","BOSS","M","M","?","?","?","?","R","M","T","R","E","?","R","E","R","BOSS"],"build_version":"2019-01-23","purchased_purges":1,"victory":false,"max_hp_per_floor":[75,75,75,75,75,75,78,81,81,81,84,84,87,87,87,87,87,87,87,87,87,90,90,90,93,93,93,96,99,99,102,102,102],"card_choices":[{"not_picked":["Havoc","Twin Strike"],"picked":"Anger","floor":1},{"not_picked":["Intimidate","Rampage"],"picked":"Hemokinesis","floor":2},{"not_picked":["Sword Boomerang","Bloodletting"],"picked":"Headbutt","floor":4},{"not_picked":["Intimidate","Bloodletting"],"picked":"Armaments","floor":7},{"not_picked":["Havoc","Searing Blow"],"picked":"Clothesline","floor":8},{"not_picked":["Intimidate","Clash","Iron Wave"],"picked":"SKIP","floor":10},{"not_picked":["Intimidate","Clash","Iron Wave"],"picked":"SKIP","floor":10},{"not_picked":["Corruption","Iron Wave"],"picked":"Carnage","floor":11},{"not_picked":["Perfected Strike","Sword Boomerang","Iron Wave"],"picked":"SKIP","floor":13},{"not_picked":["Juggernaut","Double Tap"],"picked":"Impervious","floor":16},{"not_picked":["Clothesline","Pummel","Armaments"],"picked":"SKIP","floor":18},{"not_picked":["Wild Strike","Clash"],"picked":"Disarm","floor":19},{"not_picked":["True Grit","Flex"],"picked":"Warcry+1","floor":22},{"not_picked":["Thunderclap","Headbutt"],"picked":"Shockwave","floor":25},{"not_picked":["Clothesline","Blood for Blood","Sentinel"],"picked":"SKIP","floor":28},{"not_picked":["Heavy Blade","Cleave+1","Flame Barrier"],"picked":"SKIP","floor":29},{"not_picked":["Heavy Blade","Cleave+1","Flame Barrier"],"picked":"SKIP","floor":29},{"not_picked":["Body Slam","Perfected Strike"],"picked":"Dark Embrace","floor":31}],"player_experience":2497864,"relics_obtained":[{"floor":7,"key":"Gremlin Horn"},{"floor":11,"key":"Smiling Mask"},{"floor":13,"key":"The Courier"},{"floor":26,"key":"Oddly Smooth Stone"},{"floor":28,"key":"Pocketwatch"},{"floor":31,"key":"Potion Belt"}],"event_choices":[{"damage_healed":0,"gold_gain":150,"player_choice":"AGREE","damage_taken":0,"max_hp_gain":0,"max_hp_loss":0,"event_name":"Liars Game","floor":3,"gold_loss":0,"cards_obtained":["Doubt"]},{"damage_healed":21,"gold_gain":0,"player_choice":"Healed","damage_taken":0,"max_hp_gain":0,"max_hp_loss":0,"event_name":"The Cleric","floor":14,"gold_loss":35},{"cards_removed":["Strike_R"],"damage_healed":0,"gold_gain":0,"player_choice":"Gave Gold","damage_taken":0,"max_hp_gain":0,"max_hp_loss":0,"event_name":"Beggar","floor":20,"gold_loss":75},{"damage_healed":0,"gold_gain":0,"player_choice":"Bet on Owner","damage_taken":0,"max_hp_gain":0,"max_hp_loss":0,"event_name":"The Joust","floor":21,"gold_loss":50},{"damage_healed":0,"gold_gain":0,"cards_transformed":["Strike_R"],"player_choice":"Transformed","damage_taken":0,"max_hp_gain":0,"max_hp_loss":0,"event_name":"Transmorgrifier","floor":23,"gold_loss":0,"cards_obtained":["Bloodletting"]}],"is_beta":false,"boss_relics":[{"not_picked":["Mark of Pain","Runic Pyramid"],"picked":"Fusion Hammer"}],"items_purged_floors":[5],"is_endless":false,"potions_floor_spawned":[7,8,10,16,19,25,28,29],"killed_by":"Champ","ascension_level":20}