{"gold_per_floor":[118,133,133,133,153,212,212,240,265,265,285,285,304,335,335,412,412,429,429,446,446,446,446,457,457,457,457,471,471,471,471],"floor_reached":31,"playtime":1403,"items_purged":[],"score":535,"play_id":"9cce4742-0306-4098-8c5f-5bbfdad696f6","local_time":"20190401113752","is_ascension_mode":true,"campfire_choices":[{"floor":7,"key":"REST"},{"floor":10,"key":"REST"},{"data":"Creative AI","floor":15,"key":"SMITH"},{"floor":23,"key":"REST"},{"floor":25,"key":"RECALL"},{"floor":27,"key":"REST"}],"neow_cost":"PERCENT_DAMAGE","seed_source_timestamp":4144177841070,"circlet_count":0,"master_deck":["AscendersBane","Defend_B","Defend_B","Defend_B","Defend_B","Zap","Dualcast","Cold Snap","Ball Lightning","Creative AI+1","Go for the Eyes","Electrodynamics","Conserve Battery","Coolheaded","Capacitor","Amplify","Hologram","Barrage+1","Bite","Bite","Bite","Bite","Bite"],"relics":["Cracked Core","StoneCalendar","Centennial Puzzle","Tiny Chest","Strawberry","Bag of Marbles","DataDisk","Sundial","Runic Dome","Nilry\u0027s Codex","Meat on the Bone","Mummified Hand","Letter Opener"],"potions_floor_usage":[8,11,18,24,30],"damage_taken":[{"damage":1,"enemies":"Cultist","floor":1,"turns":4},{"damage":0,"enemies":"Small Slimes","floor":2,"turns":2},{"damage":8,"enemies":"2 Louse","floor":5,"turns":4},{"damage":10,"enemies":"Lagavulin","floor":6,"turns":7},{"damage":18,"enemies":"Gremlin Nob","floor":8,"turns":4},{"damage":8,"enemies":"Gremlin Gang","floor":11,"turns":3},{"damage":0,"enemies":"Large Slime","floor":13,"turns":3},{"damage":3,"enemies":"Lagavulin","floor":14,"turns":7},{"damage":13,"enemies":"Hexaghost","floor":16,"turns":13},{"damage":0,"enemies":"2 Thieves","floor":18,"turns":2},{"damage":16,"enemies":"Chosen","floor":20,"turns":4},{"damage":35,"enemies":"Snake Plant","floor":24,"turns":5},{"damage":0,"enemies":"Cultist and Chosen","floor":28,"turns":3},{"damage":0,"enemies":"Shelled Parasite and Fungi","floor":30,"turns":1},{"damage":61,"enemies":"Slavers","floor":31,"turns":2}],"seed_played":"4657374680858768220","potions_obtained":[{"floor":6,"key":"Block Potion"},{"floor":8,"key":"Swift Potion"},{"floor":14,"key":"SpeedPotion"},{"floor":16,"key":"Block Potion"},{"floor":28,"key":"SmokeBomb"}],"is_trial":false,"path_per_floor":["M","M","?","?","M","E","R","E","T","R","M","?","M","E","R","B",null,"M","?","M","?","T","R","M","R","T","R","M","T","M","E"],"character_chosen":"DEFECT","items_purchased":[],"campfire_rested":4,"item_purchase_floors":[],"current_hp_per_floor":[45,45,40,40,32,22,43,32,32,55,47,47,47,44,44,31,66,66,45,29,29,29,45,30,30,30,46,54,54,54,0],"gold":471,"neow_bonus":"ONE_RARE_RELIC","is_prod":false,"is_daily":false,"chose_seed":false,"campfire_upgraded":1,"win_rate":0,"timestamp":1554133072,"path_taken":["M","?","?","?","?","E","R","E","T","R","M","?","M","E","R","BOSS","M","?","M","?","?","R","M","R","T","R","?","?","?","E"],"build_version":"2019-01-23","purchased_purges":0,"victory":false,"max_hp_per_floor":[71,71,71,71,71,71,71,78,78,78,78,78,78,78,78,78,78,78,78,78,54,54,54,54,54,54,54,54,54,54,54],"card_choices":[{"not_picked":["Streamline","Loop"],"picked":"Cold Snap","floor":1},{"not_picked":["Darkness","Leap"],"picked":"Ball Lightning","floor":2},{"not_picked":["Coolheaded","Sweeping Beam"],"picked":"Go for the Eyes","floor":5},{"not_picked":["Auto Shields","Sunder"],"picked":"Electrodynamics","floor":6},{"not_picked":["Multi-Cast","Recycle"],"picked":"Conserve Battery","floor":8},{"not_picked":["Rebound","Compile Driver"],"picked":"Coolheaded","floor":11},{"not_picked":["Ball Lightning","Beam Cell"],"picked":"Capacitor","floor":13},{"not_picked":["Fusion","Beam Cell","Stack"],"picked":"SKIP","floor":14},{"not_picked":["Machine Learning","All For One"],"picked":"Amplify","floor":16},{"not_picked":["Conserve Battery","Leap"],"picked":"Hologram","floor":18},{"not_picked":["Melter","Cold Snap"],"picked":"Barrage+1","floor":20},{"not_picked":["Coolheaded","Reprogram","Beam Cell"],"picked":"SKIP","floor":24},{"not_picked":["Turbo","Redo","Coolheaded"],"picked":"SKIP","floor":28}],"player_experience":1521644,"relics_obtained":[{"floor":6,"key":"Tiny Chest"},{"floor":8,"key":"Strawberry"},{"floor":9,"key":"Bag of Marbles"},{"floor":14,"key":"Sundial"},{"floor":19,"key":"Nilry\u0027s Codex"},{"floor":22,"key":"Meat on the Bone"},{"floor":26,"key":"Mummified Hand"},{"floor":29,"key":"Letter Opener"}],"event_choices":[{"damage_healed":0,"gold_gain":0,"player_choice":"Success","damage_taken":5,"relics_obtained":["Centennial Puzzle"],"max_hp_gain":0,"max_hp_loss":0,"event_name":"Scrap Ooze","floor":3,"gold_loss":0},{"damage_healed":0,"gold_gain":0,"player_choice":"1 cards matched","damage_taken":0,"max_hp_gain":0,"max_hp_loss":0,"event_name":"Match and Keep!","floor":4,"gold_loss":0,"cards_obtained":["Creative AI"]},{"damage_healed":0,"gold_gain":0,"player_choice":"Searched \u00271\u0027 times","damage_taken":0,"relics_obtained":["DataDisk"],"max_hp_gain":0,"max_hp_loss":0,"event_name":"Dead Adventurer","floor":12,"gold_loss":0},{"damage_healed":0,"gold_gain":0,"player_choice":"Obtained Book","damage_taken":21,"max_hp_gain":0,"max_hp_loss":0,"event_name":"Cursed Tome","floor":19,"gold_loss":0},{"damage_healed":0,"gold_gain":0,"player_choice":"Became a vampire","damage_taken":0,"max_hp_gain":0,"max_hp_loss":24,"event_name":"Vampires","floor":21,"gold_loss":0,"cards_obtained":["Bite","Bite","Bite","Bite","Bite"]}],"is_beta":false,"boss_relics":[{"not_picked":["Ectoplasm","Empty Cage"],"picked":"Runic Dome"}],"items_purged_floors":[],"is_endless":false,"potions_floor_spawned":[6,8,14,16,28,30],"killed_by":"Slavers","ascension_level":20}