{"gold_per_floor":[212,91,91,109,109,109,143,162,162,195,206,233,233,245,245,323,323,333,333,333,348,199,199,227,227,253,253,253,178,178,192,192,269,269,287,287,287,287,298,298],"floor_reached":40,"playtime":1266,"items_purged":["Strike_B"],"score":718,"play_id":"d16c7073-5ef8-4b26-a899-ecb81e55f8c9","local_time":"20190425235047","is_ascension_mode":true,"campfire_choices":[{"data":"Zap","floor":6,"key":"SMITH"},{"data":"Doom and Gloom","floor":13,"key":"SMITH"},{"data":"Coolheaded","floor":15,"key":"SMITH"},{"data":"Biased Cognition","floor":23,"key":"SMITH"},{"floor":27,"key":"REST"},{"data":"Undo","floor":30,"key":"SMITH"},{"data":"Sunder","floor":32,"key":"SMITH"}],"neow_cost":"NONE","seed_source_timestamp":1328209006902677,"circlet_count":0,"master_deck":["AscendersBane","Strike_B","Strike_B","Defend_B","Defend_B","Defend_B","Defend_B","Zap+1","Dualcast","Self Repair","Coolheaded+1","Doom and Gloom+1","Conserve Battery","Gash","Compile Driver","White Noise","Biased Cognition+1","Undo+1","Cold Snap","Chill","Capacitor+1","Sunder+1","Seek"],"relics":["FrozenCore","Letter Opener","Question Card","Bag of Preparation","Velvet Choker","Pear","Mercury Hourglass","Juzu Bracelet"],"potions_floor_usage":[7,18,40],"damage_taken":[{"damage":0,"enemies":"Small Slimes","floor":1,"turns":3},{"damage":5,"enemies":"Cultist","floor":4,"turns":4},{"damage":7,"enemies":"3 Sentries","floor":7,"turns":7},{"damage":0,"enemies":"2 Louse","floor":8,"turns":2},{"damage":13,"enemies":"Lagavulin","floor":10,"turns":8},{"damage":9,"enemies":"Gremlin Gang","floor":11,"turns":2},{"damage":0,"enemies":"Exordium Thugs","floor":14,"turns":3},{"damage":61,"enemies":"Hexaghost","floor":16,"turns":11},{"damage":17,"enemies":"Shell Parasite","floor":18,"turns":5},{"damage":12,"enemies":"2 Thieves","floor":21,"turns":4},{"damage":20,"enemies":"Slavers","floor":24,"turns":5},{"damage":5,"enemies":"Snake Plant","floor":31,"turns":4},{"damage":28,"enemies":"Collector","floor":33,"turns":11},{"damage":6,"enemies":"Orb Walker","floor":35,"turns":5},{"damage":21,"enemies":"3 Darklings","floor":39,"turns":6},{"damage":58,"enemies":"Reptomancer","floor":40,"turns":5}],"seed_played":"-5571995921988854908","potions_obtained":[{"floor":1,"key":"Block Potion"},{"floor":10,"key":"FearPotion"},{"floor":16,"key":"Fire Potion"},{"floor":21,"key":"SpeedPotion"}],"is_trial":false,"path_per_floor":["M","$","?","M","?","R","E","M","T","E","M","T","R","M","R","B",null,"M","T","?","M","$","R","E","$","T","R","$","?","R","M","R","B",null,"M","?","?","$","M","E"],"character_chosen":"DEFECT","items_purchased":["Self Repair","Coolheaded","Chill"],"campfire_rested":1,"item_purchase_floors":[2,2,22],"current_hp_per_floor":[64,64,64,66,66,66,66,71,71,65,56,56,56,63,63,9,56,46,56,56,51,51,51,38,38,38,62,62,62,62,57,57,36,70,71,71,71,71,57,0],"gold":298,"neow_bonus":"HUNDRED_GOLD","is_prod":false,"is_daily":false,"chose_seed":false,"campfire_upgraded":6,"win_rate":0,"timestamp":1556250647,"path_taken":["M","$","?","?","?","R","E","M","T","E","?","?","R","M","R","BOSS","M","?","?","M","$","R","E","?","T","R","$","?","R","M","R","BOSS","M","?","?","$","M","E"],"build_version":"2019-04-23","purchased_purges":1,"victory":false,"max_hp_per_floor":[71,71,71,71,71,71,71,71,71,71,71,71,71,71,71,71,71,71,81,81,81,81,81,81,81,81,81,81,81,81,81,81,81,81,81,81,77,77,77,77],"card_choices":[{"not_picked":["Reprogram","Hello World","Beam Cell"],"picked":"SKIP","floor":1},{"not_picked":["Beam Cell","Steam"],"picked":"Doom and Gloom","floor":4},{"not_picked":["Sunder","Barrage"],"picked":"Conserve Battery","floor":7},{"not_picked":["Stack","Leap","Steam"],"picked":"SKIP","floor":8},{"not_picked":["Scrape","Stack"],"picked":"Gash","floor":10},{"not_picked":["Go for the Eyes","Steam Power","Double Energy"],"picked":"Compile Driver","floor":11},{"not_picked":["Rebound","Tempest","Blizzard"],"picked":"White Noise","floor":14},{"not_picked":["Machine Learning","Hyperbeam","Thunder Strike"],"picked":"Biased Cognition","floor":16},{"not_picked":["Rip and Tear","Barrage","Melter"],"picked":"Undo","floor":18},{"not_picked":["Stack","Rebound","Self Repair"],"picked":"Cold Snap","floor":21},{"not_picked":["Steam","Stack","Sweeping Beam"],"picked":"Capacitor+1","floor":24},{"not_picked":["Fusion","Gash","Steam"],"picked":"Sunder","floor":31},{"not_picked":["Biased Cognition","Amplify","All For One"],"picked":"Seek","floor":33},{"not_picked":["Streamline","Scrape","Skim","Sunder"],"picked":"SKIP","floor":35},{"not_picked":["Steam","Gash","Barrage+1","Melter"],"picked":"SKIP","floor":39}],"player_experience":2461881,"relics_obtained":[{"floor":7,"key":"Letter Opener"},{"floor":10,"key":"Question Card"},{"floor":12,"key":"Bag of Preparation"},{"floor":19,"key":"Pear"},{"floor":24,"key":"Mercury Hourglass"},{"floor":26,"key":"Juzu Bracelet"}],"event_choices":[{"damage_healed":0,"gold_gain":0,"player_choice":"Cursed","damage_taken":0,"max_hp_gain":0,"max_hp_loss":0,"event_name":"Wheel of Change","floor":3,"gold_loss":0,"cards_obtained":["Decay"]},{"cards_removed":["Decay"],"damage_healed":0,"gold_gain":0,"player_choice":"Purged","damage_taken":0,"max_hp_gain":0,"max_hp_loss":0,"event_name":"Purifier","floor":5,"gold_loss":0},{"damage_healed":0,"gold_gain":0,"player_choice":"Ignored","damage_taken":0,"max_hp_gain":0,"max_hp_loss":0,"event_name":"Vampires","floor":20,"gold_loss":0},{"cards_removed":["Strike_B"],"damage_healed":0,"gold_gain":0,"player_choice":"Gave Gold","damage_taken":0,"max_hp_gain":0,"max_hp_loss":0,"event_name":"Beggar","floor":29,"gold_loss":75},{"damage_healed":0,"gold_gain":0,"player_choice":"Ignored","damage_taken":0,"max_hp_gain":0,"max_hp_loss":0,"event_name":"Mysterious Sphere","floor":36,"gold_loss":0},{"damage_healed":0,"gold_gain":0,"player_choice":"Max HP","damage_taken":0,"max_hp_gain":0,"max_hp_loss":4,"event_name":"Winding Halls","floor":37,"gold_loss":0}],"is_beta":true,"boss_relics":[{"not_picked":["Coffee Dripper","White Beast Statue"],"picked":"Velvet Choker"},{"not_picked":["Cursed Key","Nuclear Battery"],"picked":"FrozenCore"}],"items_purged_floors":[22],"is_endless":false,"potions_floor_spawned":[1,10,16,21,33,39],"killed_by":"Reptomancer","ascension_level":15}