{"path_per_floor":["M","M","M","?","?","E","R","M","T","R","M","R","M","M","R","B",null,"M","M","$","M","M","R","E","M","T"],"character_chosen":"THE_SILENT","items_purchased":["Accuracy"],"gold_per_floor":[13,30,41,41,41,75,75,86,86,86,104,104,115,135,135,213,213,224,236,155,172,191,191,216,235,262,262],"floor_reached":27,"campfire_rested":0,"playtime":1508,"current_hp_per_floor":[59,59,59,56,56,38,38,34,34,34,34,34,46,44,44,19,62,62,58,58,54,41,41,14,1,1,0],"items_purged":[],"gold":262,"score":406,"play_id":"ce51632b-47f1-47ff-adfb-8f3a709bed7c","local_time":"20180406101455","is_prod":false,"is_daily":false,"is_ascension_mode":true,"campfire_upgraded":5,"timestamp":1523024095,"path_taken":["M","?","M","?","?","E","R","M","T","R","?","R","M","M","R","BOSS","M","M","$","?","?","R","E","M","T","E"],"build_version":"2018-04-05v2","purchased_purges":1,"victory":false,"master_deck":["Defend_G","Defend_G","Defend_G","Defend_G","Defend_G","Strike_G","Strike_G","Survivor","Neutralize+1","AscendersBane","Dagger Throw","Cloak And Dagger+1","Crippling Poison+1","Choke+1","Outmaneuver","Adrenaline","Blur+1","Tactician","Acrobatics+1","Prepared+1","Dodge and Roll+1","Blade Dance","Deflect+1","Accuracy","Calculated Gamble","Infinite Blades+1","Dash+1","Deadly Poison"],"max_hp_per_floor":[66,66,66,66,66,76,76,76,76,76,76,76,76,76,76,76,76,76,76,76,76,76,76,76,76,76,76],"relics":["Ring of the Snake","Du-Vu Doll","Snake Skull","Pear","Ice Cream","Astrolabe","Regal Pillow","Orichalcum"],"card_choices":[{"not_picked":["Cloak And Dagger","Bane"],"picked":"Dagger Throw","floor":2},{"not_picked":["Bane","Deadly Poison"],"picked":"Cloak And Dagger","floor":3},{"not_picked":["PiercingWail","Flying Knee"],"picked":"Crippling Poison","floor":6},{"not_picked":["Cloak And Dagger","Slice"],"picked":"Choke","floor":8},{"not_picked":["PiercingWail","Reflex"],"picked":"Outmaneuver","floor":11},{"not_picked":["Dagger Spray","Deadly Poison"],"picked":"Adrenaline","floor":13},{"not_picked":["Eviscerate","Prepared"],"picked":"Blur","floor":14},{"not_picked":["Wraith Form","After Image"],"picked":"Tactician","floor":16},{"not_picked":["PiercingWail","Reflex"],"picked":"Blade Dance","floor":18},{"not_picked":["Acrobatics","Dodge and Roll"],"picked":"Deflect","floor":19},{"not_picked":["Dodge and Roll","PiercingWail"],"picked":"Calculated Gamble","floor":21},{"not_picked":["Slice","Poisoned Stab"],"picked":"Infinite Blades","floor":22},{"not_picked":["Setup","Endless Agony"],"picked":"Dash","floor":24},{"not_picked":["All Out Attack","Masterful Stab"],"picked":"Deadly Poison","floor":25}],"player_experience":693178,"potions_floor_usage":[6,13,16,16,21,21,24],"damage_taken":[{"damage":0,"enemies":"Cultist","floor":1,"turns":4},{"damage":0,"enemies":"Jaw Worm","floor":2,"turns":3},{"damage":0,"enemies":"Small Slimes","floor":3,"turns":3},{"damage":28,"enemies":"Gremlin Nob","floor":6,"turns":4},{"damage":4,"enemies":"Red Slaver","floor":8,"turns":5},{"damage":0,"enemies":"2 Fungi Beasts","floor":11,"turns":3},{"damage":0,"enemies":"Blue Slaver","floor":13,"turns":5},{"damage":2,"enemies":"Looter","floor":14,"turns":3},{"damage":37,"enemies":"Slime Boss","floor":16,"turns":11},{"damage":0,"enemies":"Chosen","floor":18,"turns":3},{"damage":4,"enemies":"Spheric Guardian","floor":19,"turns":6},{"damage":4,"enemies":"Snecko","floor":21,"turns":6},{"damage":13,"enemies":"Slaver and Parasite","floor":22,"turns":5},{"damage":27,"enemies":"Gremlin Leader","floor":24,"turns":9},{"damage":13,"enemies":"Cultist and Chosen","floor":25,"turns":7},{"damage":5,"enemies":"Book of Stabbing","floor":27,"turns":1}],"event_choices":[{"event_name":"Scrap Ooze","player_choice":"success","floor":4,"damage_taken":3},{"event_name":"Living Wall","player_choice":"Grow","floor":5,"damage_taken":0}],"boss_relics":[{"not_picked":["Velvet Choker","Runic Pyramid"],"picked":"Astrolabe"}],"potions_floor_spawned":[1,3,6,8,16,18,19],"seed_played":"-7174536049341927287","killed_by":"Book of Stabbing","ascension_level":14,"is_trial":false}