{"path_per_floor":["M","M","?","?","$","E","M","M","T","M","M","M","R","M","R","B",null,"M","?","?","M","M","M","R","E","T","R","?","T","E","$","R"],"character_chosen":"IRONCLAD","items_purchased":["Singing Bowl","Champion Belt","Feed"],"gold_per_floor":[117,137,137,312,237,270,286,310,310,324,337,353,353,377,377,501,501,516,416,416,435,450,464,464,495,495,495,495,495,538,11,11,11],"floor_reached":33,"campfire_rested":0,"playtime":1155,"current_hp_per_floor":[39,45,45,45,45,37,40,39,49,37,23,22,22,28,28,10,90,80,80,80,65,68,52,52,42,42,42,72,72,36,36,36,0],"items_purged":["Doubt"],"gold":11,"score":289,"play_id":"85891c24-1791-4560-aaed-9b57fb6ae71e","local_time":"20180328163314","is_prod":false,"is_daily":false,"is_ascension_mode":false,"campfire_upgraded":5,"timestamp":1522269194,"path_taken":["M","M","?","?","$","E","M","M","T","M","?","?","R","M","R","BOSS","M","?","?","M","?","M","R","E","T","R","?","?","E","$","R","BOSS"],"build_version":"2018-03-22v2","purchased_purges":1,"victory":false,"master_deck":["Strike_R","Strike_R","Strike_R","Strike_R","Strike_R","Defend_R","Defend_R","Defend_R","Defend_R","Bash","Bludgeon","Uppercut","Injury","Shockwave+1","Clothesline","Flame Barrier+1","Perfected Strike+1","Iron Wave","Perfected Strike+1","Cleave","Offering","Combust","J.A.X.","Seeing Red","Headbutt+1","Rage+1","Intimidate+1","Battle Trance","Feed"],"max_hp_per_floor":[80,80,80,80,80,80,80,80,90,90,90,90,90,90,90,90,90,90,90,90,90,90,90,90,90,90,90,90,90,90,90,90,90],"relics":["Black Blood","Golden Idol","Bronze Scales","Pear","Bag of Preparation","Ornamental Fan","Sundial","Blue Candle","Anchor","Singing Bowl","Champion Belt"],"card_choices":[{"not_picked":["Offering","Demon Form"],"picked":"Bludgeon","floor":0},{"not_picked":["Cleave","Havoc"],"picked":"Uppercut","floor":1},{"not_picked":["Impervious","Wild Strike"],"picked":"Shockwave","floor":6},{"not_picked":["Dual Wield","Combust"],"picked":"Clothesline","floor":7},{"not_picked":["Havoc","Shrug It Off"],"picked":"Flame Barrier","floor":8},{"not_picked":["Sword Boomerang","Warcry"],"picked":"Perfected Strike","floor":10},{"not_picked":["Wild Strike","Heavy Blade"],"picked":"Iron Wave","floor":11},{"not_picked":["Second Wind","Wild Strike"],"picked":"Perfected Strike","floor":12},{"not_picked":["True Grit","Wild Strike"],"picked":"Cleave","floor":14},{"not_picked":["Limit Break","Dark Embrace"],"picked":"Offering","floor":16},{"not_picked":["Sword Boomerang","Clash"],"picked":"Combust","floor":18},{"not_picked":["Combust","Cleave"],"picked":"Seeing Red","floor":21},{"not_picked":["Ghostly Armor","Wild Strike"],"picked":"Headbutt","floor":22},{"not_picked":["Impervious","Feel No Pain"],"picked":"Rage","floor":23},{"not_picked":["Anger","Heavy Blade"],"picked":"Intimidate","floor":25},{"not_picked":["Cleave","Seeing Red"],"picked":"Battle Trance","floor":30}],"player_experience":613343,"potions_floor_usage":[11,16,23,25,25],"damage_taken":[{"damage":7,"enemies":"Jaw Worm","floor":1,"turns":5},{"damage":0,"enemies":"Cultist","floor":2,"turns":2},{"damage":14,"enemies":"Gremlin Nob","floor":6,"turns":3},{"damage":3,"enemies":"Small Slimes","floor":7,"turns":2},{"damage":7,"enemies":"Blue Slaver","floor":8,"turns":4},{"damage":18,"enemies":"Exordium Thugs","floor":10,"turns":4},{"damage":20,"enemies":"Gremlin Gang","floor":11,"turns":4},{"damage":7,"enemies":"Red Slaver","floor":12,"turns":5},{"damage":0,"enemies":"Large Slime","floor":14,"turns":4},{"damage":24,"enemies":"Hexaghost","floor":16,"turns":9},{"damage":20,"enemies":"Chosen","floor":18,"turns":5},{"damage":25,"enemies":"Shell Parasite","floor":21,"turns":4},{"damage":7,"enemies":"Snecko","floor":22,"turns":2},{"damage":26,"enemies":"Centurion and Healer","floor":23,"turns":4},{"damage":20,"enemies":"Book of Stabbing","floor":25,"turns":6},{"damage":46,"enemies":"Gremlin Leader","floor":30,"turns":6},{"damage":46,"enemies":"Champ","floor":33,"turns":7}],"event_choices":[{"event_name":"Golden Idol","player_choice":"Take Wound","floor":3,"damage_taken":0},{"event_name":"Liars Game","player_choice":"agreed","floor":4,"damage_taken":0},{"event_name":"Drug Dealer","player_choice":"Got JAXXED","floor":19,"damage_taken":0},{"event_name":"The Mausoleum","player_choice":"Yes","floor":20,"damage_taken":0},{"event_name":"The Library","player_choice":"Heal","floor":28,"damage_taken":0}],"boss_relics":[{"not_picked":["Orrery","Pandora\u0027s Box"],"picked":"Black Blood"}],"potions_floor_spawned":[2,6,10,18,22],"seed_played":"-458854435359870152","killed_by":"Champ","ascension_level":0,"is_trial":false}