{"gold_per_floor":[117,136,153,153,173,173,207,207,233,253,253,253,253,66,66,161,161,175,175,175,175,195,195,225,275,300,327,327,354,87,101,101,197,197,211,6,25,25,247,247,281,294,320,347,360,112,125,125,125,125,125,125,0,35,35],"floor_reached":55,"playtime":4582,"items_purged":["Berserk","Clash+1","Defend_R"],"score":1001,"play_id":"0a219121-73d3-4719-b5b9-df9a085e278c","local_time":"20190426122757","is_ascension_mode":true,"campfire_choices":[{"data":"Whirlwind","floor":6,"key":"SMITH"},{"data":"Havoc","floor":8,"key":"SMITH"},{"data":"Pommel Strike","floor":12,"key":"SMITH"},{"data":"Mayhem","floor":15,"key":"SMITH"},{"data":"Demon Form","floor":23,"key":"SMITH"},{"floor":28,"key":"REST"},{"data":"Flame Barrier","floor":32,"key":"SMITH"},{"data":"Armaments","floor":40,"key":"SMITH"},{"floor":49,"key":"RECALL"},{"data":"Fiend Fire","floor":52,"key":"SMITH"}],"neow_cost":"NONE","seed_source_timestamp":1273122746044455,"circlet_count":0,"master_deck":["Defend_R","Defend_R","Defend_R","Bash+1","Whirlwind+1","Pommel Strike+1","Combust","Mayhem+1","Demon Form+1","Flame Barrier+1","Bite","Bite+1","Bite","Bite","Bite+1","Bludgeon","Demon Form+1","Fiend Fire+1","Hemokinesis+1","Reaper+1","Armaments+1","Shrug It Off","Exhume","Flame Barrier+1"],"relics":["Burning Blood","Oddly Smooth Stone","Juzu Bracelet","Snecko Eye","Nilry\u0027s Codex","Pocketwatch","Lantern","Red Mask","Meat on the Bone","DollysMirror","Astrolabe","Red Skull","Centennial Puzzle","Bag of Preparation","Whetstone","Orichalcum"],"potions_floor_usage":[2,7,7,10,33,33,37,37,45,55],"damage_taken":[{"damage":6,"enemies":"Cultist","floor":1,"turns":4},{"damage":8,"enemies":"Jaw Worm","floor":2,"turns":4},{"damage":0,"enemies":"2 Louse","floor":3,"turns":2},{"damage":11,"enemies":"2 Fungi Beasts","floor":5,"turns":3},{"damage":30,"enemies":"Lagavulin","floor":7,"turns":6},{"damage":0,"enemies":"Gremlin Gang","floor":10,"turns":2},{"damage":57,"enemies":"Hexaghost","floor":16,"turns":8},{"damage":0,"enemies":"Chosen","floor":18,"turns":3},{"damage":5,"enemies":"Spheric Guardian","floor":22,"turns":4},{"damage":52,"enemies":"Slavers","floor":24,"turns":4},{"damage":7,"enemies":"Masked Bandits","floor":27,"turns":3},{"damage":2,"enemies":"Gremlin Leader","floor":29,"turns":3},{"damage":18,"enemies":"3 Cultists","floor":31,"turns":4},{"damage":60,"enemies":"Champ","floor":33,"turns":8},{"damage":10,"enemies":"3 Shapes","floor":35,"turns":3},{"damage":21,"enemies":"3 Darklings","floor":37,"turns":5},{"damage":15,"enemies":"Nemesis","floor":41,"turns":3},{"damage":16,"enemies":"Jaw Worm Horde","floor":42,"turns":5},{"damage":107,"enemies":"Reptomancer","floor":44,"turns":7},{"damage":29,"enemies":"4 Shapes","floor":45,"turns":3},{"damage":13,"enemies":"Writhing Mass","floor":47,"turns":4},{"damage":41,"enemies":"Time Eater","floor":50,"turns":6},{"damage":49,"enemies":"Shield and Spear","floor":54,"turns":5},{"damage":73,"enemies":"The Heart","floor":55,"turns":3}],"seed_played":"-431025373307425502","potions_obtained":[{"floor":0,"key":"Regen Potion"},{"floor":0,"key":"Explosive Potion"},{"floor":0,"key":"SpeedPotion"},{"floor":3,"key":"Strength Potion"},{"floor":7,"key":"Ancient Potion"},{"floor":18,"key":"LiquidBronze"},{"floor":24,"key":"SpeedPotion"},{"floor":31,"key":"Explosive Potion"},{"floor":35,"key":"Fire Potion"},{"floor":42,"key":"SteroidPotion"},{"floor":45,"key":"Strength Potion"}],"is_trial":false,"path_per_floor":["M","M","M","?","M","R","E","R","T","M","?","R","?","$","R","B",null,"M","?","?","?","M","R","E","?","T","?","R","E","$","M","R","B",null,"M","$","M","?","?","R","E","M","T","E","M","$","M","?","R","B",null,"R","$","E","B"],"character_chosen":"IRONCLAD","items_purchased":["Mayhem","DollysMirror","Red Skull","Armaments","Whetstone"],"campfire_rested":1,"item_purchase_floors":[14,30,36,36,46],"current_hp_per_floor":[80,78,80,80,75,75,63,63,63,69,69,69,69,69,69,20,65,73,73,57,57,66,66,26,26,26,31,55,65,65,63,63,29,67,69,69,80,76,76,76,67,72,72,29,76,76,76,76,76,76,76,76,76,61,0],"gold":35,"neow_bonus":"THREE_SMALL_POTIONS","is_prod":false,"is_daily":false,"chose_seed":false,"campfire_upgraded":8,"win_rate":0,"timestamp":1556278077,"path_taken":["M","?","M","?","M","R","E","R","T","M","?","R","?","$","R","BOSS","M","?","?","?","M","R","E","?","T","?","R","E","$","M","R","BOSS","M","$","M","?","?","R","E","M","T","E","M","?","M","?","R","BOSS","R","$","E","BOSS"],"build_version":"2019-01-23","purchased_purges":3,"victory":false,"max_hp_per_floor":[80,80,80,80,80,80,80,80,80,80,80,80,80,80,80,80,80,80,80,80,80,80,80,80,80,80,80,80,80,80,80,80,80,80,80,80,80,76,76,76,76,76,76,76,76,76,76,76,76,76,76,76,76,76,76],"card_choices":[{"not_picked":["Feel No Pain","Pummel"],"picked":"Whirlwind","floor":1},{"not_picked":["Thunderclap","Cleave"],"picked":"Wild Strike","floor":2},{"not_picked":["Cleave","Twin Strike"],"picked":"Havoc","floor":3},{"not_picked":["Flex","Wild Strike"],"picked":"Pommel Strike","floor":5},{"not_picked":["Warcry","Barricade"],"picked":"Combust","floor":7},{"not_picked":["Thunderclap","Cleave"],"picked":"Flex","floor":10},{"not_picked":["Immolate","Fiend Fire"],"picked":"Demon Form","floor":16},{"not_picked":["Feel No Pain","Body Slam"],"picked":"Flame Barrier","floor":18},{"not_picked":["Perfected Strike","Cleave+1","Sentinel"],"picked":"SKIP","floor":22},{"not_picked":["Shrug It Off","Body Slam+1"],"picked":"Bludgeon","floor":24},{"not_picked":["Pommel Strike","Reckless Charge","Sever Soul+1"],"picked":"SKIP","floor":29},{"not_picked":["Metallicize","Warcry","Anger"],"picked":"SKIP","floor":31},{"not_picked":["Exhume","Offering"],"picked":"Fiend Fire","floor":33},{"not_picked":["Seeing Red","Sever Soul+1","Rage"],"picked":"SKIP","floor":35},{"not_picked":["Intimidate","Body Slam+1","Havoc"],"picked":"SKIP","floor":37},{"not_picked":["Warcry+1","Rupture+1","Twin Strike+1"],"picked":"SKIP","floor":41},{"not_picked":["Fire Breathing","Clash+1"],"picked":"Shrug It Off","floor":42},{"not_picked":["Shrug It Off","Evolve"],"picked":"Exhume","floor":44},{"not_picked":["Headbutt+1","Body Slam"],"picked":"Flame Barrier+1","floor":45},{"not_picked":["Pummel+1","Wild Strike","Thunderclap"],"picked":"SKIP","floor":47},{"not_picked":["Iron Wave","Sword Boomerang+1","Havoc+1"],"picked":"SKIP","floor":54}],"player_experience":211736,"relics_obtained":[{"floor":7,"key":"Oddly Smooth Stone"},{"floor":9,"key":"Juzu Bracelet"},{"floor":20,"key":"Nilry\u0027s Codex"},{"floor":24,"key":"Pocketwatch"},{"floor":26,"key":"Lantern"},{"floor":27,"key":"Red Mask"},{"floor":29,"key":"Meat on the Bone"},{"floor":41,"key":"Centennial Puzzle"},{"floor":44,"key":"Bag of Preparation"},{"floor":54,"key":"Orichalcum"}],"event_choices":[{"damage_healed":0,"gold_gain":0,"player_choice":"Ignored","damage_taken":0,"max_hp_gain":0,"max_hp_loss":0,"event_name":"Liars Game","floor":4,"gold_loss":0},{"damage_healed":0,"gold_gain":0,"player_choice":"Grow","damage_taken":0,"max_hp_gain":0,"max_hp_loss":0,"event_name":"Living Wall","floor":11,"gold_loss":0,"cards_upgraded":["Bash"]},{"damage_healed":0,"gold_gain":0,"player_choice":"Gave Potion","damage_taken":0,"relics_obtained":["Blood Vial"],"max_hp_gain":0,"max_hp_loss":0,"event_name":"WeMeetAgain","floor":13,"gold_loss":0},{"damage_healed":0,"gold_gain":0,"cards_transformed":["Strike_R","Strike_R"],"player_choice":"Became Test Subject","damage_taken":0,"max_hp_gain":0,"max_hp_loss":0,"event_name":"Drug Dealer","floor":19,"gold_loss":0,"cards_obtained":["Brutality","Berserk"]},{"damage_healed":0,"gold_gain":0,"player_choice":"Obtained Book","damage_taken":16,"max_hp_gain":0,"max_hp_loss":0,"event_name":"Cursed Tome","floor":20,"gold_loss":0},{"damage_healed":0,"gold_gain":0,"player_choice":"Became a vampire (Vial)","damage_taken":0,"max_hp_gain":0,"max_hp_loss":0,"event_name":"Vampires","floor":21,"relics_lost":["Blood Vial"],"gold_loss":0,"cards_obtained":["Bite","Bite","Bite","Bite","Bite"]},{"damage_healed":0,"gold_gain":100,"player_choice":"Bet on Murderer","damage_taken":0,"max_hp_gain":0,"max_hp_loss":0,"event_name":"The Joust","floor":25,"gold_loss":50},{"damage_healed":0,"gold_gain":0,"player_choice":"Fought Bandits","damage_taken":0,"max_hp_gain":0,"max_hp_loss":0,"event_name":"Masked Bandits","floor":27,"gold_loss":0},{"damage_healed":0,"gold_gain":0,"player_choice":"Max HP","damage_taken":0,"max_hp_gain":0,"max_hp_loss":4,"event_name":"Winding Halls","floor":38,"gold_loss":0},{"damage_healed":0,"gold_gain":222,"player_choice":"Wore Mask","damage_taken":0,"max_hp_gain":0,"max_hp_loss":0,"event_name":"Tomb of Lord Red Mask","floor":39,"gold_loss":0},{"cards_removed":["Havoc"],"damage_healed":0,"gold_gain":0,"player_choice":"Removed Skill","damage_taken":0,"max_hp_gain":0,"max_hp_loss":0,"event_name":"Falling","floor":48,"gold_loss":0}],"is_beta":false,"boss_relics":[{"not_picked":["Pandora\u0027s Box","Tiny House"],"picked":"Snecko Eye"},{"not_picked":["Lizard Tail","Calling Bell"],"picked":"Astrolabe"}],"items_purged_floors":[30,46,53],"is_endless":false,"potions_floor_spawned":[1,3,7,18,24,31,35,42,45],"killed_by":"The Heart","ascension_level":5}