{"gold_per_floor":[115,126,126,142,104,138,138,173,203,218,238,238,238,255,255,328,328,338,338,66,53,72,97,97,125,148,160,70,70,87,0,0,76,76,95,95,114,133,151,151,181,181,256,256,274,345,104,117,117,117],"floor_reached":50,"playtime":2120,"items_purged":["Strike_R","Anger"],"score":917,"play_id":"d3b93011-0054-4a94-9263-914ad7fc4ade","local_time":"20190327225344","is_ascension_mode":true,"campfire_choices":[{"floor":7.0,"key":"REST"},{"data":"Rage","floor":13.0,"key":"SMITH"},{"data":"Bash","floor":15.0,"key":"SMITH"},{"floor":24.0,"key":"REST"},{"floor":29.0,"key":"REST"},{"floor":32.0,"key":"REST"},{"floor":40.0,"key":"REST"},{"data":"Disarm","floor":42.0,"key":"SMITH"},{"floor":49,"key":"RECALL"}],"neow_cost":"PERCENT_DAMAGE","seed_source_timestamp":0,"circlet_count":0,"master_deck":["AscendersBane","Defend_R","Defend_R","Defend_R","Defend_R","Bash+1","Uppercut+1","Carnage","Rage+1","Headbutt","Battle Trance","Pommel Strike","Offering","Ghostly Armor","Offering","Inflame","Corruption","Feed","Disarm+1","Iron Wave+1","Armaments","Barricade"],"special_seed":0,"relics":["Burning Blood","Nunchaku","Bronze Scales","Self Forming Clay","Tiny Chest","Empty Cage","Medical Kit","Bag of Marbles","Paper Frog","Blood Vial","Snecko Eye","Orichalcum","Mercury Hourglass"],"potions_floor_usage":[48],"damage_taken":[{"damage":8.0,"enemies":"Small Slimes","floor":1.0,"turns":4.0},{"damage":4.0,"enemies":"Jaw Worm","floor":2.0,"turns":4.0},{"damage":3.0,"enemies":"2 Louse","floor":4.0,"turns":2.0},{"damage":44.0,"enemies":"3 Sentries","floor":6.0,"turns":11.0},{"damage":20.0,"enemies":"Gremlin Nob","floor":8.0,"turns":4.0},{"damage":10.0,"enemies":"Gremlin Gang","floor":10.0,"turns":3.0},{"damage":9.0,"enemies":"Red Slaver","floor":11.0,"turns":3.0},{"damage":0.0,"enemies":"3 Louse","floor":14.0,"turns":3.0},{"damage":28.0,"enemies":"Hexaghost","floor":16.0,"turns":9.0},{"damage":6.0,"enemies":"Spheric Guardian","floor":18.0,"turns":3.0},{"damage":12.0,"enemies":"2 Thieves","floor":21.0,"turns":4.0},{"damage":17.0,"enemies":"Shelled Parasite and Fungi","floor":22.0,"turns":5.0},{"damage":19.0,"enemies":"Book of Stabbing","floor":23.0,"turns":5.0},{"damage":33.0,"enemies":"Gremlin Leader","floor":25.0,"turns":7.0},{"damage":12.0,"enemies":"Centurion and Healer","floor":27.0,"turns":4.0},{"damage":16.0,"enemies":"3 Cultists","floor":30.0,"turns":5.0},{"damage":69.0,"enemies":"Automaton","floor":33.0,"turns":8.0},{"damage":7.0,"enemies":"Orb Walker","floor":35.0,"turns":3.0},{"damage":51.0,"enemies":"3 Darklings","floor":37.0,"turns":7.0},{"damage":12.0,"enemies":"Maw","floor":38.0,"turns":6.0},{"damage":5.0,"enemies":"4 Shapes","floor":39.0,"turns":7.0},{"damage":45.0,"enemies":"Reptomancer","floor":41.0,"turns":8.0},{"damage":9.0,"enemies":"Transient","floor":45.0,"turns":5.0},{"damage":20,"enemies":"Jaw Worm Horde","floor":48,"turns":5},{"damage":46,"enemies":"Time Eater","floor":50,"turns":3}],"seed_played":"6650940368017642737","potions_obtained":[{"floor":1.0,"key":"Weak Potion"},{"floor":4.0,"key":"Regen Potion"},{"floor":8.0,"key":"PowerPotion"},{"floor":10.0,"key":"SneckoOil"},{"floor":21.0,"key":"Weak Potion"},{"floor":27.0,"key":"EssenceOfSteel"},{"floor":30.0,"key":"Regen Potion"},{"floor":37.0,"key":"Weak Potion"},{"floor":38.0,"key":"Block Potion"},{"floor":39.0,"key":"Strength Potion"},{"floor":48,"key":"Poison Potion"}],"is_trial":false,"path_per_floor":["M","M","?","M","?","E","R","E","T","M","M","?","R","M","R","B",null,"M","?","$","M","M","E","R","E","T","M","$","R","M","?","R","B",null,"M","?","M","M","M","R","E","R","T","?","M","T","$","M","R","B"],"character_chosen":"IRONCLAD","items_purchased":["Medical Kit","Corruption","PowerPotion","Barricade"],"campfire_rested":5,"item_purchase_floors":[20,28,28,47],"current_hp_per_floor":[48,50,43,46,46,23,45,31,31,27,24,24,24,30,30,8,58,58,58,58,52,41,28,50,23,23,19,19,41,33,33,55,9,59,63,78,36,35,41,67,33,33,33,33,32,32,32,23,23,0],"gold":117,"neow_bonus":"ONE_RARE_RELIC","is_prod":false,"is_daily":false,"chose_seed":false,"campfire_upgraded":3,"win_rate":0,"timestamp":1553741624,"path_taken":["M","M","?","M","?","E","R","E","T","M","M","?","R","M","R","BOSS","M","?","$","?","M","E","R","E","T","M","?","R","M","?","R","BOSS","M","?","M","?","M","R","E","R","T","?","M","?","?","M","R","BOSS"],"build_version":"2019-03-15","purchased_purges":2,"victory":false,"max_hp_per_floor":[75,75,75,75,75,75,75,75,75,75,75,75,75,75,75,75,75,75,75,75,75,75,75,75,75,75,75,75,75,75,75,75,75,75,78,78,81,84,87,87,90,90,90,90,90,90,90,93,93,93],"card_choices":[{"not_picked":["Twin Strike","Corruption"],"picked":"Uppercut","floor":1.0},{"not_picked":["Dual Wield","Rampage"],"picked":"Carnage","floor":2.0},{"not_picked":["Blood for Blood","Clash"],"picked":"Rage","floor":4.0},{"not_picked":["True Grit","Whirlwind"],"picked":"Headbutt","floor":6.0},{"not_picked":["Clash","Rupture"],"picked":"Battle Trance","floor":8.0},{"not_picked":["Twin Strike","Carnage","Clash"],"picked":"SKIP","floor":10.0},{"not_picked":["Iron Wave","Heavy Blade","Havoc"],"picked":"SKIP","floor":11.0},{"not_picked":["Body Slam","Shrug It Off"],"picked":"Pommel Strike","floor":14.0},{"not_picked":["Brutality","Barricade"],"picked":"Offering","floor":16.0},{"not_picked":["Metallicize","Heavy Blade"],"picked":"Ghostly Armor","floor":18.0},{"not_picked":["Body Slam","Clash","Thunderclap+1"],"picked":"SKIP","floor":21.0},{"not_picked":["Cleave","Entrench","Rage+1"],"picked":"SKIP","floor":22.0},{"not_picked":["Juggernaut","Sentinel"],"picked":"Anger","floor":23.0},{"not_picked":["Dual Wield","Fire Breathing"],"picked":"Inflame","floor":25.0},{"not_picked":["Evolve","Thunderclap+1","Twin Strike"],"picked":"SKIP","floor":27.0},{"not_picked":["Iron Wave","Wild Strike","Entrench"],"picked":"SKIP","floor":30.0},{"not_picked":["Limit Break","Barricade"],"picked":"Feed","floor":33.0},{"not_picked":["Burning Pact+1","Blood for Blood+1"],"picked":"Disarm","floor":35.0},{"not_picked":["Wild Strike","Clothesline"],"picked":"Iron Wave+1","floor":37.0},{"not_picked":["Headbutt","Clothesline","Warcry+1"],"picked":"SKIP","floor":38.0},{"not_picked":["Anger","Metallicize","Infernal Blade+1"],"picked":"SKIP","floor":39.0},{"not_picked":["Wild Strike","Heavy Blade","Corruption"],"picked":"SKIP","floor":41.0},{"not_picked":["Perfected Strike+1","Bloodletting"],"picked":"Armaments","floor":45.0},{"not_picked":["Limit Break","Bloodletting","Clash"],"picked":"SKIP","floor":48}],"player_experience":2300925,"relics_obtained":[{"floor":6.0,"key":"Bronze Scales"},{"floor":8.0,"key":"Self Forming Clay"},{"floor":9.0,"key":"Tiny Chest"},{"floor":23.0,"key":"Bag of Marbles"},{"floor":25.0,"key":"Paper Frog"},{"floor":26.0,"key":"Blood Vial"},{"floor":41.0,"key":"Orichalcum"},{"floor":46.0,"key":"Mercury Hourglass"}],"event_choices":[{"cards_removed":["Strike_R"],"damage_healed":0.0,"max_hp_gain":0.0,"max_hp_loss":0.0,"gold_gain":0.0,"event_name":"Golden Wing","player_choice":"Card Removal","floor":3.0,"gold_loss":0.0,"damage_taken":7.0},{"damage_healed":0.0,"max_hp_gain":0.0,"max_hp_loss":0.0,"gold_gain":0.0,"event_name":"World of Goop","player_choice":"Left Gold","floor":5.0,"gold_loss":38.0,"damage_taken":0.0},{"damage_healed":0.0,"max_hp_gain":0.0,"max_hp_loss":0.0,"gold_gain":0.0,"event_name":"Living Wall","player_choice":"Grow","floor":12.0,"gold_loss":0.0,"damage_taken":0.0,"cards_upgraded":["Uppercut"]},{"damage_healed":0.0,"max_hp_gain":0.0,"max_hp_loss":0.0,"gold_gain":0.0,"event_name":"Duplicator","player_choice":"Copied","floor":19.0,"gold_loss":0.0,"damage_taken":0.0,"cards_obtained":["Offering"]},{"damage_healed":0.0,"max_hp_gain":0.0,"max_hp_loss":0.0,"gold_gain":0.0,"event_name":"Masked Bandits","player_choice":"Paid Fearfully","floor":31.0,"gold_loss":87.0,"damage_taken":0.0},{"damage_healed":15.0,"max_hp_gain":0.0,"max_hp_loss":0.0,"gold_gain":0.0,"event_name":"Wheel of Change","player_choice":"Full Heal","floor":36.0,"gold_loss":0.0,"damage_taken":0.0},{"cards_removed":["Strike_R"],"damage_healed":0.0,"max_hp_gain":0.0,"max_hp_loss":0.0,"gold_gain":0.0,"event_name":"Falling","player_choice":"Removed Attack","floor":44.0,"gold_loss":0.0,"damage_taken":0.0}],"is_beta":true,"boss_relics":[{"not_picked":["Lizard Tail","Eternal Feather"],"picked":"Empty Cage"},{"not_picked":["Runic Dome","Astrolabe"],"picked":"Snecko Eye"}],"items_purged_floors":[20,47],"is_endless":false,"potions_floor_spawned":[1,4,8,10,21,22,27,30,37,38,39,48],"killed_by":"Time Eater","ascension_level":15}