{"gold_per_floor":[114,114,114,124,140,140,168,187,187,362,1,12,12,87,87,184,184,196,208,208,208,30,30,155,155,155,155,155,155,197,122,122,122],"floor_reached":33,"playtime":1203,"items_purged":["Doubt","Shame"],"score":277,"play_id":"6741416b-ad48-4340-b094-62c4ed714010","local_time":"20190510173443","is_ascension_mode":true,"campfire_choices":[{"data":"Terror","floor":6,"key":"SMITH"},{"data":"Noxious Fumes","floor":13,"key":"SMITH"},{"floor":15,"key":"REST"},{"data":"HandOfGreed","floor":23,"key":"SMITH"},{"floor":25,"key":"REST"},{"data":"Envenom","floor":29,"key":"SMITH"},{"floor":32,"key":"REST"}],"neow_cost":"NONE","seed_source_timestamp":167801522025305,"circlet_count":0,"master_deck":["Defend_G","Defend_G","Defend_G","Defend_G","Strike_G","Strike_G","Strike_G","Strike_G","Strike_G","Survivor+1","Neutralize+1","Bane+1","Terror+1","Crippling Poison","Poisoned Stab","Tactician","Noxious Fumes+1","Envenom+1","Noxious Fumes","Cloak And Dagger","Catalyst+1","Noxious Fumes","HandOfGreed+1","Bane","Caltrops"],"relics":["Ring of the Snake","Bag of Marbles","Letter Opener","Membership Card","White Beast Statue","Pantograph","Bird Faced Urn","Gremlin Horn","Juzu Bracelet","Mummified Hand"],"potions_floor_usage":[7,24,24,24,30,33],"damage_taken":[{"damage":2,"enemies":"Jaw Worm","floor":1,"turns":4},{"damage":2,"enemies":"2 Louse","floor":4,"turns":3},{"damage":0,"enemies":"Cultist","floor":5,"turns":2},{"damage":7,"enemies":"Gremlin Nob","floor":7,"turns":3},{"damage":7,"enemies":"Exordium Wildlife","floor":8,"turns":4},{"damage":0,"enemies":"2 Fungi Beasts","floor":12,"turns":2},{"damage":29,"enemies":"The Guardian","floor":16,"turns":9},{"damage":2,"enemies":"Chosen","floor":18,"turns":5},{"damage":24,"enemies":"Spheric Guardian","floor":19,"turns":4},{"damage":27,"enemies":"Colosseum Slavers","floor":24,"turns":4},{"damage":7,"enemies":"Colosseum Nobs","floor":24,"turns":5},{"damage":36,"enemies":"Snecko","floor":30,"turns":6},{"damage":81,"enemies":"Collector","floor":33,"turns":6}],"seed_played":"-6364372433638228298","potions_obtained":[{"floor":5,"key":"SteroidPotion"},{"floor":12,"key":"GamblersBrew"},{"floor":18,"key":"LiquidBronze"},{"floor":19,"key":"GhostInAJar"},{"floor":24,"key":"Swift Potion"},{"floor":30,"key":"GamblersBrew"}],"is_trial":false,"path_per_floor":["M","?","?","M","M","R","E","M","T","?","$","M","R","?","R","B",null,"M","M","?","?","$","R","?","R","T","?","?","R","M","?","R","B"],"character_chosen":"THE_SILENT","items_purchased":["Noxious Fumes","Membership Card","Noxious Fumes","HandOfGreed"],"campfire_rested":3,"item_purchase_floors":[11,11,22,22],"current_hp_per_floor":[68,68,68,66,66,66,59,52,52,52,52,52,52,41,62,33,70,68,44,44,44,44,44,10,31,31,31,31,31,3,3,24,0],"gold":122,"neow_bonus":"UPGRADE_CARD","is_prod":false,"is_daily":false,"chose_seed":false,"campfire_upgraded":4,"win_rate":0,"timestamp":1557524083,"path_taken":["M","?","?","M","M","R","E","?","T","?","$","M","R","?","R","BOSS","M","M","?","?","$","R","?","R","T","?","?","R","M","?","R","BOSS"],"build_version":"2019-01-23","purchased_purges":2,"victory":false,"max_hp_per_floor":[70,70,70,70,70,70,70,70,70,70,70,70,70,70,70,70,70,70,70,70,70,70,70,70,70,70,70,70,70,70,70,70,70],"card_choices":[{"not_picked":["Flying Knee","Concentrate"],"picked":"Bane","floor":1},{"not_picked":["Underhanded Strike","Outmaneuver"],"picked":"Terror","floor":4},{"not_picked":["Slice","Quick Slash"],"picked":"Crippling Poison","floor":5},{"not_picked":["Bane","Terror"],"picked":"Poisoned Stab","floor":7},{"not_picked":["Dagger Spray","Deflect"],"picked":"Tactician","floor":8},{"not_picked":["Terror","Reflex","Slice"],"picked":"SKIP","floor":12},{"not_picked":["After Image","Wraith Form v2"],"picked":"Envenom","floor":16},{"not_picked":["Quick Slash+1","Masterful Stab"],"picked":"Noxious Fumes","floor":18},{"not_picked":["Eviscerate","Poisoned Stab"],"picked":"Cloak And Dagger","floor":19},{"not_picked":["Slice+1","Deadly Poison"],"picked":"Bane","floor":24},{"not_picked":["Acrobatics","Cloak And Dagger"],"picked":"Caltrops","floor":30}],"player_experience":964170,"relics_obtained":[{"floor":7,"key":"Bag of Marbles"},{"floor":9,"key":"Letter Opener"},{"floor":24,"key":"Bird Faced Urn"},{"floor":24,"key":"Gremlin Horn"},{"floor":26,"key":"Juzu Bracelet"}],"event_choices":[{"damage_healed":0,"gold_gain":0,"player_choice":"Grow","damage_taken":0,"max_hp_gain":0,"max_hp_loss":0,"event_name":"Living Wall","floor":2,"gold_loss":0,"cards_upgraded":["Bane"]},{"damage_healed":0,"gold_gain":0,"player_choice":"Upgraded","damage_taken":0,"max_hp_gain":0,"max_hp_loss":0,"event_name":"Upgrade Shrine","floor":3,"gold_loss":0,"cards_upgraded":["Neutralize"]},{"damage_healed":0,"gold_gain":175,"player_choice":"AGREE","damage_taken":0,"max_hp_gain":0,"max_hp_loss":0,"event_name":"Liars Game","floor":10,"gold_loss":0,"cards_obtained":["Doubt"]},{"damage_healed":0,"gold_gain":75,"player_choice":"Gather Gold","damage_taken":11,"max_hp_gain":0,"max_hp_loss":0,"event_name":"World of Goop","floor":14,"gold_loss":0},{"damage_healed":0,"gold_gain":0,"player_choice":"Read","damage_taken":0,"max_hp_gain":0,"max_hp_loss":0,"event_name":"The Library","floor":20,"gold_loss":0,"cards_obtained":["Catalyst"]},{"damage_healed":0,"gold_gain":0,"player_choice":"Stole Relic","damage_taken":0,"relics_obtained":["Pantograph"],"max_hp_gain":0,"max_hp_loss":0,"event_name":"Addict","floor":21,"gold_loss":0,"cards_obtained":["Shame"]},{"damage_healed":0,"gold_gain":0,"player_choice":"Fight","damage_taken":0,"max_hp_gain":0,"max_hp_loss":0,"event_name":"Colosseum","floor":24,"gold_loss":0},{"damage_healed":0,"gold_gain":0,"player_choice":"Fought Nobs","damage_taken":0,"max_hp_gain":0,"max_hp_loss":0,"event_name":"Colosseum","floor":24,"gold_loss":0},{"damage_healed":0,"gold_gain":0,"player_choice":"Forge","damage_taken":0,"max_hp_gain":0,"max_hp_loss":0,"event_name":"Accursed Blacksmith","floor":27,"gold_loss":0,"cards_upgraded":["Catalyst"]},{"damage_healed":0,"gold_gain":0,"player_choice":"Opened","damage_taken":0,"relics_obtained":["Mummified Hand"],"max_hp_gain":0,"max_hp_loss":0,"event_name":"The Mausoleum","floor":28,"gold_loss":0},{"cards_removed":["Defend_G"],"damage_healed":0,"gold_gain":0,"player_choice":"Gave Gold","damage_taken":0,"max_hp_gain":0,"max_hp_loss":0,"event_name":"Beggar","floor":31,"gold_loss":75}],"is_beta":false,"boss_relics":[{"not_picked":["Runic Dome","HoveringKite"],"picked":"White Beast Statue"}],"items_purged_floors":[11,22],"is_endless":false,"potions_floor_spawned":[5,12,18,19,24,24,30],"killed_by":"Collector","ascension_level":3}