{"gold_per_floor":[118,68,33,51,51,51,61,38,38,38,50,78,88,100,100,201,201,211,57,57,74,74,74,99,99,99,99,133,133,150,160,160,259,259,274,28,42,142,160,190,201,234,303,358,358,39,39,51,51,51,51,51,51,85,85],"floor_reached":55,"playtime":3940,"items_purged":["Strike_G","Defend_G","Shame"],"score":1207,"play_id":"63e5d441-2863-4266-baf8-23df0418736d","local_time":"20190504170613","is_ascension_mode":true,"campfire_choices":[{"data":"Neutralize","floor":6.0,"key":"SMITH"},{"data":"Riddle With Holes","floor":10.0,"key":"SMITH"},{"data":"Malaise","floor":15,"key":"SMITH"},{"data":"Cloak And Dagger","floor":23,"key":"SMITH"},{"data":"Noxious Fumes","floor":27,"key":"SMITH"},{"data":"Caltrops","floor":29,"key":"SMITH"},{"data":"Cloak And Dagger","floor":32,"key":"SMITH"},{"floor":45,"key":"DIG"},{"floor":47,"key":"RECALL"},{"data":"After Image","floor":49,"key":"SMITH"},{"floor":52,"key":"DIG"}],"neow_cost":"NONE","seed_source_timestamp":75021371619750,"circlet_count":0,"master_deck":["Defend_G","Defend_G","Survivor","Neutralize+1","Cloak And Dagger+1","Riddle With Holes+1","Deflect","Backstab","Cloak And Dagger+1","Dagger Throw+1","Backflip","Malaise+1","Caltrops+1","Adrenaline","Dodge and Roll+1","Noxious Fumes+1","Shame","Injury","Catalyst+1","Deflect+1","Quick Slash+1","After Image+1","Cloak And Dagger+1","Flechettes+1","Unload+1","Crippling Poison+1","Cloak And Dagger","Cloak And Dagger","Acrobatics+1","Backstab+1","Catalyst+1","Catalyst","PiercingWail"],"special_seed":0,"relics":["Ring of the Snake","Meat on the Bone","Juzu Bracelet","Cursed Key","Torii","Bag of Marbles","Bottled Tornado","The Courier","Astrolabe","Chemical X","FossilizedHelix","Matryoshka","Whetstone","Oddly Smooth Stone","Shovel","Kunai","DollysMirror","Ornamental Fan","Ginger"],"potions_floor_usage":[12,16,18,24,33,33,40,54,54,55],"damage_taken":[{"damage":4.0,"enemies":"Small Slimes","floor":1.0,"turns":4.0},{"damage":2.0,"enemies":"Jaw Worm","floor":4.0,"turns":4.0},{"damage":0.0,"enemies":"Cultist","floor":7.0,"turns":4.0},{"damage":0.0,"enemies":"Blue Slaver","floor":11.0,"turns":4.0},{"damage":0,"enemies":"Lagavulin","floor":12,"turns":5},{"damage":6,"enemies":"Gremlin Gang","floor":13,"turns":5},{"damage":0,"enemies":"Looter","floor":14,"turns":4},{"damage":0,"enemies":"The Guardian","floor":16,"turns":11},{"damage":0,"enemies":"3 Byrds","floor":18,"turns":6},{"damage":13,"enemies":"Spheric Guardian","floor":21,"turns":6},{"damage":23,"enemies":"Gremlin Leader","floor":24,"turns":11},{"damage":7,"enemies":"Book of Stabbing","floor":28,"turns":7},{"damage":1,"enemies":"Cultist and Chosen","floor":30,"turns":6},{"damage":3,"enemies":"Snake Plant","floor":31,"turns":4},{"damage":27,"enemies":"Collector","floor":33,"turns":12},{"damage":17,"enemies":"3 Darklings","floor":35,"turns":4},{"damage":10,"enemies":"3 Shapes","floor":37,"turns":5},{"damage":0,"enemies":"Mind Bloom Boss Battle","floor":38,"turns":8},{"damage":0,"enemies":"Transient","floor":39,"turns":5},{"damage":18,"enemies":"Nemesis","floor":40,"turns":9},{"damage":0,"enemies":"Jaw Worm Horde","floor":41,"turns":4},{"damage":7,"enemies":"Giant Head","floor":42,"turns":8},{"damage":13,"enemies":"2 Orb Walkers","floor":44,"turns":4},{"damage":0,"enemies":"3 Darklings","floor":48,"turns":6},{"damage":20,"enemies":"Donu and Deca","floor":50,"turns":8},{"damage":6,"enemies":"Shield and Spear","floor":54,"turns":7},{"damage":69,"enemies":"The Heart","floor":55,"turns":3}],"seed_played":"-8795604607426181644","potions_obtained":[{"floor":7.0,"key":"PowerPotion"},{"floor":12,"key":"Strength Potion"},{"floor":16,"key":"AttackPotion"},{"floor":18,"key":"SkillPotion"},{"floor":21,"key":"Poison Potion"},{"floor":28,"key":"PowerPotion"},{"floor":38,"key":"Strength Potion"},{"floor":39,"key":"SpeedPotion"},{"floor":42,"key":"Energy Potion"},{"floor":44,"key":"SpeedPotion"}],"is_trial":false,"path_per_floor":["M","?","$","M","$","R","M","$","T","R","M","E","M","M","R","B",null,"M","$","?","M","$","R","E","?","T","R","E","R","M","M","R","B",null,"M","$","M","?","M","E","M","E","T","?","R","$","R","M","R","B",null,"R","$","E","B"],"character_chosen":"THE_SILENT","items_purchased":["Riddle With Holes","Cloak And Dagger","Noxious Fumes","Chemical X","DollysMirror","Catalyst"],"campfire_rested":0,"item_purchase_floors":[3,8,19,36,46,46],"current_hp_per_floor":[59,59,59,57,57,57,57,57,57,57,57,57,51,51,51,51,65,65,65,65,52,52,52,41,41,41,41,46,46,45,42,42,27,59,42,42,44,44,44,38,38,43,43,42,42,42,42,42,42,34,61,61,61,55,0],"gold":85,"neow_bonus":"REMOVE_CARD","is_prod":false,"is_daily":false,"chose_seed":false,"campfire_upgraded":8,"win_rate":0,"timestamp":1556985973,"path_taken":["M","?","$","M","?","R","M","?","T","R","M","E","M","M","R","BOSS","M","?","?","M","$","R","E","?","T","R","E","R","M","M","R","BOSS","M","$","M","?","M","E","M","E","T","?","R","$","R","M","R","BOSS","R","$","E","BOSS"],"build_version":"2019-01-23","purchased_purges":3,"victory":false,"max_hp_per_floor":[70,70,70,70,70,70,70,70,70,70,70,70,70,70,70,70,70,70,70,70,70,70,70,70,70,70,70,70,70,70,70,70,70,70,70,70,70,70,70,70,70,70,70,70,70,70,70,70,70,70,70,70,70,70,70],"card_choices":[{"not_picked":["Catalyst","Acrobatics"],"picked":"Cloak And Dagger","floor":1.0},{"not_picked":["Dodge and Roll","Quick Slash"],"picked":"Deflect","floor":4.0},{"not_picked":["Cloak And Dagger","Dodge and Roll"],"picked":"Backstab","floor":7.0},{"not_picked":["Terror","Riddle With Holes"],"picked":"Dagger Throw","floor":11.0},{"not_picked":["Outmaneuver","Blade Dance"],"picked":"Backflip","floor":12},{"not_picked":["Accuracy","Bane"],"picked":"Malaise","floor":13},{"not_picked":["Sucker Punch","Dodge and Roll"],"picked":"Caltrops","floor":14},{"not_picked":["Bullet Time","Tools of the Trade"],"picked":"Adrenaline","floor":16},{"not_picked":["Underhanded Strike","Slice"],"picked":"Dodge and Roll+1","floor":18},{"not_picked":["Flying Knee","Slice+1","Riddle With Holes"],"picked":"SKIP","floor":21},{"not_picked":["Choke","Prepared","Sucker Punch"],"picked":"SKIP","floor":24},{"not_picked":["Riddle With Holes","Terror"],"picked":"Catalyst+1","floor":28},{"not_picked":["Infinite Blades","Backstab"],"picked":"Deflect+1","floor":30},{"not_picked":["Sucker Punch","Prepared"],"picked":"Quick Slash","floor":31},{"not_picked":["Burst","Malaise"],"picked":"After Image","floor":33},{"not_picked":["Acrobatics","Bane"],"picked":"Crippling Poison+1","floor":35},{"not_picked":["Eviscerate","Setup"],"picked":"Cloak And Dagger","floor":37},{"not_picked":["Eviscerate","Deflect+1"],"picked":"Cloak And Dagger","floor":38},{"not_picked":["Phantasmal Killer","Dodge and Roll+1"],"picked":"Acrobatics+1","floor":39},{"not_picked":["Endless Agony+1","Outmaneuver","Deadly Poison+1"],"picked":"SKIP","floor":40},{"not_picked":["Poisoned Stab+1","Flying Knee"],"picked":"Backstab+1","floor":41},{"not_picked":["Dodge and Roll","Deadly Poison+1","Accuracy"],"picked":"SKIP","floor":42},{"not_picked":["Sucker Punch+1","Storm of Steel","Flying Knee"],"picked":"SKIP","floor":48},{"not_picked":["Reflex+1","Finisher+1"],"picked":"PiercingWail","floor":54}],"player_experience":302942,"relics_obtained":[{"floor":9.0,"key":"Meat on the Bone"},{"floor":12,"key":"Juzu Bracelet"},{"floor":24,"key":"Bag of Marbles"},{"floor":26,"key":"Bottled Tornado"},{"floor":28,"key":"The Courier"},{"floor":38,"key":"FossilizedHelix"},{"floor":40,"key":"Matryoshka"},{"floor":42,"key":"Whetstone"},{"floor":43,"key":"Oddly Smooth Stone"},{"floor":44,"key":"Shovel"},{"floor":45,"key":"Kunai"},{"floor":52,"key":"Ornamental Fan"},{"floor":54,"key":"Ginger"}],"event_choices":[{"cards_removed":["Strike_G"],"damage_healed":0.0,"max_hp_gain":0.0,"max_hp_loss":0.0,"gold_gain":0.0,"event_name":"The Cleric","player_choice":"Card Removal","floor":2.0,"gold_loss":50.0,"damage_taken":0.0},{"damage_healed":0,"gold_gain":0,"player_choice":"Stole Relic","damage_taken":0,"relics_obtained":["Torii"],"max_hp_gain":0,"max_hp_loss":0,"event_name":"Addict","floor":20,"gold_loss":0,"cards_obtained":["Shame"]},{"cards_removed":["Strike_G"],"damage_healed":0,"gold_gain":0,"player_choice":"Offered Basic","damage_taken":0,"max_hp_gain":0,"max_hp_loss":0,"event_name":"Bonfire Elementals","floor":25,"gold_loss":0},{"damage_healed":0,"gold_gain":0,"player_choice":"Fight","damage_taken":0,"max_hp_gain":0,"max_hp_loss":0,"event_name":"MindBloom","floor":38,"gold_loss":0},{"damage_healed":0,"gold_gain":0,"player_choice":"Fight","damage_taken":0,"max_hp_gain":0,"max_hp_loss":0,"event_name":"Mysterious Sphere","floor":44,"gold_loss":0}],"is_beta":false,"boss_relics":[{"not_picked":["Empty Cage","Snecko Eye"],"picked":"Cursed Key"},{"not_picked":["WristBlade","White Beast Statue"],"picked":"Astrolabe"}],"items_purged_floors":[19,36,46],"is_endless":false,"potions_floor_spawned":[7,12,16,18,21,28,38,39,42,44],"killed_by":"The Heart","ascension_level":9}