{"gold_per_floor":[114,130,130,55,68,68,85,85,109,171,187,198,198,198,198,272,272,284,19,19,33,48,48,48,48],"floor_reached":25,"playtime":789,"items_purged":["Strike_G"],"score":406,"play_id":"4b72f6d9-005d-4006-9e70-683306e61242","local_time":"20181225142146","is_ascension_mode":true,"campfire_choices":[{"data":"Tools of the Trade","floor":6,"key":"SMITH"},{"data":"Tools of the Trade","floor":8,"key":"SMITH"},{"floor":13,"key":"REST"},{"data":"Footwork","floor":15,"key":"SMITH"},{"floor":23,"key":"REST"}],"neow_cost":"TEN_PERCENT_HP_LOSS","seed_source_timestamp":185646873396983,"circlet_count":0,"master_deck":["AscendersBane","Defend_G","Defend_G","Defend_G","Defend_G","Defend_G","Strike_G","Strike_G","Strike_G","Strike_G","Survivor","Neutralize","Tools of the Trade+1","Poisoned Stab","Flying Knee","Tools of the Trade+1","Cloak And Dagger","Noxious Fumes","Dagger Spray","Dash","Footwork+1","Adrenaline","Cloak And Dagger+1","Mayhem","Cloak And Dagger","Sucker Punch","Reflex","Pain"],"relics":["Ring of the Snake","Bronze Scales","Tiny Chest","Cursed Key","WarpedTongs"],"potions_floor_usage":[10,10,12,22,25],"damage_taken":[{"damage":4,"enemies":"Small Slimes","floor":1,"turns":5},{"damage":0,"enemies":"Cultist","floor":2,"turns":4},{"damage":0,"enemies":"2 Louse","floor":5,"turns":3},{"damage":10,"enemies":"Lots of Slimes","floor":7,"turns":6},{"damage":6,"enemies":"Gremlin Nob","floor":10,"turns":4},{"damage":7,"enemies":"2 Fungi Beasts","floor":11,"turns":4},{"damage":13,"enemies":"Exordium Thugs","floor":12,"turns":5},{"damage":11,"enemies":"Slime Boss","floor":16,"turns":13},{"damage":10,"enemies":"Spheric Guardian","floor":18,"turns":6},{"damage":25,"enemies":"2 Thieves","floor":21,"turns":4},{"damage":15,"enemies":"Snake Plant","floor":22,"turns":5},{"damage":22,"enemies":"Slavers","floor":25,"turns":3}],"seed_played":"2316676113463190535","potions_obtained":[{"floor":5,"key":"GhostInAJar"},{"floor":7,"key":"FearPotion"},{"floor":10,"key":"Explosive Potion"},{"floor":14,"key":"SkillPotion"},{"floor":14,"key":"EssenceOfSteel"},{"floor":16,"key":"PowerPotion"},{"floor":22,"key":"LiquidBronze"}],"is_trial":false,"path_per_floor":["M","M","?","$","M","R","M","R","T","E","M","M","R","?","R","B",null,"M","$","$","M","M","R","?","E"],"character_chosen":"THE_SILENT","items_purchased":["Mayhem","Cloak And Dagger"],"campfire_rested":2,"item_purchase_floors":[19,19],"current_hp_per_floor":[55,55,55,55,55,55,45,45,45,39,32,19,37,37,37,26,52,42,42,42,17,2,20,20,0],"gold":48,"neow_bonus":"THREE_RARE_CARDS","is_prod":false,"is_daily":false,"chose_seed":false,"campfire_upgraded":3,"win_rate":0,"timestamp":1545772906,"path_taken":["M","M","?","$","M","R","M","R","T","E","?","M","R","?","R","BOSS","M","?","$","M","M","R","?","E"],"build_version":"2018-12-20","purchased_purges":1,"victory":false,"max_hp_per_floor":[60,60,60,60,60,60,60,60,60,60,60,60,60,60,60,60,60,60,60,60,60,60,60,60,60],"card_choices":[{"not_picked":["Phantasmal Killer","Burst"],"picked":"Tools of the Trade","floor":0},{"not_picked":["Deadly Poison","Tactician"],"picked":"Poisoned Stab","floor":1},{"not_picked":["Bouncing Flask","Endless Agony"],"picked":"Flying Knee","floor":2},{"not_picked":["Dagger Throw","Dodge and Roll"],"picked":"Noxious Fumes","floor":5},{"not_picked":["Heel Hook","PiercingWail"],"picked":"Dagger Spray","floor":7},{"not_picked":["Accuracy","Outmaneuver"],"picked":"Dash","floor":10},{"not_picked":["Unload","Acrobatics","Skewer"],"picked":"SKIP","floor":11},{"not_picked":["Dodge and Roll","Underhanded Strike"],"picked":"Footwork","floor":12},{"not_picked":["Burst","Phantasmal Killer"],"picked":"Adrenaline","floor":16},{"not_picked":["Crippling Poison+1","Acrobatics"],"picked":"Cloak And Dagger+1","floor":18},{"not_picked":["Dagger Spray","Flying Knee"],"picked":"Sucker Punch","floor":21},{"not_picked":["Finisher+1","Dagger Throw"],"picked":"Reflex","floor":22}],"player_experience":995530,"relics_obtained":[{"floor":9,"key":"Bronze Scales"},{"floor":10,"key":"Tiny Chest"}],"event_choices":[{"damage_healed":0,"gold_gain":0,"player_choice":"2 cards matched","damage_taken":0,"max_hp_gain":0,"max_hp_loss":0,"event_name":"Match and Keep!","floor":3,"gold_loss":0,"cards_obtained":["Tools of the Trade","Cloak And Dagger"]},{"damage_healed":0,"gold_gain":0,"player_choice":"Got Potions","damage_taken":0,"max_hp_gain":0,"max_hp_loss":0,"event_name":"Lab","floor":14,"gold_loss":0},{"damage_healed":0,"gold_gain":0,"player_choice":"Rummage","damage_taken":0,"relics_obtained":["WarpedTongs"],"max_hp_gain":0,"max_hp_loss":0,"event_name":"Accursed Blacksmith","floor":24,"gold_loss":0,"cards_obtained":["Pain"]}],"is_beta":true,"boss_relics":[{"not_picked":["Philosopher\u0027s Stone","Orrery"],"picked":"Cursed Key"}],"items_purged_floors":[4],"is_endless":false,"potions_floor_spawned":[5,7,10,16,22],"killed_by":"Slavers","ascension_level":20}