{"gold_per_floor":[114,289,289,338,354,384,384,415,415,425,458,458,475,508,508,607,607,617,617,632,652,663,663,692,692,692,717,717,727,727,761,761,863,863,880,525,542,542,556,585,585,619,619,619,647,666,666,680,680,680,680,680,59,93,93],"floor_reached":56,"playtime":4102,"items_purged":["Strike_B","Strike_B+1"],"score":1479,"play_id":"a2108098-2a40-4e93-8219-f22e43f5d471","local_time":"20190427180343","is_ascension_mode":true,"campfire_choices":[{"data":"Dualcast","floor":7.0,"key":"SMITH"},{"floor":12.0,"key":"REST"},{"data":"Echo Form","floor":15.0,"key":"SMITH"},{"floor":23.0,"key":"RECALL"},{"floor":25.0,"key":"REST"},{"floor":28.0,"key":"REST"},{"floor":30.0,"key":"REST"},{"floor":32.0,"key":"REST"},{"floor":41.0,"key":"REST"},{"floor":44.0,"key":"REST"},{"floor":49.0,"key":"REST"},{"floor":52.0,"key":"REST"}],"neow_cost":"NONE","seed_source_timestamp":9320227153615,"circlet_count":0,"master_deck":["Strike_B+1","Strike_B+1","Defend_B+1","Defend_B+1","Defend_B+1","Defend_B+1","Zap+1","Dualcast+1","Compile Driver+1","Darkness+1","Echo Form+1","Compile Driver+1","Cold Snap+1","Core Surge+1","Self Repair+1","Glacier+1","Streamline+1","Hologram+1","Defragment+1","Leap+1","Defragment+1","Creative AI+1","Recycle+1","Ball Lightning+1","Finesse+1","Defragment+1","BootSequence+1","Defragment+1","Biased Cognition","Redo+1","Panacea"],"special_seed":0,"relics":["Cracked Core","NeowsBlessing","Orichalcum","Happy Flower","Pen Nib","Meat on the Bone","Mercury Hourglass","Bottled Flame","Fusion Hammer","Boot","Cables","WingedGreaves","Bag of Preparation","Inserter","War Paint","Mark of the Bloom","Thread and Needle","Bottled Lightning","Question Card","Singing Bowl","Gambling Chip","Strawberry","Anchor"],"potions_floor_usage":[55,55,55],"damage_taken":[{"damage":0.0,"enemies":"2 Louse","floor":1.0,"turns":1.0},{"damage":0.0,"enemies":"Jaw Worm","floor":5.0,"turns":1.0},{"damage":0.0,"enemies":"Gremlin Nob","floor":6.0,"turns":1.0},{"damage":24.0,"enemies":"3 Sentries","floor":8.0,"turns":7.0},{"damage":0.0,"enemies":"Cultist","floor":10.0,"turns":3.0},{"damage":6.0,"enemies":"Lagavulin","floor":11.0,"turns":6.0},{"damage":5.0,"enemies":"Lots of Slimes","floor":13.0,"turns":2.0},{"damage":12.0,"enemies":"3 Sentries","floor":14.0,"turns":5.0},{"damage":43.0,"enemies":"The Guardian","floor":16.0,"turns":10.0},{"damage":12.0,"enemies":"2 Thieves","floor":18.0,"turns":4.0},{"damage":2.0,"enemies":"Chosen","floor":20.0,"turns":3.0},{"damage":4.0,"enemies":"3 Cultists","floor":21.0,"turns":4.0},{"damage":14.0,"enemies":"Snake Plant","floor":22.0,"turns":4.0},{"damage":26.0,"enemies":"Slavers","floor":24.0,"turns":5.0},{"damage":19.0,"enemies":"Book of Stabbing","floor":27.0,"turns":5.0},{"damage":0.0,"enemies":"Centurion and Healer","floor":29.0,"turns":5.0},{"damage":34.0,"enemies":"Gremlin Leader","floor":31.0,"turns":6.0},{"damage":31.0,"enemies":"Collector","floor":33.0,"turns":8.0},{"damage":9.0,"enemies":"Orb Walker","floor":35.0,"turns":4.0},{"damage":1.0,"enemies":"3 Darklings","floor":37.0,"turns":4.0},{"damage":0.0,"enemies":"Spire Growth","floor":39.0,"turns":5.0},{"damage":9.0,"enemies":"Nemesis","floor":40.0,"turns":7.0},{"damage":0.0,"enemies":"Giant Head","floor":42.0,"turns":8.0},{"damage":13.0,"enemies":"Reptomancer","floor":45.0,"turns":7.0},{"damage":0.0,"enemies":"4 Shapes","floor":46.0,"turns":4.0},{"damage":0.0,"enemies":"Transient","floor":48.0,"turns":5.0},{"damage":0.0,"enemies":"Donu and Deca","floor":50.0,"turns":8.0},{"damage":1,"enemies":"Shield and Spear","floor":54,"turns":9},{"damage":32,"enemies":"The Heart","floor":55,"turns":10}],"seed_played":"-7140990209176168914","potions_obtained":[{"floor":1.0,"key":"Ancient Potion"},{"floor":5.0,"key":"GamblersBrew"},{"floor":10.0,"key":"Poison Potion"},{"floor":16.0,"key":"Fruit Juice"},{"floor":18.0,"key":"Energy Potion"},{"floor":24.0,"key":"Weak Potion"},{"floor":31.0,"key":"SteroidPotion"},{"floor":33.0,"key":"FocusPotion"}],"is_trial":false,"path_per_floor":["M","?","?","T","M","E","R","E","T","M","E","R","M","E","R","B",null,"M","?","M","M","M","R","E","R","T","E","R","M","R","E","R","B",null,"M","$","M","?","M","E","R","E","T","R","E","M","T","M","R","B",null,"R","$","E","B",null],"character_chosen":"DEFECT","items_purchased":["Ball Lightning","War Paint","Finesse","Gambling Chip","Strawberry","Panacea"],"campfire_rested":9,"item_purchase_floors":[36,36,36,53,53,53],"current_hp_per_floor":[75,75,75,75,75,75,75,51,51,51,45,67,62,50,50,24,80,68,68,73,76,76,76,64,80,80,68,80,80,80,46,70,58,80,80,80,80,80,80,71,71,71,71,71,58,58,58,58,58,58,58,58,58,57,25],"gold":93,"neow_bonus":"THREE_ENEMY_KILL","is_prod":false,"is_daily":false,"chose_seed":false,"campfire_upgraded":2,"win_rate":0,"timestamp":1556381023,"path_taken":["M","?","?","?","M","E","R","E","T","M","E","R","M","E","R","BOSS","M","?","M","M","?","R","E","R","T","E","R","M","R","E","R","BOSS","M","$","?","?","M","E","R","E","T","R","E","M","?","M","R","BOSS","R","$","E","BOSS"],"build_version":"2019-01-23","purchased_purges":2,"victory":true,"max_hp_per_floor":[75,75,75,75,75,75,75,75,75,75,75,75,75,75,75,80,80,80,80,80,80,80,80,80,80,80,80,80,80,80,80,80,80,80,80,80,80,80,80,80,80,80,80,80,80,80,80,80,80,80,80,80,87,89,89],"card_choices":[{"not_picked":["Auto Shields","FTL"],"picked":"Compile Driver","floor":1.0},{"not_picked":["Consume","Rebound"],"picked":"Darkness","floor":5.0},{"not_picked":["Leap","Defragment"],"picked":"Echo Form","floor":6.0},{"not_picked":["Heatsinks","Aggregate"],"picked":"Compile Driver","floor":8.0},{"not_picked":["Barrage","Redo","Hello World"],"picked":"SKIP","floor":10.0},{"not_picked":["Redo","Hello World"],"picked":"Cold Snap","floor":11.0},{"not_picked":["Rainbow","Undo","Sweeping Beam"],"picked":"SKIP","floor":13.0},{"not_picked":["Force Field","Redo","Lockon"],"picked":"SKIP","floor":14.0},{"not_picked":["Machine Learning","Thunder Strike"],"picked":"Core Surge","floor":16.0},{"not_picked":["Redo","Gash+1"],"picked":"Self Repair","floor":18.0},{"not_picked":["Turbo","Compile Driver+1"],"picked":"Glacier","floor":20.0},{"not_picked":["Coolheaded","Double Energy"],"picked":"Streamline+1","floor":21.0},{"not_picked":["Stack","Hello World+1"],"picked":"Hologram","floor":22.0},{"not_picked":["Scrape","Auto Shields","Reboot"],"picked":"SKIP","floor":24.0},{"not_picked":["Force Field","Cold Snap"],"picked":"Defragment+1","floor":27.0},{"not_picked":["Turbo","Sweeping Beam"],"picked":"Leap","floor":29.0},{"not_picked":["Self Repair","Barrage"],"picked":"Defragment","floor":31.0},{"not_picked":["Echo Form","Core Surge"],"picked":"Creative AI","floor":33.0},{"not_picked":["Streamline","Go for the Eyes"],"picked":"Recycle+1","floor":35.0},{"not_picked":["Go for the Eyes+1","Conserve Battery+1"],"picked":"Defragment","floor":37.0},{"not_picked":["Streamline+1","Double Energy"],"picked":"BootSequence+1","floor":39.0},{"not_picked":["Leap","Rebound"],"picked":"Defragment+1","floor":40.0},{"not_picked":["Reprogram+1","Echo Form","Compile Driver"],"picked":"SKIP","floor":42.0},{"not_picked":["Coolheaded","Melter"],"picked":"Biased Cognition","floor":45.0},{"not_picked":["Heatsinks","Go for the Eyes","Gash+1","Sweeping Beam"],"picked":"SKIP","floor":46.0},{"not_picked":["Multi-Cast","Sunder+1","Heatsinks"],"picked":"Redo+1","floor":48.0},{"not_picked":["Hello World+1","Tempest","Consume","Sweeping Beam"],"picked":"Singing Bowl","floor":54}],"player_experience":286119,"relics_obtained":[{"floor":4.0,"key":"Orichalcum"},{"floor":6.0,"key":"Happy Flower"},{"floor":8.0,"key":"Pen Nib"},{"floor":9.0,"key":"Meat on the Bone"},{"floor":11.0,"key":"Mercury Hourglass"},{"floor":14.0,"key":"Bottled Flame"},{"floor":24.0,"key":"Boot"},{"floor":26.0,"key":"Cables"},{"floor":27.0,"key":"WingedGreaves"},{"floor":31.0,"key":"Bag of Preparation"},{"floor":40.0,"key":"Thread and Needle"},{"floor":42.0,"key":"Bottled Lightning"},{"floor":45.0,"key":"Question Card"},{"floor":47.0,"key":"Singing Bowl"},{"floor":54,"key":"Anchor"}],"event_choices":[{"damage_healed":0.0,"max_hp_gain":0.0,"max_hp_loss":0.0,"gold_gain":175.0,"event_name":"Liars Game","player_choice":"AGREE","floor":2.0,"gold_loss":0.0,"damage_taken":0.0,"cards_obtained":["Doubt"]},{"damage_healed":0.0,"max_hp_gain":0.0,"max_hp_loss":0.0,"gold_gain":0.0,"event_name":"Living Wall","player_choice":"Grow","floor":3.0,"gold_loss":0.0,"damage_taken":0.0,"cards_upgraded":["Zap"]},{"cards_removed":["Doubt"],"damage_healed":0.0,"max_hp_gain":0.0,"max_hp_loss":0.0,"gold_gain":0.0,"event_name":"Fountain of Cleansing","player_choice":"Removed Curses","floor":19.0,"gold_loss":0.0,"damage_taken":0.0},{"damage_healed":0.0,"max_hp_gain":0.0,"max_hp_loss":0.0,"gold_gain":0.0,"event_name":"MindBloom","player_choice":"Upgrade","floor":38.0,"gold_loss":0.0,"damage_taken":0.0,"cards_upgraded":["Strike_B","Strike_B","Strike_B","Defend_B","Defend_B","Defend_B","Compile Driver","Darkness","Compile Driver","Cold Snap","Core Surge","Self Repair","Glacier","Hologram","Defragment","Creative AI","Ball Lightning","Finesse","Defragment"],"relics_obtained":["Mark of the Bloom"]}],"is_beta":false,"boss_relics":[{"not_picked":["Astrolabe","Eternal Feather"],"picked":"Fusion Hammer"},{"not_picked":["Calling Bell","Snecko Eye"],"picked":"Inserter"}],"items_purged_floors":[36,53],"is_endless":false,"potions_floor_spawned":[1,5,10,13,16,18,24,31,33,35,39],"ascension_level":1}