{"gold_per_floor":[113,131,131,131,148,148,180,180,205,232,232,250,261,295,295,374,374,385,396,396,29,47,47,77,77,102,102,136,136,136,186,186,263,263,283,283,120,136,154,154,187,287,287,114,141,141,91,110,110,110,110,110,22,51,51],"floor_reached":55,"playtime":2487,"items_purged":["Decay","Unload","Quick Slash"],"score":1451,"play_id":"93e67506-15f5-4140-9863-f7df96848580","local_time":"20190413205153","is_ascension_mode":true,"campfire_choices":[{"data":"Neutralize","floor":6.0,"key":"SMITH"},{"floor":8.0,"key":"REST"},{"data":"Noxious Fumes","floor":11.0,"key":"SMITH"},{"data":"Well Laid Plans","floor":15.0,"key":"SMITH"},{"data":"Catalyst","floor":23,"key":"SMITH"},{"floor":25,"key":"REST"},{"data":"Ghostly","floor":30,"key":"SMITH"},{"data":"Ghostly","floor":32,"key":"SMITH"},{"data":"Corpse Explosion","floor":40,"key":"SMITH"},{"floor":46,"key":"RECALL"},{"data":"Footwork","floor":49,"key":"SMITH"},{"data":"Night Terror","floor":52,"key":"SMITH"}],"neow_cost":"NONE","seed_source_timestamp":279308672140713,"circlet_count":0,"master_deck":["AscendersBane","Defend_G+1","Defend_G+1","Defend_G+1","Defend_G+1","Defend_G+1","Survivor+1","Neutralize+1","Dagger Throw+1","Well Laid Plans+1","Noxious Fumes+1","Leg Sweep","Blur","Corpse Explosion+1","Endless Agony+1","Doppelganger+1","Flechettes+1","Deflect","Crippling Poison","Catalyst+1","Dodge and Roll+1","Ghostly+1","Ghostly+1","Ghostly","Die Die Die","Footwork+1","Backflip","Night Terror+1","PiercingWail","Catalyst+1","PiercingWail","Calculated Gamble+1"],"special_seed":0,"relics":["Ring of the Snake","PreservedInsect","Juzu Bracelet","FossilizedHelix","Bottled Lightning","Astrolabe","Membership Card","Gremlin Horn","Regal Pillow","Smiling Mask","Darkstone Periapt","White Beast Statue","Happy Flower","Pantograph","Shovel","DollysMirror","Dream Catcher","Blue Candle"],"potions_floor_usage":[35,38,39,41,45,55,55],"damage_taken":[{"damage":0.0,"enemies":"Cultist","floor":1.0,"turns":5.0},{"damage":0.0,"enemies":"Small Slimes","floor":2.0,"turns":3.0},{"damage":0.0,"enemies":"2 Louse","floor":5.0,"turns":3.0},{"damage":39.0,"enemies":"3 Sentries","floor":7.0,"turns":10.0},{"damage":2.0,"enemies":"Lagavulin","floor":10.0,"turns":6.0},{"damage":0.0,"enemies":"Looter","floor":12.0,"turns":3.0},{"damage":12.0,"enemies":"Large Slime","floor":13.0,"turns":5.0},{"damage":0.0,"enemies":"3 Sentries","floor":14.0,"turns":5.0},{"damage":10.0,"enemies":"Hexaghost","floor":16.0,"turns":11.0},{"damage":11.0,"enemies":"2 Thieves","floor":18.0,"turns":3.0},{"damage":0.0,"enemies":"Chosen","floor":19.0,"turns":5.0},{"damage":0,"enemies":"3 Cultists","floor":22,"turns":3},{"damage":20,"enemies":"Gremlin Leader","floor":24,"turns":6},{"damage":9,"enemies":"Slavers","floor":28,"turns":4},{"damage":0,"enemies":"Automaton","floor":33,"turns":11},{"damage":11,"enemies":"3 Darklings","floor":35,"turns":3},{"damage":0,"enemies":"3 Shapes","floor":38,"turns":4},{"damage":0,"enemies":"Spire Growth","floor":39,"turns":9},{"damage":1,"enemies":"Giant Head","floor":41,"turns":8},{"damage":0,"enemies":"Mind Bloom Boss Battle","floor":42,"turns":7},{"damage":2,"enemies":"Reptomancer","floor":45,"turns":7},{"damage":0,"enemies":"4 Shapes","floor":48,"turns":6},{"damage":18,"enemies":"Time Eater","floor":50,"turns":13},{"damage":15,"enemies":"Shield and Spear","floor":54,"turns":7},{"damage":48,"enemies":"The Heart","floor":55,"turns":9}],"seed_played":"-2043711002565342719","potions_obtained":[{"floor":0.0,"key":"Poison Potion"},{"floor":0.0,"key":"EntropicBrew"},{"floor":10.0,"key":"Poison Potion"},{"floor":13.0,"key":"LiquidBronze"},{"floor":24,"key":"Strength Potion"},{"floor":35,"key":"AttackPotion"},{"floor":38,"key":"FearPotion"},{"floor":39,"key":"SpeedPotion"},{"floor":41,"key":"GamblersBrew"},{"floor":45,"key":"SpeedPotion"}],"is_trial":false,"path_per_floor":["M","M","?","?","M","R","E","R","T","E","R","M","M","E","R","B",null,"M","M","?","$","M","R","E","R","T","?","E","?","R","?","R","B",null,"M","?","$","M","M","R","E","?","T","$","E","R","?","M","R","B",null,"R","$","E","B"],"character_chosen":"THE_SILENT","items_purchased":["Membership Card","Gremlin Horn","Crippling Poison","Happy Flower","Footwork","PiercingWail","DollysMirror","GhostInAJar"],"campfire_rested":2,"item_purchase_floors":[21,21,21,37,37,44,44,53],"current_hp_per_floor":[59,59,59,59,59,59,20,39,39,37,37,37,25,25,25,15,53,42,42,42,42,42,42,22,56,56,56,47,33,33,33,33,33,33,22,22,22,22,22,22,21,33,33,33,31,31,31,31,31,15,29,29,29,14,0],"gold":51,"neow_bonus":"THREE_SMALL_POTIONS","is_prod":false,"is_daily":false,"chose_seed":false,"campfire_upgraded":9,"win_rate":0,"timestamp":1555203113,"path_taken":["M","M","?","?","M","R","E","R","T","E","R","M","M","E","R","BOSS","M","M","?","$","M","R","E","R","T","?","E","?","R","?","R","BOSS","M","?","$","M","M","R","E","?","T","$","E","R","?","M","R","BOSS","R","$","E","BOSS"],"build_version":"2019-04-04","purchased_purges":3,"victory":false,"max_hp_per_floor":[66,66,66,66,66,66,66,66,66,66,66,66,66,66,66,66,66,66,66,66,66,66,66,66,66,66,66,66,33,33,33,33,33,33,33,33,33,33,33,33,33,33,33,33,33,33,33,33,33,33,33,33,33,33,33],"card_choices":[{"not_picked":["Bane","Calculated Gamble"],"picked":"Quick Slash","floor":1.0},{"not_picked":["Setup","Distraction"],"picked":"Dagger Throw","floor":2.0},{"not_picked":["Flying Knee","Underhanded Strike"],"picked":"Well Laid Plans","floor":5.0},{"not_picked":["PiercingWail","Accuracy"],"picked":"Noxious Fumes","floor":7.0},{"not_picked":["Bullet Time","Blade Dance","Cloak And Dagger"],"picked":"SKIP","floor":10.0},{"not_picked":["Bullet Time","Blade Dance","Cloak And Dagger"],"picked":"SKIP","floor":10.0},{"not_picked":["Quick Slash","Underhanded Strike","Noxious Fumes"],"picked":"SKIP","floor":12.0},{"not_picked":["Tactician","Venomology"],"picked":"Leg Sweep","floor":13.0},{"not_picked":["Bullet Time","Bane"],"picked":"Blur","floor":14.0},{"not_picked":["Night Terror","Storm of Steel"],"picked":"Corpse Explosion","floor":16.0},{"not_picked":["Accuracy+1","Quick Slash"],"picked":"Deflect","floor":18.0},{"not_picked":["Cloak And Dagger","Distraction","Sucker Punch"],"picked":"SKIP","floor":19.0},{"not_picked":["Flying Knee","Dagger Throw"],"picked":"Catalyst","floor":22},{"not_picked":["Heel Hook","Flechettes","Poisoned Stab"],"picked":"SKIP","floor":24},{"not_picked":["Unload","Slice+1"],"picked":"Dodge and Roll+1","floor":28},{"not_picked":["Phantasmal Killer","Unload"],"picked":"Die Die Die","floor":33},{"not_picked":["Outmaneuver+1","Dodge and Roll","Flying Knee+1"],"picked":"SKIP","floor":35},{"not_picked":["Quick Slash","Dagger Spray","Deflect"],"picked":"SKIP","floor":38},{"not_picked":["Slice","Choke","Deadly Poison"],"picked":"SKIP","floor":39},{"not_picked":["Escape Plan","Flying Knee+1"],"picked":"Backflip","floor":41},{"not_picked":["Heel Hook","Well Laid Plans"],"picked":"Night Terror","floor":42},{"not_picked":["Dagger Throw","Backflip+1"],"picked":"PiercingWail","floor":45},{"not_picked":["Backflip","Outmaneuver+1"],"picked":"Calculated Gamble+1","floor":48},{"not_picked":["Expertise","Backflip","Predator"],"picked":"SKIP","floor":54}],"player_experience":2405078,"relics_obtained":[{"floor":7.0,"key":"PreservedInsect"},{"floor":9.0,"key":"Juzu Bracelet"},{"floor":10.0,"key":"FossilizedHelix"},{"floor":14.0,"key":"Bottled Lightning"},{"floor":24,"key":"Regal Pillow"},{"floor":26,"key":"Smiling Mask"},{"floor":28,"key":"Darkstone Periapt"},{"floor":41,"key":"Pantograph"},{"floor":42,"key":"Shovel"},{"floor":45,"key":"Dream Catcher"},{"floor":54,"key":"Blue Candle"}],"event_choices":[{"cards_removed":["Strike_G"],"damage_healed":0.0,"max_hp_gain":0.0,"max_hp_loss":0.0,"gold_gain":0.0,"event_name":"Living Wall","player_choice":"Forget","floor":3.0,"gold_loss":0.0,"damage_taken":0.0},{"damage_healed":0.0,"max_hp_gain":0.0,"max_hp_loss":0.0,"gold_gain":0.0,"cards_transformed":["Strike_G"],"event_name":"Transmorgrifier","player_choice":"Transformed","floor":4.0,"gold_loss":0.0,"damage_taken":0.0,"cards_obtained":["Unload"]},{"damage_healed":0.0,"max_hp_gain":0.0,"max_hp_loss":0.0,"gold_gain":0.0,"event_name":"Forgotten Altar","player_choice":"Smashed Altar","floor":20.0,"gold_loss":0.0,"damage_taken":0.0,"cards_obtained":["Decay"]},{"damage_healed":0,"gold_gain":0,"player_choice":"Simplicity","damage_taken":0,"max_hp_gain":0,"max_hp_loss":0,"event_name":"Back to Basics","floor":27,"gold_loss":0,"cards_upgraded":["Defend_G","Defend_G","Defend_G","Defend_G","Defend_G"]},{"damage_healed":0,"gold_gain":0,"player_choice":"Became a Ghost","damage_taken":0,"max_hp_gain":0,"max_hp_loss":33,"event_name":"Ghosts","floor":29,"gold_loss":0,"cards_obtained":["Ghostly","Ghostly","Ghostly"]},{"damage_healed":0,"gold_gain":50,"player_choice":"Stole From Cult","damage_taken":0,"max_hp_gain":0,"max_hp_loss":0,"event_name":"Nest","floor":31,"gold_loss":0},{"damage_healed":0,"gold_gain":0,"player_choice":"Ignored","damage_taken":0,"max_hp_gain":0,"max_hp_loss":0,"event_name":"Tomb of Lord Red Mask","floor":36,"gold_loss":0},{"damage_healed":0,"gold_gain":0,"player_choice":"Fight","damage_taken":0,"max_hp_gain":0,"max_hp_loss":0,"event_name":"MindBloom","floor":42,"gold_loss":0},{"damage_healed":0,"gold_gain":0,"player_choice":"Upgraded Two","damage_taken":0,"max_hp_gain":0,"max_hp_loss":0,"event_name":"Designer","floor":47,"gold_loss":50,"cards_upgraded":["Survivor","Dagger Throw"]}],"is_beta":true,"boss_relics":[{"not_picked":["Busted Crown","Ectoplasm"],"picked":"Astrolabe"},{"not_picked":["Snecko Eye","WristBlade"],"picked":"White Beast Statue"}],"items_purged_floors":[37,44,53],"is_endless":false,"potions_floor_spawned":[2,10,13,14,24,33,35,38,39,41,42,45,48,54],"killed_by":"The Heart","ascension_level":15}