{"gold_per_floor":[114,114,125,125,50,50,50,89,112,112,0,24,49,62,62,62],"floor_reached":16,"playtime":529,"items_purged":["Defend_G"],"score":225,"play_id":"91a9d9f4-ac00-4852-ac60-1e050ca055ef","local_time":"20190314021329","is_ascension_mode":true,"campfire_choices":[{"data":"Neutralize","floor":6,"key":"SMITH"},{"data":"Backstab","floor":10,"key":"SMITH"},{"data":"Bouncing Flask","floor":15,"key":"SMITH"}],"neow_cost":"NONE","seed_source_timestamp":54195299894183,"circlet_count":0,"master_deck":["AscendersBane","Defend_G","Defend_G","Defend_G","Defend_G","Strike_G","Strike_G","Strike_G","Strike_G","Survivor","Neutralize+1","Backstab+1","Caltrops","Bouncing Flask+1","Leg Sweep","Sucker Punch","Endless Agony","Footwork"],"relics":["Ring of the Snake","NeowsBlessing","Singing Bowl","Golden Idol","Happy Flower","Omamori"],"potions_floor_usage":[14,16],"damage_taken":[{"damage":0,"enemies":"Cultist","floor":1,"turns":1},{"damage":0,"enemies":"2 Louse","floor":3,"turns":1},{"damage":0,"enemies":"Lagavulin","floor":8,"turns":1},{"damage":0,"enemies":"Small Slimes","floor":12,"turns":3},{"damage":14,"enemies":"Exordium Wildlife","floor":13,"turns":4},{"damage":6,"enemies":"Lots of Slimes","floor":14,"turns":3},{"damage":36,"enemies":"The Guardian","floor":16,"turns":10}],"seed_played":"8800775354299775975","potions_obtained":[{"floor":1,"key":"Strength Potion"},{"floor":3,"key":"FearPotion"},{"floor":12,"key":"Dexterity Potion"}],"is_trial":false,"path_per_floor":["M","?","M","?","$","R","?","E","T","R","$","M","M","M","R","B"],"character_chosen":"THE_SILENT","items_purchased":["Leg Sweep","Sucker Punch"],"campfire_rested":0,"item_purchase_floors":[11,11],"current_hp_per_floor":[59,59,59,52,52,52,52,52,52,52,52,52,40,34,34,0],"gold":62,"neow_bonus":"THREE_ENEMY_KILL","is_prod":false,"is_daily":false,"chose_seed":false,"campfire_upgraded":3,"win_rate":0,"timestamp":1552544009,"path_taken":["M","?","?","?","$","R","?","E","T","R","$","M","?","M","R","BOSS"],"build_version":"2019-01-23","purchased_purges":1,"victory":false,"max_hp_per_floor":[66,66,66,66,66,66,60,60,60,60,60,60,62,62,62,62],"card_choices":[{"not_picked":["Deflect","Distraction"],"picked":"Backstab","floor":1},{"not_picked":["Deflect","Concentrate"],"picked":"Caltrops","floor":3},{"not_picked":["Quick Slash","Storm of Steel"],"picked":"Bouncing Flask","floor":8},{"not_picked":["Flying Knee","Underhanded Strike"],"picked":"Endless Agony","floor":12},{"not_picked":["Deadly Poison","Terror","Dagger Throw"],"picked":"Singing Bowl","floor":13},{"not_picked":["Dodge and Roll","Dagger Throw"],"picked":"Footwork","floor":14}],"player_experience":1109525,"relics_obtained":[{"floor":8,"key":"Happy Flower"},{"floor":9,"key":"Omamori"}],"event_choices":[{"damage_healed":0,"gold_gain":0,"player_choice":"Gave Potion","damage_taken":0,"relics_obtained":["Singing Bowl"],"max_hp_gain":0,"max_hp_loss":0,"event_name":"WeMeetAgain","floor":2,"gold_loss":0},{"cards_removed":["Strike_G"],"damage_healed":0,"gold_gain":0,"player_choice":"Card Removal","damage_taken":7,"max_hp_gain":0,"max_hp_loss":0,"event_name":"Golden Wing","floor":4,"gold_loss":0},{"damage_healed":0,"gold_gain":0,"player_choice":"Lose Max HP","damage_taken":0,"relics_obtained":["Golden Idol"],"max_hp_gain":0,"max_hp_loss":6,"event_name":"Golden Idol","floor":7,"gold_loss":0}],"is_beta":false,"boss_relics":[],"items_purged_floors":[5],"is_endless":false,"potions_floor_spawned":[1,3,12],"killed_by":"The Guardian","ascension_level":16}