{"path_per_floor":["M","?","?","?","T","R","?","R","T","M","M","$","M","M","R","B",null,"M","?","M","M","?","R","M","R","T","R","?","M","$","?","R","B",null,"M","?","?","?","T","R","M","M","T","M","M","R","T","M","R"],"character_chosen":"IRONCLAD","items_purchased":["Ghostly Armor","Shrug It Off"],"gold_per_floor":[110,110,60,135,135,135,135,135,135,146,156,48,67,84,84,179,179,196,196,215,232,157,157,173,173,173,173,173,192,138,38,38,139,139,159,159,159,159,159,159,175,191,191,206,219,219,219,237,237,237],"floor_reached":50,"campfire_rested":4,"playtime":1158,"current_hp_per_floor":[80,80,80,69,69,69,69,69,69,61,61,61,59,59,59,59,80,61,61,49,39,39,63,59,59,59,59,59,47,47,47,71,24,80,62,62,80,80,80,80,68,43,43,30,15,39,39,12,36,0],"items_purged":["Defend_R"],"gold":237,"score":507,"play_id":"edc2ef56-162b-41a9-8de7-68738723d883","local_time":"20180404231730","is_prod":false,"is_daily":false,"is_ascension_mode":false,"campfire_upgraded":6,"timestamp":1522898250,"path_taken":["M","?","?","?","?","R","?","R","T","M","?","$","M","M","R","BOSS","M","?","M","M","?","R","M","R","T","R","?","?","$","?","R","BOSS","M","?","?","?","?","R","M","?","T","M","?","R","?","M","R","BOSS"],"build_version":"2018-03-29v2","purchased_purges":2,"victory":false,"master_deck":["Strike_R","Strike_R","Strike_R","Strike_R","Strike_R","Bash+1","Clash+1","Twin Strike","Perfected Strike+1","Twin Strike","Twin Strike","Ghostly Armor+1","Inflame+1","Perfected Strike+1","Shrug It Off+1","J.A.X.","Pommel Strike+1","Thunderclap","Flex+1","Sword Boomerang+1"],"max_hp_per_floor":[80,80,80,80,80,80,80,80,80,80,80,80,80,80,80,80,80,80,80,80,80,80,80,80,80,80,80,80,80,80,80,80,80,80,80,80,80,80,80,80,80,80,80,80,80,80,80,80,80,80],"relics":["Philosopher\u0027s Stone"],"card_choices":[{"not_picked":["Corruption","Sword Boomerang"],"picked":"Clash","floor":1},{"not_picked":["Searing Blow","Clash"],"picked":"Twin Strike","floor":10},{"not_picked":["Power Through","Warcry"],"picked":"Perfected Strike","floor":11},{"not_picked":["Anger","Exhume"],"picked":"Twin Strike","floor":13},{"not_picked":["Headbutt","Heavy Blade"],"picked":"Twin Strike","floor":14},{"not_picked":["Armaments","Body Slam"],"picked":"Ghostly Armor","floor":18},{"not_picked":["Intimidate","Iron Wave"],"picked":"Inflame","floor":21},{"not_picked":["Second Wind","Bloodletting"],"picked":"Perfected Strike","floor":24},{"not_picked":["Iron Wave","True Grit"],"picked":"Metallicize","floor":29},{"not_picked":["Wild Strike","Burning Pact"],"picked":"Pommel Strike","floor":35},{"not_picked":["Intimidate","Feel No Pain"],"picked":"Thunderclap","floor":41},{"not_picked":["Sword Boomerang","Bloodletting"],"picked":"Flex","floor":42},{"not_picked":["Seeing Red","Battle Trance"],"picked":"Sword Boomerang","floor":44}],"player_experience":673012,"potions_floor_usage":[16,16,20,29,29,44,45],"damage_taken":[{"damage":0,"enemies":"Small Slimes","floor":1,"turns":3},{"damage":8,"enemies":"Jaw Worm","floor":10,"turns":2},{"damage":0,"enemies":"Cultist","floor":11,"turns":2},{"damage":2,"enemies":"Blue Slaver","floor":13,"turns":2},{"damage":0,"enemies":"3 Louse","floor":14,"turns":2},{"damage":0,"enemies":"Slime Boss","floor":16,"turns":3},{"damage":19,"enemies":"3 Byrds","floor":18,"turns":4},{"damage":12,"enemies":"Spheric Guardian","floor":20,"turns":3},{"damage":10,"enemies":"Cultist and Chosen","floor":21,"turns":4},{"damage":4,"enemies":"Snecko","floor":24,"turns":4},{"damage":12,"enemies":"Sentry and Sphere","floor":29,"turns":3},{"damage":47,"enemies":"Automaton","floor":33,"turns":9},{"damage":18,"enemies":"3 Darklings","floor":35,"turns":4},{"damage":12,"enemies":"Orb Walker","floor":41,"turns":2},{"damage":25,"enemies":"Maw","floor":42,"turns":5},{"damage":13,"enemies":"4 Shapes","floor":44,"turns":3},{"damage":15,"enemies":"Sphere and 2 Shapes","floor":45,"turns":3},{"damage":27,"enemies":"3 Darklings","floor":48,"turns":3},{"damage":40,"enemies":"Time Eater","floor":50,"turns":2}],"event_choices":[{"event_name":"Living Wall","player_choice":"Forget","floor":2,"damage_taken":0},{"event_name":"The Cleric","player_choice":"Card Removal","floor":3,"damage_taken":0},{"event_name":"World of Goop","player_choice":"Gather Gold","floor":4,"damage_taken":0},{"event_name":"Dead Adventurer","player_choice":"Searched \u00270\u0027 times","floor":7,"damage_taken":0},{"event_name":"Cursed Tome","player_choice":"Ignored","floor":19,"damage_taken":0},{"event_name":"Beggar","player_choice":"Gave Gold","floor":22,"damage_taken":0},{"event_name":"Vampires","player_choice":"Ignored","floor":28,"damage_taken":0},{"event_name":"Drug Dealer","player_choice":"Got JAXXED","floor":31,"damage_taken":0},{"event_name":"Bonfire Elementals","player_choice":"UNCOMMON","floor":37,"damage_taken":0},{"event_name":"Upgrade Shrine","player_choice":"Upgraded","floor":38,"damage_taken":0}],"boss_relics":[{"not_picked":["White Beast Statue","Mark of Pain","Black Star"]},{"not_picked":["White Beast Statue","Mark of Pain","Black Star"]}],"potions_floor_spawned":[11,13,16,18,24,41,44],"seed_played":"-2906416673444900269","killed_by":"Time Eater","ascension_level":0,"is_trial":false}