{"gold_per_floor":[364,51,51,11,25,25,59,59,59,59,59,59,91,106,106,209,209,228,241,251,11,11,38,68,68,95,95,95,95,145,175,175,271,271,286,303,321,321,337,337,337],"floor_reached":41,"playtime":2055,"items_purged":[],"score":634,"play_id":"8ebff3b4-fbfc-4758-b2ed-bc87747bd91b","local_time":"20190313210933","is_ascension_mode":true,"campfire_choices":[{"data":"Zap","floor":6,"key":"SMITH"},{"data":"Dualcast","floor":8,"key":"SMITH"},{"data":"Loop","floor":10,"key":"SMITH"},{"data":"Steam","floor":12,"key":"SMITH"},{"floor":15,"key":"REST"},{"data":"Static Discharge","floor":27,"key":"SMITH"}],"neow_cost":"PERCENT_DAMAGE","seed_source_timestamp":34429554260941,"circlet_count":0,"master_deck":["Defend_B+1","Defend_B+1","Defend_B+1","Zap+1","Dualcast+1","Steam+1","Sunder+1","Loop+1","FTL+1","Doom and Gloom+1","Rebound+1","Rainbow+1","Chaos+1","Melter+1","Hologram+1","Static Discharge+1","Stack+1","Bite+1","Bite+1","Bite+1","Bite+1","Bite+1","Auto Shields+1","Double Energy+1","Fission+1","Tempest+1"],"relics":["Cracked Core","Molten Egg 2","Emotion Chip","Blue Candle","Toxic Egg 2","Coffee Dripper","Oddly Smooth Stone","Regal Pillow","Red Mask","Lantern","The Courier","White Beast Statue"],"potions_floor_usage":[5,7,16,18,19,23,33,37,39,41,41],"damage_taken":[{"damage":2,"enemies":"2 Louse","floor":1,"turns":4},{"damage":0,"enemies":"Small Slimes","floor":5,"turns":2},{"damage":10,"enemies":"3 Sentries","floor":7,"turns":3},{"damage":2,"enemies":"Lagavulin","floor":13,"turns":5},{"damage":0,"enemies":"Cultist","floor":14,"turns":2},{"damage":31,"enemies":"Hexaghost","floor":16,"turns":7},{"damage":17,"enemies":"Shell Parasite","floor":18,"turns":4},{"damage":0,"enemies":"3 Byrds","floor":19,"turns":2},{"damage":12,"enemies":"Snake Plant","floor":20,"turns":3},{"damage":29,"enemies":"Gremlin Leader","floor":23,"turns":7},{"damage":24,"enemies":"Masked Bandits","floor":24,"turns":3},{"damage":23,"enemies":"Colosseum Slavers","floor":25,"turns":4},{"damage":5,"enemies":"Book of Stabbing","floor":31,"turns":5},{"damage":80,"enemies":"Collector","floor":33,"turns":9},{"damage":22,"enemies":"3 Darklings","floor":35,"turns":5},{"damage":3,"enemies":"Orb Walker","floor":36,"turns":2},{"damage":0,"enemies":"Maw","floor":37,"turns":8},{"damage":11,"enemies":"Jaw Worm Horde","floor":39,"turns":2},{"damage":58,"enemies":"Nemesis","floor":41,"turns":3}],"seed_played":"-4950648890992850719","potions_obtained":[{"floor":4,"key":"FairyPotion"},{"floor":4,"key":"AttackPotion"},{"floor":4,"key":"SkillPotion"},{"floor":5,"key":"Strength Potion"},{"floor":7,"key":"Weak Potion"},{"floor":18,"key":"LiquidBronze"},{"floor":20,"key":"Swift Potion"},{"floor":31,"key":"Regen Potion"},{"floor":33,"key":"Ancient Potion"},{"floor":35,"key":"LiquidBronze"},{"floor":36,"key":"Block Potion"},{"floor":37,"key":"SteroidPotion"},{"floor":39,"key":"SpeedPotion"}],"is_trial":false,"path_per_floor":["M","$","?","?","M","R","E","R","T","R","?","R","E","M","R","B",null,"M","M","M","$","?","E","?","?","T","R","?","R","?","E","R","B",null,"M","M","M","?","M","R","E"],"character_chosen":"DEFECT","items_purchased":["Molten Egg 2","Sunder+1","Oddly Smooth Stone","Static Discharge","Stack+1"],"campfire_rested":1,"item_purchase_floors":[2,2,21,21,21],"current_hp_per_floor":[48,48,41,41,41,41,31,31,31,31,31,31,29,29,51,20,61,44,44,32,32,32,24,6,4,4,4,4,4,4,11,11,17,43,30,39,52,52,47,47,0],"gold":337,"neow_bonus":"TWO_FIFTY_GOLD","is_prod":false,"is_daily":false,"chose_seed":false,"campfire_upgraded":5,"win_rate":0,"timestamp":1552525773,"path_taken":["M","$","?","?","?","R","E","R","T","R","?","R","E","M","R","BOSS","M","M","M","$","?","E","?","?","T","R","?","R","?","E","R","BOSS","M","?","?","?","M","R","E"],"build_version":"2019-01-23","purchased_purges":0,"victory":false,"max_hp_per_floor":[75,75,75,75,75,75,75,75,75,75,75,75,75,75,75,75,75,75,75,75,75,52,52,52,52,52,52,52,52,52,52,52,52,52,52,52,52,52,52,52,52],"card_choices":[{"not_picked":["Streamline","Compile Driver"],"picked":"Steam","floor":1},{"not_picked":["Redo","Steam Power"],"picked":"Loop","floor":5},{"not_picked":["Stack","Creative AI"],"picked":"FTL+1","floor":7},{"not_picked":["Sweeping Beam+1","Static Discharge"],"picked":"Doom and Gloom+1","floor":13},{"not_picked":["Cold Snap+1","Redo+1"],"picked":"Rebound+1","floor":14},{"not_picked":["Hyperbeam+1","Biased Cognition"],"picked":"Rainbow+1","floor":16},{"not_picked":["Turbo+1","Rebound+1"],"picked":"Chaos+1","floor":18},{"not_picked":["Conserve Battery+1","Fusion+1"],"picked":"Melter+1","floor":19},{"not_picked":["Cold Snap+1","Sweeping Beam+1"],"picked":"Hologram+1","floor":20},{"not_picked":["Leap+1","Stack+1","Streamline+1"],"picked":"SKIP","floor":23},{"not_picked":["Redo+1","Stack+1"],"picked":"Auto Shields+1","floor":24},{"not_picked":["Go for the Eyes+1","Recycle+1"],"picked":"Double Energy+1","floor":31},{"not_picked":["Machine Learning","Amplify+1"],"picked":"Fission+1","floor":33},{"not_picked":["Rebound+1","Recycle+1","Sweeping Beam+1"],"picked":"SKIP","floor":35},{"not_picked":["Ball Lightning+1","Sweeping Beam+1","Melter+1"],"picked":"SKIP","floor":36},{"not_picked":["Melter+1","Reprogram+1"],"picked":"Tempest+1","floor":37},{"not_picked":["Redo+1","Doom and Gloom+1","Beam Cell+1"],"picked":"SKIP","floor":39}],"player_experience":1096529,"relics_obtained":[{"floor":7,"key":"Emotion Chip"},{"floor":9,"key":"Blue Candle"},{"floor":13,"key":"Toxic Egg 2"},{"floor":23,"key":"Regal Pillow"},{"floor":24,"key":"Red Mask"},{"floor":26,"key":"Lantern"},{"floor":31,"key":"The Courier"}],"event_choices":[{"cards_removed":["Strike_B"],"damage_healed":0,"gold_gain":0,"player_choice":"Card Removal","damage_taken":7,"max_hp_gain":0,"max_hp_loss":0,"event_name":"Golden Wing","floor":3,"gold_loss":0},{"damage_healed":0,"gold_gain":0,"player_choice":"Bought 3 Potions","damage_taken":0,"max_hp_gain":0,"max_hp_loss":0,"event_name":"The Woman in Blue","floor":4,"gold_loss":0},{"cards_removed":["Strike_B"],"damage_healed":0,"gold_gain":0,"player_choice":"Offered Basic","damage_taken":0,"max_hp_gain":0,"max_hp_loss":0,"event_name":"Bonfire Elementals","floor":11,"gold_loss":0},{"damage_healed":0,"gold_gain":0,"player_choice":"Became a vampire","damage_taken":0,"max_hp_gain":0,"max_hp_loss":23,"event_name":"Vampires","floor":22,"gold_loss":0,"cards_obtained":["Bite","Bite","Bite","Bite","Bite"]},{"damage_healed":0,"gold_gain":0,"player_choice":"Fought Bandits","damage_taken":0,"max_hp_gain":0,"max_hp_loss":0,"event_name":"Masked Bandits","floor":24,"gold_loss":0},{"damage_healed":0,"gold_gain":0,"player_choice":"Fight","damage_taken":0,"max_hp_gain":0,"max_hp_loss":0,"event_name":"Colosseum","floor":25,"gold_loss":0},{"damage_healed":0,"gold_gain":0,"player_choice":"Fled From Nobs","damage_taken":0,"max_hp_gain":0,"max_hp_loss":0,"event_name":"Colosseum","floor":25,"gold_loss":0},{"damage_healed":0,"gold_gain":0,"player_choice":"Simplicity","damage_taken":0,"max_hp_gain":0,"max_hp_loss":0,"event_name":"Back to Basics","floor":28,"gold_loss":0,"cards_upgraded":["Defend_B","Defend_B","Defend_B","Defend_B"]},{"damage_healed":0,"gold_gain":100,"player_choice":"Bet on Murderer","damage_taken":0,"max_hp_gain":0,"max_hp_loss":0,"event_name":"The Joust","floor":30,"gold_loss":50},{"cards_removed":["Defend_B"],"damage_healed":0,"gold_gain":0,"player_choice":"Card Removal","damage_taken":0,"max_hp_gain":0,"max_hp_loss":0,"event_name":"Wheel of Change","floor":38,"gold_loss":0}],"is_beta":false,"boss_relics":[{"not_picked":["Fusion Hammer","Sozu"],"picked":"Coffee Dripper"},{"not_picked":["Calling Bell","Busted Crown"],"picked":"White Beast Statue"}],"items_purged_floors":[],"is_endless":false,"potions_floor_spawned":[5,7,18,20,25,31,33,35,36,37,39],"killed_by":"Nemesis","ascension_level":8}