{"gold_per_floor":[110,122,138,152,152,192,192,192,192,227,227,327,352,392,392,392],"floor_reached":16,"playtime":577,"items_purged":[],"score":207,"play_id":"2e7df013-8052-487f-82bf-29d1ffc5af70","local_time":"20180817184718","is_ascension_mode":true,"campfire_choices":[{"floor":8,"key":"REST"},{"data":"Rampage","floor":11,"key":"SMITH"},{"data":"Inflame","floor":15,"key":"SMITH"}],"neow_cost":"NONE","seed_source_timestamp":212241857877962,"circlet_count":0,"master_deck":["Strike_R","Strike_R","Strike_R","Strike_R","Defend_R","Defend_R","Defend_R","Defend_R","Bash","AscendersBane","Thunderclap","Inflame+1","Headbutt","Wild Strike","Injury","Rampage+1","Wild Strike","Headbutt"],"relics":["Burning Blood","Golden Idol","Omamori","Bottled Flame","Calipers","Red Skull","Blood Vial"],"potions_floor_usage":[16],"damage_taken":[{"damage":8,"enemies":"Jaw Worm","floor":1,"turns":6},{"damage":5,"enemies":"2 Louse","floor":2,"turns":3},{"damage":4,"enemies":"Small Slimes","floor":3,"turns":3},{"damage":11,"enemies":"Blue Slaver","floor":4,"turns":5},{"damage":50,"enemies":"Lagavulin","floor":6,"turns":8},{"damage":20,"enemies":"Gremlin Nob","floor":10,"turns":4},{"damage":25,"enemies":"Lagavulin","floor":14,"turns":5},{"damage":13,"enemies":"Slime Boss","floor":16,"turns":5}],"seed_played":"-3296501554192238818","potions_obtained":[{"floor":10,"key":"LiquidBronze"},{"floor":14,"key":"Poison Potion"}],"is_trial":false,"path_per_floor":["M","M","M","M","?","E","?","R","T","E","R","?","T","E","R"],"character_chosen":"IRONCLAD","items_purchased":[],"campfire_rested":1,"item_purchase_floors":[],"current_hp_per_floor":[66,67,69,64,64,20,20,42,42,28,28,28,28,9,9,0],"gold":392,"neow_bonus":"REMOVE_CARD","is_prod":false,"is_daily":false,"chose_seed":false,"campfire_upgraded":2,"win_rate":0,"timestamp":1534546038,"path_taken":["M","M","M","M","?","E","?","R","T","E","R","?","?","E","R","BOSS"],"build_version":"2018-08-16","purchased_purges":0,"victory":false,"max_hp_per_floor":[75,75,75,75,75,75,75,75,75,75,75,75,75,75,75,75],"card_choices":[{"not_picked":["Body Slam","Wild Strike"],"picked":"Thunderclap","floor":1},{"not_picked":["Dual Wield","Iron Wave"],"picked":"Inflame","floor":2},{"not_picked":["Sever Soul","Combust"],"picked":"Headbutt","floor":3},{"not_picked":["Iron Wave","Warcry"],"picked":"Wild Strike","floor":4},{"not_picked":["Flex","True Grit"],"picked":"Rampage","floor":6},{"not_picked":["Sentinel","Searing Blow"],"picked":"Wild Strike","floor":10},{"not_picked":["Twin Strike","Rupture"],"picked":"Headbutt","floor":14}],"player_experience":962400,"relics_obtained":[{"floor":6,"key":"Omamori"},{"floor":9,"key":"Bottled Flame"},{"floor":10,"key":"Calipers"},{"floor":13,"key":"Red Skull"},{"floor":14,"key":"Blood Vial"}],"event_choices":[{"event_name":"Golden Idol","player_choice":"Take Wound","floor":5,"damage_taken":0},{"event_name":"Shining Light","player_choice":"Ignored","floor":7,"damage_taken":0},{"event_name":"Wheel of Change","player_choice":"Gold","floor":12,"damage_taken":0}],"is_beta":false,"boss_relics":[],"items_purged_floors":[],"is_endless":false,"potions_floor_spawned":[10,14],"killed_by":"Slime Boss","ascension_level":15}