{"gold_per_floor":[114,126,301,301,312,312,322,322,391,30,64,76,88,122,134,244,256,279,291,314,326],"floor_reached":21,"playtime":1119,"items_purged":["Regret"],"score":266,"play_id":"3b6b4dfa-f270-48c2-9eca-2afbf58266bf","local_time":"20180915232707","is_ascension_mode":true,"campfire_choices":[{"floor":6,"key":"REST"},{"floor":12,"key":"REST"},{"floor":15,"key":"REST"}],"neow_cost":"CURSE","seed_source_timestamp":792343353231609,"circlet_count":0,"master_deck":["Strike_B+1","Strike_B+1","Strike_B+1","Defend_B+1","Defend_B+1","Defend_B+1","Defend_B+1","AscendersBane","Hyperbeam","Hello World","Heatsinks","Leap","Secret Weapon","Leap","Sweeping Beam","Double Energy","Fission","FTL+1","Biased Cognition+1","Machine Learning+1","Stack","Hologram"],"relics":["Cracked Core","Potion Belt","Mercury Hourglass","MawBank","Odd Mushroom","Astrolabe"],"potions_floor_usage":[16],"damage_taken":[{"damage":4,"enemies":"Jaw Worm","floor":1,"turns":3},{"damage":7,"enemies":"Small Slimes","floor":2,"turns":3},{"damage":0,"enemies":"Cultist","floor":5,"turns":3},{"damage":12,"enemies":"Large Slime","floor":7,"turns":4},{"damage":31,"enemies":"Gremlin Nob","floor":11,"turns":4},{"damage":0,"enemies":"The Mushroom Lair","floor":14,"turns":1},{"damage":23,"enemies":"Slime Boss","floor":16,"turns":8},{"damage":18,"enemies":"Spheric Guardian","floor":18,"turns":4},{"damage":28,"enemies":"2 Thieves","floor":20,"turns":4},{"damage":29,"enemies":"Centurion and Healer","floor":21,"turns":4}],"seed_played":"-3525695367897629245","potions_obtained":[{"floor":2,"key":"LiquidBronze"},{"floor":14,"key":"SpeedPotion"},{"floor":18,"key":"PowerPotion"},{"floor":20,"key":"SpeedPotion"}],"is_trial":false,"path_per_floor":["M","M","?","?","M","R","M","?","T","$","E","R","?","?","R","B",null,"M","?","M"],"character_chosen":"DEFECT","items_purchased":["Secret Weapon","Leap","Sweeping Beam"],"campfire_rested":3,"item_purchase_floors":[10,10,10],"current_hp_per_floor":[64,57,57,32,32,54,42,42,42,42,11,33,33,33,55,32,64,46,46,18,0],"gold":326,"neow_bonus":"THREE_RARE_CARDS","is_prod":false,"is_daily":false,"chose_seed":false,"campfire_upgraded":0,"win_rate":0,"timestamp":1537068427,"path_taken":["M","M","?","?","?","R","M","?","T","$","E","R","?","?","R","BOSS","M","?","M","?"],"build_version":"2018-09-06","purchased_purges":1,"victory":false,"max_hp_per_floor":[75,75,75,75,75,75,75,75,75,75,75,75,75,75,75,75,75,75,75,75,75],"card_choices":[{"not_picked":["Machine Learning","Electrodynamics"],"picked":"Hyperbeam","floor":0},{"not_picked":["Cold Snap","Compile Driver","Barrage"],"picked":"SKIP","floor":1},{"not_picked":["Doom and Gloom","Ball Lightning"],"picked":"Hello World","floor":2},{"not_picked":["Scrape","Coolheaded"],"picked":"Heatsinks","floor":5},{"not_picked":["Sunder","Hologram"],"picked":"Leap","floor":7},{"not_picked":["Redo","Consume","Rainbow"],"picked":"SKIP","floor":11},{"not_picked":["Ball Lightning","Coolheaded"],"picked":"Double Energy","floor":14},{"not_picked":["Multi-Cast","Thunder Strike"],"picked":"Fission","floor":16},{"not_picked":["Cold Snap+1","Ball Lightning"],"picked":"Stack","floor":18},{"not_picked":["Heatsinks+1","Consume+1"],"picked":"Hologram","floor":20}],"player_experience":440249,"relics_obtained":[{"floor":9,"key":"Mercury Hourglass"},{"floor":11,"key":"MawBank"},{"floor":14,"key":"Odd Mushroom"}],"event_choices":[{"event_name":"Liars Game","player_choice":"agreed","floor":3,"damage_taken":0},{"event_name":"Scrap Ooze","player_choice":"success","floor":4,"damage_taken":25},{"event_name":"Living Wall","player_choice":"Forget","floor":8,"damage_taken":0},{"event_name":"Shining Light","player_choice":"Ignored","floor":13,"damage_taken":0},{"event_name":"Mushrooms","player_choice":"Fought Mushrooms","floor":14,"damage_taken":0},{"event_name":"Back to Basics","player_choice":"Simplicity","floor":19,"damage_taken":0}],"is_beta":false,"boss_relics":[{"not_picked":["Orrery","Sozu"],"picked":"Astrolabe"}],"items_purged_floors":[10],"is_endless":false,"potions_floor_spawned":[2,14,18,20],"killed_by":"Centurion and Healer","ascension_level":10}