{"gold_per_floor":[216,181,196,26,41,41,68,148,226,259,277,312,327,362,362,434,434,451,464,464,3,3,3,28,28,28,56,56,56],"floor_reached":29,"playtime":1114,"items_purged":[],"score":578,"play_id":"bef38ecd-079f-4ee6-b296-50a8376b76bc","local_time":"20190426191443","is_ascension_mode":true,"campfire_choices":[{"data":"Barrage","floor":6,"key":"SMITH"},{"floor":15,"key":"REST"},{"data":"Defragment","floor":23,"key":"SMITH"},{"floor":25,"key":"REST"}],"neow_cost":"NONE","seed_source_timestamp":349532802026541,"circlet_count":0,"master_deck":["AscendersBane","Strike_B+1","Strike_B+1","Strike_B+1","Strike_B+1","Defend_B+1","Defend_B+1","Defend_B+1","Defend_B+1","Zap","Dualcast","Ball Lightning","Capacitor","Defragment","Cold Snap","Barrage+1","Compile Driver","Doom and Gloom","Cold Snap","Go for the Eyes","Undo","Seek","Ball Lightning","Echo Form","Coolheaded","Defragment+1","Hologram","Capacitor","Cold Snap","Consume+1"],"relics":["Cracked Core","Strawberry","Cables","Omamori","Shovel","Shuriken","Philosopher\u0027s Stone","Bottled Lightning","Dream Catcher","Toxic Egg 2","Gremlin Horn"],"potions_floor_usage":[10,10,12,16,19,29,29],"damage_taken":[{"damage":9,"enemies":"Jaw Worm","floor":1,"turns":5},{"damage":0,"enemies":"Small Slimes","floor":3,"turns":2},{"damage":0,"enemies":"2 Louse","floor":5,"turns":2},{"damage":29,"enemies":"Gremlin Nob","floor":7,"turns":4},{"damage":13,"enemies":"3 Sentries","floor":10,"turns":4},{"damage":6,"enemies":"Looter","floor":11,"turns":2},{"damage":3,"enemies":"Gremlin Nob","floor":12,"turns":3},{"damage":27,"enemies":"Gremlin Gang","floor":13,"turns":4},{"damage":11,"enemies":"Lagavulin","floor":14,"turns":7},{"damage":13,"enemies":"Slime Boss","floor":16,"turns":5},{"damage":22,"enemies":"2 Thieves","floor":18,"turns":3},{"damage":4,"enemies":"Shell Parasite","floor":19,"turns":4},{"damage":26,"enemies":"Gremlin Leader","floor":24,"turns":6},{"damage":46,"enemies":"Book of Stabbing","floor":27,"turns":5},{"damage":8,"enemies":"Shelled Parasite and Fungi","floor":29,"turns":1}],"seed_played":"-372009985266930888","potions_obtained":[{"floor":1,"key":"Regen Potion"},{"floor":3,"key":"Energy Potion"},{"floor":10,"key":"Poison Potion"},{"floor":14,"key":"FocusPotion"},{"floor":16,"key":"AttackPotion"},{"floor":27,"key":"Fruit Juice"}],"is_trial":false,"path_per_floor":["M","?","M","$","M","R","E","?","T","E","M","E","M","E","R","B",null,"M","M","?","$","?","R","E","R","T","E","?","M"],"character_chosen":"DEFECT","items_purchased":["Defragment","Cold Snap","Barrage","Bottled Lightning","Defragment","Hologram","Dexterity Potion"],"campfire_rested":2,"item_purchase_floors":[4,4,4,21,21,21,21],"current_hp_per_floor":[55,71,71,71,71,71,49,49,49,48,42,39,12,1,24,11,61,39,35,51,51,51,51,25,48,48,2,2,0],"gold":56,"neow_bonus":"HUNDRED_GOLD","is_prod":false,"is_daily":false,"chose_seed":false,"campfire_upgraded":2,"win_rate":0,"timestamp":1556320483,"path_taken":["M","?","M","$","M","R","E","?","T","E","M","E","M","E","R","BOSS","M","M","?","$","?","R","E","R","T","E","?","?"],"build_version":"2019-01-23","purchased_purges":0,"victory":false,"max_hp_per_floor":[71,71,71,71,71,71,78,78,78,78,78,78,78,78,78,78,78,78,78,78,78,78,78,78,78,78,78,78,83],"card_choices":[{"not_picked":["Blizzard","Loop"],"picked":"Ball Lightning","floor":1},{"not_picked":["Melter","Stack"],"picked":"Capacitor","floor":3},{"not_picked":["Auto Shields","Conserve Battery"],"picked":"Compile Driver","floor":5},{"not_picked":["Coolheaded","Rebound"],"picked":"Doom and Gloom","floor":7},{"not_picked":["Static Discharge","Turbo"],"picked":"Cold Snap","floor":10},{"not_picked":["Sweeping Beam","Barrage"],"picked":"Go for the Eyes","floor":11},{"not_picked":["Consume","Turbo"],"picked":"Undo","floor":12},{"not_picked":["Coolheaded","Rebound"],"picked":"Seek","floor":13},{"not_picked":["Go for the Eyes","Turbo"],"picked":"Ball Lightning","floor":14},{"not_picked":["Biased Cognition","Meteor Strike"],"picked":"Echo Form","floor":16},{"not_picked":["Gash","Aggregate"],"picked":"Coolheaded","floor":18},{"not_picked":["Barrage","Sunder","Blizzard"],"picked":"SKIP","floor":19},{"not_picked":["Steam","Skim"],"picked":"Capacitor","floor":24},{"not_picked":["Chaos","Turbo"],"picked":"Cold Snap","floor":25},{"not_picked":["Hologram+1","FTL+1"],"picked":"Consume+1","floor":27}],"player_experience":1966475,"relics_obtained":[{"floor":7,"key":"Strawberry"},{"floor":9,"key":"Cables"},{"floor":10,"key":"Omamori"},{"floor":12,"key":"Shovel"},{"floor":14,"key":"Shuriken"},{"floor":24,"key":"Dream Catcher"},{"floor":26,"key":"Toxic Egg 2"},{"floor":27,"key":"Gremlin Horn"}],"event_choices":[{"damage_healed":17,"gold_gain":0,"player_choice":"Healed","damage_taken":0,"max_hp_gain":0,"max_hp_loss":0,"event_name":"The Cleric","floor":2,"gold_loss":35},{"damage_healed":0,"gold_gain":80,"player_choice":"Gained Gold","damage_taken":0,"max_hp_gain":0,"max_hp_loss":0,"event_name":"Golden Wing","floor":8,"gold_loss":0},{"damage_healed":16,"gold_gain":0,"player_choice":"Heal","damage_taken":0,"max_hp_gain":0,"max_hp_loss":0,"event_name":"The Library","floor":20,"gold_loss":0},{"damage_healed":0,"gold_gain":0,"player_choice":"Simplicity","damage_taken":0,"max_hp_gain":0,"max_hp_loss":0,"event_name":"Back to Basics","floor":22,"gold_loss":0,"cards_upgraded":["Strike_B","Strike_B","Strike_B","Strike_B","Defend_B","Defend_B","Defend_B","Defend_B"]},{"damage_healed":0,"gold_gain":0,"player_choice":"Smashed Altar","damage_taken":0,"max_hp_gain":0,"max_hp_loss":0,"event_name":"Forgotten Altar","floor":28,"gold_loss":0,"cards_obtained":["Decay"]}],"is_beta":false,"boss_relics":[{"not_picked":["Runic Pyramid","Lizard Tail"],"picked":"Philosopher\u0027s Stone"}],"items_purged_floors":[],"is_endless":false,"potions_floor_spawned":[1,3,10,14,16,27],"killed_by":"Shelled Parasite and Fungi","ascension_level":20}