{"gold_per_floor":[119,132,15,15,90,118,118,118,118,118],"floor_reached":10,"playtime":287,"items_purged":[],"score":128,"play_id":"cbd41da5-4360-401d-a9cc-32567de12345","local_time":"20190405140109","is_ascension_mode":true,"campfire_choices":[{"data":"Whirlwind","floor":8,"key":"SMITH"}],"neow_cost":"NONE","seed_source_timestamp":359484261976902,"circlet_count":0,"master_deck":["AscendersBane","Strike_R","Strike_R","Strike_R","Strike_R","Strike_R","Defend_R","Defend_R","Defend_R","Defend_R","Bash","Impervious","Headbutt","Anger","Combust+1","Rampage","Whirlwind+1"],"relics":["Burning Blood","Bag of Marbles","Question Card"],"potions_floor_usage":[6],"damage_taken":[{"damage":12,"enemies":"Jaw Worm","floor":1,"turns":3},{"damage":3,"enemies":"2 Louse","floor":2,"turns":4},{"damage":46,"enemies":"Lagavulin","floor":6,"turns":7},{"damage":12,"enemies":"3 Sentries","floor":10,"turns":2}],"seed_played":"-6390892005488351817","potions_obtained":[{"floor":2,"key":"Swift Potion"}],"is_trial":false,"path_per_floor":["M","M","$","?","?","E","?","R","T","E"],"character_chosen":"IRONCLAD","items_purchased":["Combust","Rampage"],"campfire_rested":0,"item_purchase_floors":[3,3],"current_hp_per_floor":[62,65,65,65,54,14,3,3,3,0],"gold":118,"neow_bonus":"ONE_RANDOM_RARE_CARD","is_prod":false,"is_daily":false,"chose_seed":false,"campfire_upgraded":1,"win_rate":0,"timestamp":1554487269,"path_taken":["M","M","$","?","?","E","?","R","T","E"],"build_version":"2019-01-23","purchased_purges":0,"victory":false,"max_hp_per_floor":[75,75,75,75,75,75,75,75,75,75],"card_choices":[{"not_picked":["Rupture","Perfected Strike"],"picked":"Headbutt","floor":1},{"not_picked":["Body Slam","Headbutt"],"picked":"Anger","floor":2},{"not_picked":["Sword Boomerang","Iron Wave"],"picked":"Whirlwind","floor":6}],"player_experience":1618711,"relics_obtained":[{"floor":6,"key":"Bag of Marbles"},{"floor":9,"key":"Question Card"}],"event_choices":[{"damage_healed":0,"gold_gain":0,"player_choice":"Grow","damage_taken":0,"max_hp_gain":0,"max_hp_loss":0,"event_name":"Living Wall","floor":4,"gold_loss":0,"cards_upgraded":["Combust"]},{"damage_healed":0,"gold_gain":75,"player_choice":"Gather Gold","damage_taken":11,"max_hp_gain":0,"max_hp_loss":0,"event_name":"World of Goop","floor":5,"gold_loss":0},{"damage_healed":0,"gold_gain":0,"player_choice":"Fled","damage_taken":11,"max_hp_gain":0,"max_hp_loss":0,"event_name":"Scrap Ooze","floor":7,"gold_loss":0}],"is_beta":false,"boss_relics":[],"items_purged_floors":[],"is_endless":false,"potions_floor_spawned":[2],"killed_by":"3 Sentries","ascension_level":20}