{"gold_per_floor":[116,116,116,0,13,13,29,29,29,44,79,97,97,117,117,117],"floor_reached":16,"playtime":674,"items_purged":[],"score":189,"play_id":"cc0f7594-8637-4989-83a2-548ca44dbb3f","local_time":"20190313115921","is_ascension_mode":true,"campfire_choices":[{"data":"Armaments","floor":6,"key":"SMITH"},{"data":"Intimidate","floor":8,"key":"SMITH"},{"data":"Anger","floor":13,"key":"SMITH"},{"data":"Battle Trance","floor":15,"key":"SMITH"}],"neow_cost":"NONE","seed_source_timestamp":0,"circlet_count":0,"master_deck":["AscendersBane","Strike_R","Strike_R","Strike_R","Strike_R","Strike_R","Defend_R","Defend_R","Defend_R","Defend_R","Bash+1","Combust+1","Rupture","Intimidate+1","Armaments+1","Battle Trance+1","Infernal Blade","Anger+1","Twin Strike"],"special_seed":0,"relics":["Burning Blood","Golden Idol","Bottled Flame","Bag of Marbles"],"potions_floor_usage":[5,10,12,14],"damage_taken":[{"damage":23.0,"enemies":"Jaw Worm","floor":1.0,"turns":6.0},{"damage":1,"enemies":"Cultist","floor":5,"turns":3},{"damage":2,"enemies":"2 Louse","floor":7,"turns":3},{"damage":8,"enemies":"Looter","floor":10,"turns":4},{"damage":25,"enemies":"3 Sentries","floor":11,"turns":6},{"damage":9,"enemies":"Exordium Thugs","floor":12,"turns":3},{"damage":0,"enemies":"Lots of Slimes","floor":14,"turns":2},{"damage":16,"enemies":"The Guardian","floor":16,"turns":9}],"seed_played":"-1617102593927209162","potions_obtained":[{"floor":1.0,"key":"SneckoOil"},{"floor":5,"key":"Weak Potion"},{"floor":11,"key":"LiquidBronze"},{"floor":12,"key":"Explosive Potion"}],"is_trial":false,"path_per_floor":["M","?","?","$","M","R","M","R","T","M","E","M","R","M","R","B"],"character_chosen":"IRONCLAD","items_purchased":["Rupture","Intimidate"],"campfire_rested":0,"item_purchase_floors":[4,4],"current_hp_per_floor":[51,25,25,25,30,30,34,34,34,32,13,10,10,16,16,0],"gold":117,"neow_bonus":"UPGRADE_CARD","is_prod":false,"is_daily":false,"chose_seed":false,"campfire_upgraded":4,"win_rate":0,"timestamp":1552492761,"path_taken":["M","?","?","?","M","R","M","R","T","M","E","M","R","?","R","BOSS"],"build_version":"2019-01-23","purchased_purges":0,"victory":false,"max_hp_per_floor":[75,75,75,75,75,75,75,75,75,75,75,75,75,75,75,75],"card_choices":[{"not_picked":["Sever Soul","Havoc"],"picked":"Combust","floor":1.0},{"not_picked":["Body Slam","Clothesline"],"picked":"Armaments","floor":5},{"not_picked":["Ghostly Armor","Shrug It Off"],"picked":"Battle Trance","floor":7},{"not_picked":["Body Slam","Seeing Red"],"picked":"Infernal Blade","floor":10},{"not_picked":["Exhume","Sever Soul"],"picked":"Anger","floor":11},{"not_picked":["Pommel Strike","Havoc"],"picked":"Twin Strike","floor":12},{"not_picked":["Cleave","Shrug It Off","Anger"],"picked":"SKIP","floor":14}],"player_experience":1075162,"relics_obtained":[{"floor":9,"key":"Bottled Flame"},{"floor":11,"key":"Bag of Marbles"}],"event_choices":[{"damage_healed":0.0,"max_hp_gain":0.0,"max_hp_loss":0.0,"gold_gain":0.0,"event_name":"Golden Idol","player_choice":"Take Damage","floor":2.0,"gold_loss":0.0,"damage_taken":26.0,"relics_obtained":["Golden Idol"]},{"damage_healed":0,"gold_gain":0,"player_choice":"Grow","damage_taken":0,"max_hp_gain":0,"max_hp_loss":0,"event_name":"Living Wall","floor":3,"gold_loss":0,"cards_upgraded":["Combust"]}],"is_beta":false,"boss_relics":[],"items_purged_floors":[],"is_endless":false,"potions_floor_spawned":[1,5,11,12],"killed_by":"The Guardian","ascension_level":17}