{"gold_per_floor":[109,127,2,2,19,54,54,69,124,124],"floor_reached":10,"playtime":450,"items_purged":["Strike_G"],"score":136,"play_id":"d80d71f7-ae34-4eea-9b95-138eb2e8f249","local_time":"20190508141401","is_ascension_mode":true,"campfire_choices":[{"data":"Cloak And Dagger","floor":7.0,"key":"SMITH"}],"neow_cost":"NONE","seed_source_timestamp":1368913404352163,"circlet_count":0,"master_deck":["AscendersBane","Defend_G","Defend_G","Defend_G","Defend_G","Defend_G","Strike_G","Strike_G","Strike_G","Strike_G","Survivor","Neutralize+1","Dagger Throw","Dagger Throw","Cloak And Dagger+1","Underhanded Strike","Tools of the Trade","Acrobatics"],"special_seed":0,"relics":["Sozu","Pear","Omamori"],"potions_floor_usage":[],"damage_taken":[{"damage":0.0,"enemies":"Cultist","floor":1.0,"turns":6.0},{"damage":2.0,"enemies":"Jaw Worm","floor":2.0,"turns":3.0},{"damage":0.0,"enemies":"Small Slimes","floor":5.0,"turns":4.0},{"damage":21.0,"enemies":"3 Sentries","floor":6.0,"turns":9.0},{"damage":4.0,"enemies":"3 Louse","floor":8.0,"turns":4.0},{"damage":62,"enemies":"Gremlin Nob","floor":10,"turns":4}],"seed_played":"-3520711834026928694","potions_obtained":[],"is_trial":false,"path_per_floor":["M","M","$","?","M","E","R","M","T","E"],"character_chosen":"THE_SILENT","items_purchased":["Cloak And Dagger"],"campfire_rested":0,"item_purchase_floors":[3],"current_hp_per_floor":[59,57,57,57,57,46,46,42,42,0],"gold":124,"neow_bonus":"BOSS_RELIC","is_prod":false,"is_daily":false,"chose_seed":false,"campfire_upgraded":1,"win_rate":0,"timestamp":1557339241,"path_taken":["M","M","$","?","M","E","R","M","T","E"],"build_version":"2019-01-23","purchased_purges":1,"victory":false,"max_hp_per_floor":[66,66,66,66,66,76,76,76,76,76],"card_choices":[{"not_picked":["Acrobatics","Sucker Punch"],"picked":"Dagger Throw","floor":1.0},{"not_picked":["Backflip","Reflex"],"picked":"Dagger Throw","floor":2.0},{"not_picked":["Escape Plan","Dagger Throw"],"picked":"Underhanded Strike","floor":5.0},{"not_picked":["Well Laid Plans","Heel Hook"],"picked":"Tools of the Trade","floor":6.0},{"not_picked":["Slice","Dodge and Roll"],"picked":"Acrobatics","floor":8.0}],"player_experience":2474728,"relics_obtained":[{"floor":6.0,"key":"Pear"},{"floor":9.0,"key":"Omamori"}],"event_choices":[{"damage_healed":0.0,"max_hp_gain":0.0,"max_hp_loss":0.0,"gold_gain":0.0,"event_name":"Living Wall","player_choice":"Grow","floor":4.0,"gold_loss":0.0,"damage_taken":0.0,"cards_upgraded":["Neutralize"]}],"is_beta":false,"boss_relics":[],"items_purged_floors":[3],"is_endless":false,"potions_floor_spawned":[2,6],"killed_by":"Gremlin Nob","ascension_level":20}