{"gold_per_floor":[115,95,110,29,48,48,83,8,8,23,23,23,36,36,36,36],"floor_reached":16,"playtime":611,"items_purged":["Strike_G"],"score":195,"play_id":"0dbfa8cb-1f68-4f46-90a1-ded94cccbbbf","local_time":"20180827163729","is_ascension_mode":true,"campfire_choices":[{"data":"Neutralize","floor":6,"key":"SMITH"},{"data":"Footwork","floor":12,"key":"SMITH"},{"data":"Backflip","floor":15,"key":"SMITH"}],"neow_cost":"NONE","seed_source_timestamp":1061321115438425,"circlet_count":0,"master_deck":["Defend_G","Defend_G","Defend_G","Defend_G","Defend_G","Strike_G","Strike_G","Strike_G","Survivor","Neutralize+1","AscendersBane","Footwork+1","Well Laid Plans","Dash","Backflip","Die Die Die","Backflip+1","Caltrops"],"relics":["Ring of the Snake","Meat on the Bone","Pen Nib","Golden Idol"],"potions_floor_usage":[16,16],"damage_taken":[{"damage":0,"enemies":"2 Louse","floor":1,"turns":3},{"damage":3,"enemies":"Cultist","floor":3,"turns":7},{"damage":1,"enemies":"Small Slimes","floor":5,"turns":5},{"damage":14,"enemies":"3 Sentries","floor":7,"turns":15},{"damage":0,"enemies":"Looter","floor":10,"turns":4},{"damage":0,"enemies":"Lots of Slimes","floor":13,"turns":2},{"damage":42,"enemies":"Slime Boss","floor":16,"turns":14}],"seed_played":"8878413598922201357","potions_obtained":[{"floor":1,"key":"SteroidPotion"},{"floor":2,"key":"SmokeBomb"},{"floor":5,"key":"GhostInAJar"},{"floor":13,"key":"GhostInAJar"}],"is_trial":false,"path_per_floor":["M","?","M","$","M","R","E","$","T","M","$","R","M","?","R"],"character_chosen":"THE_SILENT","items_purchased":["Dash"],"campfire_rested":0,"item_purchase_floors":[4],"current_hp_per_floor":[59,59,56,56,55,55,41,41,41,41,41,41,41,41,41,0],"gold":36,"neow_bonus":"REMOVE_CARD","is_prod":false,"is_daily":false,"chose_seed":false,"campfire_upgraded":3,"win_rate":0,"timestamp":1535413049,"path_taken":["M","?","M","$","?","R","E","?","T","M","$","R","M","?","R","BOSS"],"build_version":"2018-08-23v2","purchased_purges":1,"victory":false,"max_hp_per_floor":[66,66,66,66,66,66,66,66,66,66,66,66,66,60,60,60],"card_choices":[{"not_picked":["Masterful Stab","Blade Dance"],"picked":"Footwork","floor":1},{"not_picked":["Bane","Prepared"],"picked":"Well Laid Plans","floor":3},{"not_picked":["Outmaneuver","Deadly Poison"],"picked":"Backflip","floor":5},{"not_picked":["All Out Attack","Deflect"],"picked":"Die Die Die","floor":7},{"not_picked":["Flying Knee","Outmaneuver"],"picked":"Backflip","floor":10},{"not_picked":["Acrobatics","Outmaneuver"],"picked":"Caltrops","floor":13}],"player_experience":909562,"relics_obtained":[{"floor":7,"key":"Meat on the Bone"},{"floor":9,"key":"Pen Nib"}],"event_choices":[{"event_name":"The Woman in Blue","player_choice":"Bought 1 Potion","floor":2,"damage_taken":0},{"event_name":"Golden Idol","player_choice":"Lose Max HP","floor":14,"damage_taken":0}],"is_beta":true,"boss_relics":[],"items_purged_floors":[8],"is_endless":false,"potions_floor_spawned":[1,5,13],"killed_by":"Slime Boss","ascension_level":19}