{"gold_per_floor":[113,38,55,73,73,83,115,115,139,139,159,159,159,170,170,272,272,289,308,327,327,342,342,359,304,304,334,334,344,344,361,361,466,466,477,477,477,523,536,215,234,234,234,248,248,279,294,294,294,294,294,294,45,45],"floor_reached":54,"playtime":3178,"items_purged":["Shame"],"score":716,"play_id":"b95b378d-1130-4973-9e3e-77305805957b","local_time":"20190211182649","is_ascension_mode":false,"campfire_choices":[{"data":"Accuracy","floor":8.0,"key":"SMITH"},{"data":"Cloak And Dagger","floor":10.0,"key":"SMITH"},{"data":"Cloak And Dagger","floor":13.0,"key":"SMITH"},{"data":"Cloak And Dagger","floor":15.0,"key":"SMITH"},{"data":"Cloak And Dagger","floor":23,"key":"SMITH"},{"data":"Cloak And Dagger","floor":28,"key":"SMITH"},{"floor":30,"key":"REST"},{"floor":32,"key":"REST"},{"floor":42,"key":"REST"},{"data":"Accuracy","floor":45,"key":"SMITH"},{"floor":49,"key":"RECALL"},{"data":"Apotheosis","floor":52,"key":"SMITH"}],"neow_cost":"CURSE","seed_source_timestamp":0,"circlet_count":0,"master_deck":["Defend_G","Defend_G","Defend_G","Defend_G","Defend_G","Strike_G","Strike_G","Strike_G","Strike_G","Strike_G","Survivor","Neutralize","Infinite Blades","Cloak And Dagger+1","Cloak And Dagger+1","Accuracy+1","Footwork","Noxious Fumes","Accuracy+1","Leg Sweep","Cloak And Dagger+1","Cloak And Dagger+1","PiercingWail","Corpse Explosion","Tools of the Trade","Dash","Noxious Fumes+1","Blur","Cloak And Dagger+1","Blur","Phantasmal Killer","Blade Dance","Blade Dance","Skewer+1","A Thousand Cuts","Apotheosis+1","Dodge and Roll+1","Blur+1","Footwork+1","Accuracy+1","Blade Dance+1"],"special_seed":0,"relics":["Ring of the Snake","Prayer Wheel","Anchor","Sozu","Bronze Scales","Tiny Chest","Happy Flower","Molten Egg 2","Black Star","Unceasing Top","Toxic Egg 2","Blue Candle","Pantograph","Mercury Hourglass","Kunai","Paper Crane"],"potions_floor_usage":[],"damage_taken":[{"damage":7.0,"enemies":"Small Slimes","floor":1.0,"turns":4.0},{"damage":0.0,"enemies":"Cultist","floor":3.0,"turns":3.0},{"damage":0.0,"enemies":"Jaw Worm","floor":4.0,"turns":4.0},{"damage":1.0,"enemies":"Looter","floor":6.0,"turns":3.0},{"damage":2.0,"enemies":"3 Sentries","floor":7.0,"turns":7.0},{"damage":0.0,"enemies":"Blue Slaver","floor":11.0,"turns":6.0},{"damage":0.0,"enemies":"2 Fungi Beasts","floor":14.0,"turns":4.0},{"damage":3.0,"enemies":"The Guardian","floor":16.0,"turns":9.0},{"damage":11.0,"enemies":"2 Thieves","floor":18.0,"turns":3.0},{"damage":0.0,"enemies":"3 Byrds","floor":19.0,"turns":3.0},{"damage":12,"enemies":"3 Cultists","floor":20,"turns":4},{"damage":0,"enemies":"Centurion and Healer","floor":22,"turns":3},{"damage":0,"enemies":"Snake Plant","floor":24,"turns":4},{"damage":8,"enemies":"Gremlin Leader","floor":27,"turns":6},{"damage":12,"enemies":"Shelled Parasite and Fungi","floor":29,"turns":6},{"damage":0,"enemies":"3 Cultists","floor":31,"turns":3},{"damage":8,"enemies":"Automaton","floor":33,"turns":10},{"damage":2,"enemies":"3 Shapes","floor":35,"turns":6},{"damage":24,"enemies":"2 Orb Walkers","floor":38,"turns":4},{"damage":0,"enemies":"3 Darklings","floor":39,"turns":2},{"damage":15,"enemies":"Maw","floor":41,"turns":8},{"damage":0,"enemies":"4 Shapes","floor":44,"turns":6},{"damage":23,"enemies":"Giant Head","floor":46,"turns":7},{"damage":11,"enemies":"3 Darklings","floor":47,"turns":5},{"damage":26,"enemies":"Donu and Deca","floor":50,"turns":8},{"damage":100,"enemies":"Shield and Spear","floor":54,"turns":6}],"seed_played":"4068459908938730523","potions_obtained":[{"floor":4.0,"key":"Strength Potion"},{"floor":6.0,"key":"Block Potion"},{"floor":7.0,"key":"Fire Potion"},{"floor":14.0,"key":"EssenceOfSteel"}],"is_trial":false,"path_per_floor":["M","$","M","M","?","M","E","R","T","R","M","$","R","M","R","B",null,"M","M","M","?","M","R","M","?","T","E","R","M","R","M","R","B",null,"M","?","?","?","M","$","M","R","T","M","R","E","M","T","R","B",null,"R","$","E"],"character_chosen":"THE_SILENT","items_purchased":["Toxic Egg 2","Blur+1","Paper Crane"],"campfire_rested":3,"item_purchase_floors":[40,40,53],"current_hp_per_floor":[63,63,63,63,63,62,60,60,60,60,60,60,60,60,60,57,70,59,59,47,47,47,47,47,47,47,39,39,27,48,48,69,61,70,68,68,68,44,44,44,29,50,50,50,50,27,16,16,16,15,70,70,70,0],"gold":45,"neow_bonus":"ONE_RARE_RELIC","is_prod":false,"is_daily":false,"chose_seed":false,"campfire_upgraded":8,"win_rate":0,"timestamp":1549927609,"path_taken":["M","$","M","M","?","?","E","R","T","R","M","$","R","M","R","BOSS","M","M","M","?","M","R","M","?","T","E","R","M","R","M","R","BOSS","M","?","?","?","?","$","M","R","T","M","R","E","?","?","R","BOSS","R","$","E"],"build_version":"2019-01-23","purchased_purges":1,"victory":false,"max_hp_per_floor":[70,70,70,70,70,70,70,70,70,70,70,70,70,70,70,70,70,70,70,70,70,70,70,70,70,70,70,70,70,70,70,70,70,70,70,70,70,70,70,70,70,70,70,70,70,70,70,70,70,70,70,70,70,70],"card_choices":[{"not_picked":["Sucker Punch","Escape Plan"],"picked":"Infinite Blades","floor":1.0},{"not_picked":["Prepared","Calculated Gamble"],"picked":"Cloak And Dagger","floor":1.0},{"not_picked":["Backflip","Dagger Spray"],"picked":"Cloak And Dagger","floor":3.0},{"not_picked":["Deadly Poison","Dagger Spray"],"picked":"Accuracy","floor":3.0},{"not_picked":["Deflect","Caltrops"],"picked":"Footwork","floor":4.0},{"not_picked":["Dagger Spray","Dagger Throw"],"picked":"Noxious Fumes","floor":4.0},{"not_picked":["Dagger Spray","Skewer"],"picked":"Accuracy","floor":6.0},{"not_picked":["Slice","Dagger Throw"],"picked":"Leg Sweep","floor":6.0},{"not_picked":["Masterful Stab","Bouncing Flask"],"picked":"Cloak And Dagger","floor":7.0},{"not_picked":["Endless Agony","Acrobatics"],"picked":"Cloak And Dagger","floor":11.0},{"not_picked":["Acrobatics","Flying Knee"],"picked":"PiercingWail","floor":11.0},{"not_picked":["Skewer","Backflip"],"picked":"Corpse Explosion","floor":14.0},{"not_picked":["Quick Slash","Sucker Punch","Caltrops"],"picked":"SKIP","floor":14.0},{"not_picked":["Storm of Steel","Night Terror"],"picked":"Tools of the Trade","floor":16.0},{"not_picked":["Distraction","Flechettes+1"],"picked":"Dash","floor":18.0},{"not_picked":["Sucker Punch","Escape Plan+1","PiercingWail"],"picked":"SKIP","floor":18.0},{"not_picked":["Poisoned Stab","Outmaneuver"],"picked":"Noxious Fumes+1","floor":19.0},{"not_picked":["Outmaneuver+1","Heel Hook","Dagger Spray"],"picked":"SKIP","floor":19.0},{"not_picked":["Deadly Poison","Outmaneuver"],"picked":"Blur","floor":20},{"not_picked":["Tactician","Terror"],"picked":"Cloak And Dagger","floor":20},{"not_picked":["Cloak And Dagger","Dagger Spray"],"picked":"Blur","floor":22},{"not_picked":["Poisoned Stab+1","Slice"],"picked":"Phantasmal Killer","floor":22},{"not_picked":["Heel Hook","Bane"],"picked":"Blade Dance","floor":24},{"not_picked":["Backflip","Reflex","Deadly Poison"],"picked":"SKIP","floor":24},{"not_picked":["Grand Finale","PiercingWail+1","Quick Slash"],"picked":"SKIP","floor":27},{"not_picked":["Skewer+1","Dagger Throw+1"],"picked":"Blade Dance","floor":29},{"not_picked":["Backflip+1","Underhanded Strike+1","Prepared"],"picked":"SKIP","floor":29},{"not_picked":["Finisher+1","Bouncing Flask"],"picked":"Skewer+1","floor":31},{"not_picked":["Endless Agony+1","Slice+1","Crippling Poison+1"],"picked":"SKIP","floor":31},{"not_picked":["Corpse Explosion","Bullet Time"],"picked":"A Thousand Cuts","floor":33},{"not_picked":["Dagger Throw+1","Catalyst","Poisoned Stab+1"],"picked":"SKIP","floor":35},{"not_picked":["Slice+1","Distraction","Deadly Poison"],"picked":"SKIP","floor":35},{"not_picked":["The Bomb","Thinking Ahead"],"picked":"Apotheosis","floor":37},{"not_picked":["Cloak And Dagger+1","Blade Dance+1"],"picked":"Dodge and Roll+1","floor":39},{"not_picked":["Dash+1","Deadly Poison","Dagger Spray+1"],"picked":"SKIP","floor":39},{"not_picked":["Dagger Throw+1","Deadly Poison+1"],"picked":"Footwork+1","floor":41},{"not_picked":["Dodge and Roll+1","Prepared+1"],"picked":"Accuracy","floor":41},{"not_picked":["Crippling Poison+1","Prepared+1"],"picked":"Blade Dance+1","floor":44},{"not_picked":["Masterful Stab+1","Dagger Throw+1","Grand Finale+1"],"picked":"SKIP","floor":44},{"not_picked":["Dagger Throw+1","Catalyst+1","Tactician+1"],"picked":"SKIP","floor":46},{"not_picked":["Choke+1","PiercingWail+1","Underhanded Strike+1"],"picked":"SKIP","floor":47},{"not_picked":["Dagger Spray+1","Acrobatics+1","Crippling Poison+1"],"picked":"SKIP","floor":47}],"player_experience":564016,"relics_obtained":[{"floor":7.0,"key":"Anchor"},{"floor":26,"key":"Happy Flower"},{"floor":27,"key":"Molten Egg 2"},{"floor":38,"key":"Unceasing Top"},{"floor":43,"key":"Blue Candle"},{"floor":46,"key":"Pantograph"},{"floor":46,"key":"Mercury Hourglass"},{"floor":48,"key":"Kunai"}],"event_choices":[{"damage_healed":0.0,"max_hp_gain":0.0,"max_hp_loss":0.0,"gold_gain":0.0,"event_name":"Upgrade Shrine","player_choice":"Upgraded","floor":5.0,"gold_loss":0.0,"damage_taken":0.0,"cards_upgraded":["Accuracy"]},{"damage_healed":0,"gold_gain":0,"player_choice":"Opened","damage_taken":0,"relics_obtained":["Bronze Scales"],"max_hp_gain":0,"max_hp_loss":0,"event_name":"The Mausoleum","floor":21,"gold_loss":0},{"damage_healed":0,"gold_gain":0,"player_choice":"Obtained Relic","damage_taken":0,"relics_obtained":["Tiny Chest"],"max_hp_gain":0,"max_hp_loss":0,"event_name":"Addict","floor":25,"gold_loss":85},{"damage_healed":0,"gold_gain":0,"player_choice":"Ignored","damage_taken":0,"max_hp_gain":0,"max_hp_loss":0,"event_name":"Tomb of Lord Red Mask","floor":36,"gold_loss":0},{"damage_healed":0,"gold_gain":0,"player_choice":"Memory 1","damage_taken":0,"max_hp_gain":0,"max_hp_loss":0,"event_name":"SensoryStone","floor":37,"gold_loss":0},{"damage_healed":0,"gold_gain":0,"player_choice":"Fight","damage_taken":0,"max_hp_gain":0,"max_hp_loss":0,"event_name":"Mysterious Sphere","floor":38,"gold_loss":0}],"is_beta":false,"boss_relics":[{"not_picked":["Snecko Eye","Runic Dome"],"picked":"Sozu"},{"not_picked":["Fusion Hammer","HoveringKite"],"picked":"Black Star"}],"items_purged_floors":[2],"is_endless":false,"potions_floor_spawned":[4,6,7,14,20,24,31,33,39,46],"killed_by":"Shield and Spear","ascension_level":0}