{"gold_per_floor":[111,130,150,162,30,30,55,55,55,69,69,82,144,174,174,248,248,220,62,80,80,80,105,105,133,133,133,152,77,77,100,100,174,174,192,26,26,42,60,60,93,93,120,120,34,34],"floor_reached":46,"playtime":2574,"items_purged":["Strike_B"],"score":988,"play_id":"3aefab8b-c50b-451c-a53b-9f3a0dea645e","local_time":"20190502195928","is_ascension_mode":true,"campfire_choices":[{"data":"Barrage","floor":6.0,"key":"SMITH"},{"data":"Zap","floor":8.0,"key":"SMITH"},{"data":"Darkness","floor":11.0,"key":"SMITH"},{"data":"Seek","floor":15.0,"key":"SMITH"},{"floor":24.0,"key":"REST"},{"floor":27,"key":"REST"},{"floor":32,"key":"REST"},{"floor":40,"key":"REST"},{"floor":42,"key":"RECALL"},{"floor":44,"key":"REST"}],"neow_cost":"NONE","seed_source_timestamp":868911815079709,"circlet_count":0,"master_deck":["AscendersBane","Strike_B","Strike_B","Defend_B","Defend_B","Defend_B","Zap+1","Dualcast","Chill","Ball Lightning","Conserve Battery","Melter","Barrage+1","Seek+1","Darkness+1","Steam","Reinforced Body","Core Surge","White Noise","Cold Snap","Steam Power+1","Compile Driver","Machine Learning","Coolheaded+1","Chaos+1"],"special_seed":0,"relics":["Cracked Core","Ice Cream","Shuriken","Meat on the Bone","Boot","Fusion Hammer","PreservedInsect","Juzu Bracelet","Dodecahedron","Ornamental Fan","Ginger","Bag of Preparation","Black Star","Anchor","Dream Catcher","StoneCalendar"],"potions_floor_usage":[25,35,39,46],"damage_taken":[{"damage":2.0,"enemies":"Cultist","floor":1.0,"turns":4.0},{"damage":1.0,"enemies":"2 Louse","floor":2.0,"turns":3.0},{"damage":5.0,"enemies":"Jaw Worm","floor":3.0,"turns":3.0},{"damage":2.0,"enemies":"3 Louse","floor":4.0,"turns":4.0},{"damage":6.0,"enemies":"Gremlin Nob","floor":7.0,"turns":3.0},{"damage":15.0,"enemies":"Exordium Thugs","floor":10.0,"turns":4.0},{"damage":6.0,"enemies":"Blue Slaver","floor":12.0,"turns":3.0},{"damage":10.0,"enemies":"Gremlin Nob","floor":13.0,"turns":3.0},{"damage":1.0,"enemies":"3 Sentries","floor":14.0,"turns":6.0},{"damage":16.0,"enemies":"The Guardian","floor":16.0,"turns":8.0},{"damage":17.0,"enemies":"2 Thieves","floor":18.0,"turns":4.0},{"damage":20.0,"enemies":"Chosen","floor":20.0,"turns":6.0},{"damage":29.0,"enemies":"Slavers","floor":23.0,"turns":5.0},{"damage":21,"enemies":"Gremlin Leader","floor":25,"turns":7},{"damage":2,"enemies":"Centurion and Healer","floor":28,"turns":6},{"damage":32,"enemies":"Champ","floor":33,"turns":14},{"damage":15,"enemies":"3 Darklings","floor":35,"turns":6},{"damage":0,"enemies":"3 Shapes","floor":38,"turns":6},{"damage":13,"enemies":"3 Darklings","floor":39,"turns":3},{"damage":50,"enemies":"Nemesis","floor":41,"turns":6},{"damage":69,"enemies":"Giant Head","floor":46,"turns":6}],"seed_played":"3218855119037091887","potions_obtained":[{"floor":1.0,"key":"FearPotion"},{"floor":7.0,"key":"Dexterity Potion"},{"floor":10.0,"key":"SteroidPotion"},{"floor":13.0,"key":"Energy Potion"},{"floor":16.0,"key":"Dexterity Potion"},{"floor":23.0,"key":"Block Potion"},{"floor":33,"key":"SteroidPotion"},{"floor":38,"key":"SteroidPotion"}],"is_trial":false,"path_per_floor":["M","M","M","M","$","R","E","R","T","M","R","M","?","E","R","B",null,"M","$","M","?","?","E","R","E","T","R","M","?","?","T","R","B",null,"M","$","?","M","M","R","E","R","T","R","$","E"],"character_chosen":"DEFECT","items_purchased":["Barrage","PreservedInsect","Anchor","Regen Potion"],"campfire_rested":5,"item_purchase_floors":[5,19,36,45],"current_hp_per_floor":[62,61,56,54,54,54,48,48,48,33,33,27,17,28,28,24,59,42,42,34,34,34,17,38,29,29,50,48,48,28,28,50,30,65,50,50,50,50,37,58,20,20,20,41,41,0],"gold":34,"neow_bonus":"REMOVE_CARD","is_prod":false,"is_daily":false,"chose_seed":false,"campfire_upgraded":4,"win_rate":0,"timestamp":1556841568,"path_taken":["M","M","M","?","$","R","E","R","T","M","R","M","?","E","R","BOSS","M","$","M","?","?","E","R","E","T","R","M","?","?","?","R","BOSS","M","$","?","M","M","R","E","R","T","R","$","E"],"build_version":"2019-01-23","purchased_purges":1,"victory":false,"max_hp_per_floor":[71,71,71,71,71,71,71,71,71,71,71,71,71,71,71,71,71,71,71,71,71,71,71,71,71,71,71,71,71,76,76,76,76,76,76,76,72,72,72,72,72,72,72,72,72,72],"card_choices":[{"not_picked":["Auto Shields","Go for the Eyes"],"picked":"Chill","floor":1.0},{"not_picked":["Leap","FTL"],"picked":"Ball Lightning","floor":2.0},{"not_picked":["Tempest","Rebound"],"picked":"Conserve Battery","floor":3.0},{"not_picked":["Beam Cell","Steam"],"picked":"Melter","floor":4.0},{"not_picked":["Blizzard","Undo"],"picked":"Seek","floor":7.0},{"not_picked":["Blizzard","Skim"],"picked":"Darkness","floor":10.0},{"not_picked":["Barrage","Compile Driver"],"picked":"Steam","floor":12.0},{"not_picked":["Undo","Sweeping Beam"],"picked":"Reinforced Body","floor":14.0},{"not_picked":["Seek","Multi-Cast"],"picked":"Core Surge","floor":16.0},{"not_picked":["Double Energy","Coolheaded"],"picked":"White Noise","floor":18.0},{"not_picked":["Sweeping Beam","Lockon"],"picked":"Cold Snap","floor":20.0},{"not_picked":["Compile Driver","Machine Learning"],"picked":"Steam Power+1","floor":23.0},{"not_picked":["Steam Power","Conserve Battery","Coolheaded"],"picked":"SKIP","floor":25},{"not_picked":["Coolheaded","Beam Cell"],"picked":"Compile Driver","floor":28},{"not_picked":["Amplify","Electrodynamics"],"picked":"Machine Learning","floor":33},{"not_picked":["Redo","Gash+1","Conserve Battery"],"picked":"SKIP","floor":35},{"not_picked":["Redo","Heatsinks","Conserve Battery"],"picked":"SKIP","floor":38},{"not_picked":["Rip and Tear+1","Creative AI","Fusion"],"picked":"SKIP","floor":39},{"not_picked":["Ball Lightning+1","Gash"],"picked":"Coolheaded+1","floor":41},{"not_picked":["Darkness","Turbo"],"picked":"Chaos+1","floor":44}],"player_experience":2265232,"relics_obtained":[{"floor":7.0,"key":"Ice Cream"},{"floor":9.0,"key":"Shuriken"},{"floor":13.0,"key":"Meat on the Bone"},{"floor":14.0,"key":"Boot"},{"floor":23.0,"key":"Dodecahedron"},{"floor":25,"key":"Ornamental Fan"},{"floor":26,"key":"Ginger"},{"floor":31,"key":"Bag of Preparation"},{"floor":41,"key":"Dream Catcher"},{"floor":41,"key":"StoneCalendar"}],"event_choices":[{"damage_healed":0.0,"max_hp_gain":0.0,"max_hp_loss":0.0,"gold_gain":0.0,"event_name":"Dead Adventurer","player_choice":"Searched \u00271\u0027 times","floor":13.0,"gold_loss":0.0,"damage_taken":0.0},{"damage_healed":0.0,"max_hp_gain":0.0,"max_hp_loss":0.0,"gold_gain":0.0,"event_name":"Addict","player_choice":"Stole Relic","floor":21.0,"gold_loss":0.0,"damage_taken":0.0,"relics_obtained":["Juzu Bracelet"],"cards_obtained":["Shame"]},{"cards_removed":["Shame"],"damage_healed":0.0,"max_hp_gain":0.0,"max_hp_loss":0.0,"gold_gain":0.0,"event_name":"Wheel of Change","player_choice":"Card Removal","floor":22.0,"gold_loss":0.0,"damage_taken":0.0},{"cards_removed":["Defend_B"],"damage_healed":0,"gold_gain":0,"player_choice":"Gave Gold","damage_taken":0,"max_hp_gain":0,"max_hp_loss":0,"event_name":"Beggar","floor":29,"gold_loss":75},{"damage_healed":0,"gold_gain":0,"player_choice":"Shed Blood","damage_taken":25,"max_hp_gain":5,"max_hp_loss":0,"event_name":"Forgotten Altar","floor":30,"gold_loss":0},{"damage_healed":0,"gold_gain":0,"player_choice":"Max HP","damage_taken":0,"max_hp_gain":0,"max_hp_loss":4,"event_name":"Winding Halls","floor":37,"gold_loss":0}],"is_beta":false,"boss_relics":[{"not_picked":["Astrolabe","Runic Pyramid"],"picked":"Fusion Hammer"},{"not_picked":["Orrery","Velvet Choker"],"picked":"Black Star"}],"items_purged_floors":[5],"is_endless":false,"potions_floor_spawned":[1,7,10,12,13,16,23,33,38],"killed_by":"Giant Head","ascension_level":20}