{"path_per_floor":["M","?","M","M","?","E","R","M","T","E","?","R","$","M","R","B",null,"M","M","$","T","?","R","E","M","T","R"],"character_chosen":"DEFECT","items_purchased":["Apotheosis","White Noise","Static Discharge","Regen Potion","Nova","Magnetism"],"gold_per_floor":[117,117,136,156,156,483,483,503,577,602,602,602,260,277,277,377,377,393,412,42,42,42,42,101,111,188,188,188],"floor_reached":28,"campfire_rested":1,"playtime":730,"current_hp_per_floor":[68,73,73,73,66,41,41,38,38,37,37,37,37,27,27,21,65,65,58,58,58,58,58,48,26,26,50,0],"items_purged":[],"gold":188,"score":369,"play_id":"da781a0f-f799-407a-9d65-55994301b17b","local_time":"20180501214322","is_prod":false,"is_daily":false,"chose_seed":false,"is_ascension_mode":true,"campfire_upgraded":4,"timestamp":1525236202,"path_taken":["M","?","?","M","?","E","R","M","T","E","?","R","$","M","R","BOSS","M","M","$","?","?","R","E","M","T","R","M"],"build_version":"2018-05-01","seed_source_timestamp":105512312060686,"purchased_purges":0,"victory":false,"master_deck":["Strike_B","Strike_B","Strike_B","Defend_B","Defend_B","Defend_B","Defend_B","Zap+1","Dualcast","Ball Lightning","Cold Snap","Go for the Eyes","Lockon","Stack+1","Ball Lightning","Apotheosis+1","White Noise","Static Discharge","Ball Lightning","Seek","Reprieve","Defragment","Capacitor","Self Repair","Storm","Cold Snap","Ball Lightning+1","Nova","Magnetism+1","Prime","Impulse"],"max_hp_per_floor":[75,80,80,80,80,80,80,80,80,80,80,80,80,80,80,80,80,80,80,80,80,80,80,80,80,80,80,80],"relics":["Cracked Core","NeowsBlessing","Old Coin","Mummified Hand","Bag of Marbles","Orrery","Gremlin Horn","Tiny Chest","Dodecahedron"],"card_choices":[{"not_picked":["Sweeping Beam","Axe Kick"],"picked":"Ball Lightning","floor":1.0},{"not_picked":["Darkness","Rebound"],"picked":"Cold Snap","floor":3.0},{"not_picked":["Hologram","Skim"],"picked":"Go for the Eyes","floor":4.0},{"not_picked":["Axe Kick","Skim"],"picked":"Lockon","floor":6.0},{"not_picked":["Axe Kick","Hologram"],"picked":"Stack","floor":8.0},{"not_picked":["Rebound","Double Energy"],"picked":"Ball Lightning","floor":10.0},{"not_picked":["Hologram","Fission"],"picked":"Ball Lightning","floor":14.0},{"not_picked":["Amplify","Hyperbeam"],"picked":"Seek","floor":16.0},{"not_picked":["Barrage","Beam Cell"],"picked":"Reprieve","floor":17.0},{"not_picked":["Leap","Axe Kick"],"picked":"Defragment","floor":17.0},{"not_picked":["Recycle","Heatsinks"],"picked":"Capacitor","floor":17.0},{"not_picked":["Streamline","Hologram"],"picked":"Self Repair","floor":17.0},{"not_picked":["Recycle","Loop"],"picked":"Storm","floor":17.0},{"not_picked":["Auto Shields","Chaos"],"picked":"Cold Snap","floor":18.0},{"not_picked":["Auto Shields","Turbo"],"picked":"Ball Lightning","floor":19.0},{"not_picked":["Ball Lightning","Reprieve"],"picked":"Prime","floor":24.0},{"not_picked":["Barrage","Skim"],"picked":"Impulse","floor":25}],"player_experience":566818,"potions_floor_usage":[],"damage_taken":[{"damage":0.0,"enemies":"Jaw Worm","floor":1.0,"turns":1.0},{"damage":0.0,"enemies":"2 Louse","floor":3.0,"turns":1.0},{"damage":0.0,"enemies":"Cultist","floor":4.0,"turns":1.0},{"damage":25.0,"enemies":"3 Sentries","floor":6.0,"turns":6.0},{"damage":3.0,"enemies":"Blue Slaver","floor":8.0,"turns":4.0},{"damage":1.0,"enemies":"Lagavulin","floor":10.0,"turns":7.0},{"damage":10.0,"enemies":"3 Louse","floor":14.0,"turns":3.0},{"damage":21.0,"enemies":"The Guardian","floor":16.0,"turns":7.0},{"damage":0.0,"enemies":"Chosen","floor":18.0,"turns":3.0},{"damage":14.0,"enemies":"Shell Parasite","floor":19.0,"turns":4.0},{"damage":29.0,"enemies":"Book of Stabbing","floor":24.0,"turns":4.0},{"damage":32,"enemies":"Cultist and Chosen","floor":25,"turns":5},{"damage":54,"enemies":"Snecko","floor":28,"turns":5}],"event_choices":[{"event_name":"Big Fish","player_choice":"Donut","floor":2.0,"damage_taken":0.0},{"event_name":"Golden Wing","player_choice":"Card Removal","floor":5.0,"damage_taken":0.0},{"event_name":"Dead Adventurer","player_choice":"Searched \u00270\u0027 times","floor":11.0,"damage_taken":0.0},{"event_name":"Addict","player_choice":"Ignored","floor":22.0,"damage_taken":0.0}],"boss_relics":[],"potions_floor_spawned":[6,10,16],"seed_played":"-8133227071297761629","killed_by":"Snecko","ascension_level":8,"is_trial":false}