{"path_per_floor":["M","$","?","$","?","M","E","R","T","M","?","R","M","$","R","B",null,"M","?","?","?","M","E","R","M","T","R","M","M","$","E","R","B",null,"M","?","$","?","M","R","M","R","T","R","M","E","R","E","R"],"character_chosen":"IRONCLAD","items_purchased":["Metallicize","Shrug It Off","Fire Potion","Fire Potion","Inflame","Bronze Scales"],"gold_per_floor":[216,141,141,7,182,194,220,220,220,239,239,239,251,126,126,229,229,240,240,165,165,175,201,201,215,242,242,258,278,126,157,157,259,259,270,270,85,0,17,17,36,36,104,104,120,154,154,188,188],"floor_reached":50,"campfire_rested":0,"playtime":1885,"current_hp_per_floor":[71,71,71,71,71,70,45,45,45,54,54,54,55,55,55,9,65,55,61,61,61,65,40,40,31,31,31,46,58,58,60,60,43,65,72,72,72,72,72,72,74,74,74,74,74,67,67,74,74],"items_purged":["Parasite","Regret","Doubt"],"gold":188,"score":868,"play_id":"49d13789-1c8d-4088-bd68-b13f7e5cb798","local_time":"20180317192102","is_prod":false,"is_daily":false,"is_ascension_mode":true,"campfire_upgraded":11,"timestamp":1521328862,"path_taken":["M","$","?","$","?","M","E","R","T","?","?","R","M","?","R","BOSS","M","?","?","?","?","E","R","M","T","R","M","?","$","E","R","BOSS","M","?","$","?","M","R","M","R","T","R","?","E","R","E","R","BOSS"],"build_version":"2018-03-15v3","purchased_purges":4,"victory":false,"master_deck":["Defend_R","Defend_R+1","Defend_R+1","Bash+1","Feed+1","Metallicize+1","Body Slam+1","Whirlwind+1","Double Tap+1","Flame Barrier+1","Bite","Bite","Bite","Bite","Bite","Offering+1","Whirlwind+1","Shrug It Off+1","Headbutt+1","Flex+1","Inflame+1","Flex+1","Body Slam+1","Iron Wave+1","Iron Wave+1"],"max_hp_per_floor":[80,77,77,77,77,80,80,80,80,83,83,83,83,83,83,83,83,83,89,89,62,65,65,65,65,65,65,67,70,70,70,70,72,72,72,72,72,72,72,72,74,74,74,74,74,74,74,74,74],"relics":["Burning Blood","Regal Pillow","War Paint","Art of War","Darkstone Periapt","Mark of Pain","Bag of Marbles","Singing Bowl","Bag of Preparation","Sozu","Bronze Scales","Red Mask","Mercury Hourglass","Oddly Smooth Stone","Juzu Bracelet"],"card_choices":[{"not_picked":["Ghostly Armor","Iron Wave"],"picked":"Feed"},{"not_picked":["Wild Strike","Twin Strike"],"picked":"Body Slam"},{"not_picked":["Thunderclap","Warcry"],"picked":"Whirlwind"},{"not_picked":["Immolate","Dark Embrace"],"picked":"Double Tap"},{"not_picked":["Warcry","Headbutt"],"picked":"Flame Barrier"},{"not_picked":["Shockwave","Corruption"],"picked":"Offering"},{"not_picked":["Headbutt","Warcry"],"picked":"Whirlwind"},{"not_picked":["Twin Strike","Flame Barrier"],"picked":"Headbutt"},{"not_picked":["Cleave","Armaments"],"picked":"Flex"},{"not_picked":["Heavy Blade","Headbutt"],"picked":"Flex"},{"not_picked":["Iron Wave","Sentinel"],"picked":"Body Slam"},{"not_picked":["Uppercut","Limit Break"],"picked":"Iron Wave"},{"not_picked":["Body Slam","Battle Trance"],"picked":"Iron Wave"}],"player_experience":540127,"potions_floor_usage":[7,7,23,31,33,33,33,50],"damage_taken":[{"damage":7,"enemies":"Small Slimes","floor":1,"turns":4},{"damage":10,"enemies":"Jaw Worm","floor":6,"turns":4},{"damage":31,"enemies":"Gremlin Nob","floor":7,"turns":5},{"damage":0,"enemies":"2 Louse","floor":10,"turns":4},{"damage":5,"enemies":"Blue Slaver","floor":13,"turns":6},{"damage":52,"enemies":"Slime Boss","floor":16,"turns":12},{"damage":16,"enemies":"Spheric Guardian","floor":18,"turns":5},{"damage":4,"enemies":"3 Byrds","floor":22,"turns":4},{"damage":42,"enemies":"Book of Stabbing","floor":23,"turns":7},{"damage":27,"enemies":"Centurion and Healer","floor":25,"turns":4},{"damage":5,"enemies":"Snecko","floor":28,"turns":4},{"damage":9,"enemies":"3 Cultists","floor":29,"turns":5},{"damage":4,"enemies":"Slavers","floor":31,"turns":1},{"damage":43,"enemies":"Collector","floor":33,"turns":10},{"damage":8,"enemies":"Orb Walker","floor":35,"turns":2},{"damage":4,"enemies":"3 Shapes","floor":39,"turns":1},{"damage":0,"enemies":"3 Darklings","floor":41,"turns":1},{"damage":0,"enemies":"Sphere and 2 Shapes","floor":45,"turns":1},{"damage":13,"enemies":"Giant Head","floor":46,"turns":2},{"damage":0,"enemies":"2 Orb Walkers","floor":48,"turns":2},{"damage":98,"enemies":"Donu and Deca","floor":50,"turns":6}],"event_choices":[{"event_name":"Big Fish","player_choice":"Box","floor":3,"damage_taken":0},{"event_name":"Liars Game","player_choice":"agreed","floor":5,"damage_taken":0},{"event_name":"Dead Adventurer","player_choice":"Searched \u00271\u0027 times","floor":11,"damage_taken":0},{"event_name":"Forgotten Altar","player_choice":"Smashed Altar","floor":19,"damage_taken":0},{"event_name":"Beggar","player_choice":"Gave Gold","floor":20,"damage_taken":0},{"event_name":"Vampires","player_choice":"Became a vampire","floor":21,"damage_taken":0},{"event_name":"Bonfire Elementals","player_choice":"BASIC","floor":36,"damage_taken":0},{"event_name":"Tomb of Lord Red Mask","player_choice":"Paid","floor":38,"damage_taken":0}],"boss_relics":[{"not_picked":["Runic Pyramid","Black Blood"],"picked":"Mark of Pain"},{"not_picked":["Lizard Tail","Astrolabe"],"picked":"Sozu"}],"potions_floor_spawned":[1,6,18,28,31,33,41,48],"seed_played":"8978936229414612417","killed_by":"Donu and Deca","ascension_level":10,"is_trial":false}