{"gold_per_floor":[114,134,134,153,153,185,197,197,197,197,214,214,88,108,108,212,212,223,237,45,63,79,113,133,145,145,145,177,177,190,55,55,152,152,170,186,1185,413,413,413,442,442,442,468,479,15,15,33,33,33],"floor_reached":51,"playtime":5366,"items_purged":["Strike_G","Strike_G","Normality","Strike_G"],"score":729,"play_id":"a72cc038-8a52-48c9-ae58-02b36a45fcb7","local_time":"20190511184126","is_ascension_mode":false,"campfire_choices":[{"floor":8,"key":"REST"},{"data":"Corpse Explosion","floor":10,"key":"SMITH"},{"floor":15,"key":"REST"},{"floor":27,"key":"REST"},{"data":"Die Die Die","floor":29,"key":"SMITH"},{"floor":32,"key":"REST"},{"data":"Well Laid Plans","floor":40,"key":"SMITH"},{"data":"Prepared","floor":42,"key":"SMITH"},{"data":"Neutralize","floor":47,"key":"SMITH"},{"floor":49,"key":"REST"}],"neow_cost":"NONE","seed_source_timestamp":594442997123004,"circlet_count":0,"master_deck":["Defend_G","Defend_G","Defend_G","Defend_G","Defend_G","Survivor","Neutralize+1","Well Laid Plans+1","Acrobatics","Quick Slash","Corpse Explosion+1","Prepared+1","Dagger Throw","Die Die Die+1","Backflip+1","Adrenaline+1","Acrobatics+1","Noxious Fumes+1","Bane","Outmaneuver+1","Escape Plan+1","Backstab","Blur+1","Bullet Time+1","Blur+1","Dodge and Roll+1","Normality","Die Die Die+1","Predator+1","Reflex+1","Bouncing Flask+1"],"relics":["Ring of the Snake","NeowsBlessing","Blood Vial","Toxic Egg 2","Philosopher\u0027s Stone","TheAbacus","Mango","Bird Faced Urn","Red Mask","Black Star","Paper Crane","Potion Belt","DollysMirror","Pantograph","Kunai","Pocketwatch","Lantern","Pen Nib","Bottled Lightning"],"potions_floor_usage":[16,19,41,45,50,50,50,50,50],"damage_taken":[{"damage":0,"enemies":"Cultist","floor":1,"turns":1},{"damage":0,"enemies":"Small Slimes","floor":2,"turns":1},{"damage":0,"enemies":"2 Louse","floor":4,"turns":1},{"damage":52,"enemies":"Lagavulin","floor":6,"turns":14},{"damage":1,"enemies":"Large Slime","floor":7,"turns":11},{"damage":4,"enemies":"Gremlin Gang","floor":11,"turns":2},{"damage":2,"enemies":"Red Slaver","floor":14,"turns":4},{"damage":18,"enemies":"Hexaghost","floor":16,"turns":9},{"damage":10,"enemies":"Spheric Guardian","floor":18,"turns":4},{"damage":10,"enemies":"3 Byrds","floor":19,"turns":2},{"damage":1,"enemies":"Centurion and Healer","floor":21,"turns":4},{"damage":8,"enemies":"Cultist and Chosen","floor":22,"turns":4},{"damage":23,"enemies":"Book of Stabbing","floor":23,"turns":6},{"damage":7,"enemies":"Sentry and Sphere","floor":24,"turns":4},{"damage":21,"enemies":"Snake Plant","floor":25,"turns":4},{"damage":9,"enemies":"Masked Bandits","floor":28,"turns":3},{"damage":22,"enemies":"Centurion and Healer","floor":30,"turns":3},{"damage":10,"enemies":"Collector","floor":33,"turns":10},{"damage":4,"enemies":"3 Darklings","floor":35,"turns":3},{"damage":0,"enemies":"3 Shapes","floor":36,"turns":1},{"damage":29,"enemies":"Giant Head","floor":41,"turns":11},{"damage":15,"enemies":"Nemesis","floor":44,"turns":11},{"damage":6,"enemies":"Maw","floor":45,"turns":8},{"damage":0,"enemies":"3 Darklings","floor":48,"turns":1},{"damage":42,"enemies":"Time Eater","floor":50,"turns":10}],"seed_played":"2359850917831379903","potions_obtained":[{"floor":4,"key":"GamblersBrew"},{"floor":6,"key":"Poison Potion"},{"floor":14,"key":"GhostInAJar"},{"floor":16,"key":"SkillPotion"},{"floor":19,"key":"GamblersBrew"},{"floor":25,"key":"Weak Potion"},{"floor":28,"key":"Fire Potion"},{"floor":41,"key":"Poison Potion"},{"floor":44,"key":"FearPotion"},{"floor":48,"key":"Block Potion"}],"is_trial":false,"path_per_floor":["M","M","?","M","?","E","M","R","T","R","M","?","$","M","R","B",null,"M","M","$","M","M","E","M","M","T","R","?","R","M","$","R","B",null,"M","M","?","$","?","R","E","R","T","E","M","$","R","M","R","B",null],"character_chosen":"THE_SILENT","items_purchased":["Fire Potion","TheAbacus","Blur+1","Paper Crane","Potion Belt","Explosive Potion","DollysMirror","Bottled Lightning","Ancient Potion"],"campfire_rested":5,"item_purchase_floors":[13,20,31,38,38,38,38,46,46],"current_hp_per_floor":[70,70,63,63,63,11,12,33,33,33,31,31,31,31,52,36,70,60,52,52,53,47,40,35,16,16,41,38,38,20,20,45,41,84,84,84,84,84,84,84,55,55,55,46,46,46,46,48,73,44],"gold":33,"neow_bonus":"THREE_ENEMY_KILL","is_prod":false,"is_daily":false,"chose_seed":false,"campfire_upgraded":5,"win_rate":0.0,"timestamp":1557618086,"path_taken":["M","?","?","M","?","E","M","R","T","R","M","?","$","M","R","BOSS","M","?","?","?","M","E","M","M","T","R","?","R","M","$","R","BOSS","M","M","?","$","?","R","E","R","T","E","M","$","R","M","R","BOSS"],"build_version":"2019-01-23","purchased_purges":4,"victory":true,"max_hp_per_floor":[70,70,70,70,70,70,70,70,70,70,70,70,70,70,70,70,70,70,70,70,70,70,84,84,84,84,84,84,84,84,84,84,84,84,84,84,84,84,84,84,84,84,84,84,84,84,84,84,84,84],"card_choices":[{"not_picked":["Acrobatics","Endless Agony"],"picked":"Well Laid Plans","floor":1},{"not_picked":["Calculated Gamble","Distraction"],"picked":"Acrobatics","floor":2},{"not_picked":["Slice","PiercingWail"],"picked":"Quick Slash","floor":4},{"not_picked":["Deadly Poison","Blur"],"picked":"Corpse Explosion","floor":6},{"not_picked":["Deflect","Blade Dance"],"picked":"Prepared","floor":7},{"not_picked":["Sucker Punch","Acrobatics+1"],"picked":"Dagger Throw","floor":11},{"not_picked":["Dagger Spray","Leg Sweep+1"],"picked":"Backflip+1","floor":14},{"not_picked":["Storm of Steel+1","Tools of the Trade"],"picked":"Adrenaline+1","floor":16},{"not_picked":["Slice","Blade Dance+1","Leg Sweep+1"],"picked":"SKIP","floor":18},{"not_picked":["Blade Dance+1","Distraction+1"],"picked":"Acrobatics+1","floor":19},{"not_picked":["Acrobatics+1","Dagger Spray"],"picked":"Noxious Fumes+1","floor":21},{"not_picked":["Unload","Sucker Punch","Cloak And Dagger+1"],"picked":"SKIP","floor":22},{"not_picked":["Dagger Throw","Storm of Steel+1"],"picked":"Bane","floor":23},{"not_picked":["Finisher+1","Terror+1"],"picked":"Outmaneuver+1","floor":24},{"not_picked":["Quick Slash","Slice"],"picked":"Escape Plan+1","floor":25},{"not_picked":["Heel Hook","Poisoned Stab"],"picked":"Backstab","floor":28},{"not_picked":["Deadly Poison+1","Quick Slash","Dagger Throw+1"],"picked":"SKIP","floor":30},{"not_picked":["Tools of the Trade","Malaise+1"],"picked":"Bullet Time+1","floor":33},{"not_picked":["Bane+1","Dodge and Roll+1"],"picked":"Blur+1","floor":35},{"not_picked":["Masterful Stab+1","Noxious Fumes+1"],"picked":"Dodge and Roll+1","floor":36},{"not_picked":["Choke","Finisher+1"],"picked":"Predator+1","floor":41},{"not_picked":["Slice","Flying Knee+1"],"picked":"Reflex+1","floor":44},{"not_picked":["Dagger Throw","Prepared+1"],"picked":"Bouncing Flask+1","floor":45},{"not_picked":["Slice+1","Acrobatics+1","Glass Knife"],"picked":"SKIP","floor":48}],"player_experience":37801,"relics_obtained":[{"floor":6,"key":"Blood Vial"},{"floor":9,"key":"Toxic Egg 2"},{"floor":23,"key":"Mango"},{"floor":26,"key":"Bird Faced Urn"},{"floor":28,"key":"Red Mask"},{"floor":41,"key":"Pantograph"},{"floor":41,"key":"Kunai"},{"floor":43,"key":"Pocketwatch"},{"floor":44,"key":"Lantern"},{"floor":44,"key":"Pen Nib"}],"event_choices":[{"cards_removed":["Strike_G"],"damage_healed":0,"gold_gain":0,"player_choice":"Card Removal","damage_taken":7,"max_hp_gain":0,"max_hp_loss":0,"event_name":"Golden Wing","floor":3,"gold_loss":0},{"damage_healed":0,"gold_gain":0,"player_choice":"Ignored","damage_taken":0,"max_hp_gain":0,"max_hp_loss":0,"event_name":"Liars Game","floor":5,"gold_loss":0},{"damage_healed":0,"gold_gain":0,"cards_transformed":["Strike_G"],"player_choice":"Transformed","damage_taken":0,"max_hp_gain":0,"max_hp_loss":0,"event_name":"Transmorgrifier","floor":12,"gold_loss":0,"cards_obtained":["Die Die Die"]},{"damage_healed":0,"gold_gain":0,"player_choice":"Fought Bandits","damage_taken":0,"max_hp_gain":0,"max_hp_loss":0,"event_name":"Masked Bandits","floor":28,"gold_loss":0},{"damage_healed":0,"gold_gain":999,"player_choice":"Gold","damage_taken":0,"max_hp_gain":0,"max_hp_loss":0,"event_name":"MindBloom","floor":37,"gold_loss":0,"cards_obtained":["Normality","Normality"]},{"damage_healed":0,"gold_gain":0,"player_choice":"0 cards matched","damage_taken":0,"max_hp_gain":0,"max_hp_loss":0,"event_name":"Match and Keep!","floor":39,"gold_loss":0,"cards_obtained":[]}],"is_beta":false,"boss_relics":[{"not_picked":["Eternal Feather","Fusion Hammer"],"picked":"Philosopher\u0027s Stone"},{"not_picked":["Orrery","Calling Bell"],"picked":"Black Star"}],"items_purged_floors":[13,31,38,46],"is_endless":false,"potions_floor_spawned":[4,6,14,16,19,24,25,28,30,41,44,48],"ascension_level":0}