{"gold_per_floor":[114,10,21,40,51,51,76,76,103,121,121,121,121,185,185,259,259,214,139,63,63,63,63,63,63,63,63,63,63,63,43,43,43,43,43,43,43,43,43,43,43,43,43,43,43,43,43,43,43,43,43,43,43,43,43],"floor_reached":56,"playtime":3851,"items_purged":["Writhe"],"score":2250,"play_id":"73cc660d-7883-4ee2-bbd0-2ca543f6ae85","local_time":"20190326045354","is_ascension_mode":true,"campfire_choices":[{"data":"Streamline","floor":6,"key":"SMITH"},{"data":"Go for the Eyes","floor":11,"key":"SMITH"},{"data":"Zap","floor":13,"key":"SMITH"},{"data":"Chill","floor":15,"key":"SMITH"},{"floor":23,"key":"REST"},{"data":"FTL","floor":29,"key":"SMITH"},{"data":"Dualcast","floor":32,"key":"SMITH"},{"data":"Coolheaded","floor":40,"key":"SMITH"},{"data":"Loop","floor":44,"key":"SMITH"},{"floor":49,"key":"RECALL"},{"data":"Creative AI","floor":52,"key":"SMITH"}],"neow_cost":"CURSE","seed_source_timestamp":786320721564111,"circlet_count":0,"master_deck":["AscendersBane","Strike_B+1","Strike_B+1","Strike_B+1","Defend_B+1","Defend_B+1","Defend_B+1","Defend_B+1","Zap+1","Dualcast+1","Glacier","Streamline+1","Steam","Ball Lightning","Chill+1","Undo","Go for the Eyes+1","FTL+1","Biased Cognition","Glacier+1","Self Repair","Defragment+1","BootSequence","White Noise+1","Creative AI+1","Coolheaded+1","Compile Driver","Loop+1","Core Surge","Go for the Eyes+1","Capacitor+1","Defragment"],"relics":["Cracked Core","PreservedInsect","Oddly Smooth Stone","Happy Flower","Centennial Puzzle","Ectoplasm","Bronze Scales","DataDisk","Bag of Preparation","Red Mask","Busted Crown","Regal Pillow","Bird Faced Urn","Mercury Hourglass"],"potions_floor_usage":[16,18,28,30,50,50],"damage_taken":[{"damage":0,"enemies":"Small Slimes","floor":1,"turns":3},{"damage":0,"enemies":"2 Louse","floor":3,"turns":3},{"damage":2,"enemies":"Jaw Worm","floor":4,"turns":4},{"damage":0,"enemies":"Large Slime","floor":5,"turns":4},{"damage":26,"enemies":"3 Sentries","floor":7,"turns":6},{"damage":6,"enemies":"Blue Slaver","floor":10,"turns":3},{"damage":0,"enemies":"3 Sentries","floor":14,"turns":5},{"damage":11,"enemies":"The Guardian","floor":16,"turns":11},{"damage":3,"enemies":"2 Thieves","floor":18,"turns":3},{"damage":32,"enemies":"Gremlin Leader","floor":24,"turns":6},{"damage":0,"enemies":"Spheric Guardian","floor":25,"turns":4},{"damage":0,"enemies":"Book of Stabbing","floor":27,"turns":5},{"damage":0,"enemies":"3 Cultists","floor":28,"turns":5},{"damage":0,"enemies":"Masked Bandits","floor":30,"turns":4},{"damage":0,"enemies":"Automaton","floor":33,"turns":12},{"damage":0,"enemies":"Orb Walker","floor":35,"turns":3},{"damage":0,"enemies":"3 Shapes","floor":36,"turns":6},{"damage":5,"enemies":"Sphere and 2 Shapes","floor":38,"turns":4},{"damage":15,"enemies":"Jaw Worm Horde","floor":39,"turns":4},{"damage":0,"enemies":"Giant Head","floor":41,"turns":8},{"damage":0,"enemies":"Writhing Mass","floor":42,"turns":9},{"damage":6,"enemies":"4 Shapes","floor":45,"turns":8},{"damage":0,"enemies":"Spire Growth","floor":46,"turns":6},{"damage":0,"enemies":"Jaw Worm Horde","floor":47,"turns":5},{"damage":0,"enemies":"Nemesis","floor":48,"turns":9},{"damage":0,"enemies":"Awakened One","floor":50,"turns":17},{"damage":6,"enemies":"Shield and Spear","floor":54,"turns":8},{"damage":66,"enemies":"The Heart","floor":55,"turns":8}],"seed_played":"6960699415906421273","potions_obtained":[{"floor":1,"key":"Weak Potion"},{"floor":10,"key":"Swift Potion"},{"floor":16,"key":"PowerPotion"},{"floor":24,"key":"FearPotion"},{"floor":25,"key":"SkillPotion"},{"floor":28,"key":"FearPotion"},{"floor":31,"key":"Block Potion"},{"floor":38,"key":"LiquidBronze"},{"floor":42,"key":"FocusPotion"}],"is_trial":false,"path_per_floor":["M","$","M","M","M","R","E","?","T","M","R","?","R","?","R","B",null,"M","?","$","?","?","R","E","M","T","E","M","R","?","?","R","B",null,"M","M","$","M","M","R","E","M","T","R","M","M","M","E","R","B",null,"R","$","E","B",null],"character_chosen":"DEFECT","items_purchased":["Streamline","Self Repair"],"campfire_rested":1,"item_purchase_floors":[2,20],"current_hp_per_floor":[78,78,78,76,76,76,50,32,32,26,26,26,26,26,26,15,68,65,65,65,40,40,67,42,49,49,56,63,63,70,70,70,77,87,87,90,90,90,82,82,89,90,90,90,90,90,90,90,90,90,90,90,90,90,51],"gold":43,"neow_bonus":"TWENTY_PERCENT_HP_BONUS","is_prod":false,"is_daily":false,"chose_seed":false,"campfire_upgraded":9,"win_rate":0,"timestamp":1553590434,"path_taken":["M","$","M","M","M","R","E","?","T","M","R","?","R","?","R","BOSS","M","?","$","?","?","R","E","M","T","E","M","R","?","?","R","BOSS","M","?","$","M","M","R","E","M","T","R","M","M","M","E","R","BOSS","R","$","E","BOSS"],"build_version":"2019-01-23","purchased_purges":1,"victory":true,"max_hp_per_floor":[85,85,85,85,85,85,85,85,85,85,85,85,85,85,85,85,85,85,85,85,90,90,90,90,90,90,90,90,90,90,90,90,90,90,90,90,90,90,90,90,90,90,90,90,90,90,90,90,90,90,90,90,90,90,90],"card_choices":[{"not_picked":["Rip and Tear","Sweeping Beam"],"picked":"Glacier","floor":1},{"not_picked":["Lockon","Beam Cell"],"picked":"Steam","floor":3},{"not_picked":["Storm","Sweeping Beam"],"picked":"Ball Lightning","floor":4},{"not_picked":["Steam Power","Skim"],"picked":"Chill","floor":5},{"not_picked":["Hyperbeam","Steam"],"picked":"Undo","floor":7},{"not_picked":["Darkness","Leap"],"picked":"Go for the Eyes","floor":10},{"not_picked":["Sweeping Beam","Stack"],"picked":"FTL","floor":14},{"not_picked":["Fission","Machine Learning"],"picked":"Biased Cognition","floor":16},{"not_picked":["Auto Shields","Storm"],"picked":"Glacier+1","floor":18},{"not_picked":["Static Discharge","Darkness"],"picked":"Defragment+1","floor":24},{"not_picked":["Heatsinks","Ball Lightning"],"picked":"BootSequence","floor":25},{"not_picked":["Redo","Meteor Strike","Turbo+1"],"picked":"SKIP","floor":27},{"not_picked":["Turbo","Genetic Algorithm","Barrage"],"picked":"SKIP","floor":28},{"not_picked":["Go for the Eyes","Cold Snap"],"picked":"White Noise+1","floor":30},{"not_picked":["Biased Cognition","Fission"],"picked":"Creative AI","floor":33},{"not_picked":[],"picked":"Coolheaded","floor":35},{"not_picked":[],"picked":"Compile Driver","floor":36},{"not_picked":[],"picked":"Loop","floor":38},{"not_picked":["Ball Lightning"],"picked":"SKIP","floor":39},{"not_picked":["Force Field"],"picked":"SKIP","floor":41},{"not_picked":[],"picked":"Core Surge","floor":42},{"not_picked":[],"picked":"Go for the Eyes+1","floor":45},{"not_picked":["Turbo+1"],"picked":"SKIP","floor":46},{"not_picked":["Reprogram"],"picked":"SKIP","floor":47},{"not_picked":[],"picked":"Capacitor+1","floor":48},{"not_picked":[],"picked":"Defragment","floor":54}],"player_experience":1416218,"relics_obtained":[{"floor":7,"key":"PreservedInsect"},{"floor":9,"key":"Happy Flower"},{"floor":14,"key":"Centennial Puzzle"},{"floor":24,"key":"Bronze Scales"},{"floor":26,"key":"DataDisk"},{"floor":27,"key":"Bag of Preparation"},{"floor":30,"key":"Red Mask"},{"floor":41,"key":"Regal Pillow"},{"floor":48,"key":"Bird Faced Urn"},{"floor":54,"key":"Mercury Hourglass"}],"event_choices":[{"damage_healed":0,"gold_gain":0,"player_choice":"Success","damage_taken":18,"relics_obtained":["Oddly Smooth Stone"],"max_hp_gain":0,"max_hp_loss":0,"event_name":"Scrap Ooze","floor":8,"gold_loss":0},{"damage_healed":0,"gold_gain":0,"player_choice":"Ignored","damage_taken":0,"max_hp_gain":0,"max_hp_loss":0,"event_name":"Shining Light","floor":12,"gold_loss":0},{"damage_healed":0,"gold_gain":0,"player_choice":"Searched \u00271\u0027 times","damage_taken":0,"max_hp_gain":0,"max_hp_loss":0,"event_name":"Dead Adventurer","floor":14,"gold_loss":0},{"cards_removed":["Strike_B"],"damage_healed":0,"gold_gain":0,"player_choice":"Gave Gold","damage_taken":0,"max_hp_gain":0,"max_hp_loss":0,"event_name":"Beggar","floor":19,"gold_loss":75},{"damage_healed":0,"gold_gain":0,"player_choice":"Shed Blood","damage_taken":30,"max_hp_gain":5,"max_hp_loss":0,"event_name":"Forgotten Altar","floor":21,"gold_loss":0},{"damage_healed":0,"gold_gain":0,"player_choice":"Simplicity","damage_taken":0,"max_hp_gain":0,"max_hp_loss":0,"event_name":"Back to Basics","floor":22,"gold_loss":0,"cards_upgraded":["Strike_B","Strike_B","Strike_B","Defend_B","Defend_B","Defend_B","Defend_B"]},{"damage_healed":0,"gold_gain":0,"player_choice":"Fought Bandits","damage_taken":0,"max_hp_gain":0,"max_hp_loss":0,"event_name":"Masked Bandits","floor":30,"gold_loss":0},{"damage_healed":0,"gold_gain":0,"player_choice":"Bought 1 Potion","damage_taken":0,"max_hp_gain":0,"max_hp_loss":0,"event_name":"The Woman in Blue","floor":31,"gold_loss":0}],"is_beta":false,"boss_relics":[{"not_picked":["Calling Bell","Eternal Feather"],"picked":"Ectoplasm"},{"not_picked":["Runic Pyramid","Snecko Eye"],"picked":"Busted Crown"}],"items_purged_floors":[2],"is_endless":false,"potions_floor_spawned":[1,10,16,24,25,28,33,38,41,42,47,48],"ascension_level":16}