{"gold_per_floor":[115,125,275,275,291,291,325,325,376,376,406,26,45,60,60,137,137,155,155,174,174,187,222,222,272,272,272],"floor_reached":27,"playtime":910,"items_purged":["Doubt"],"score":462,"play_id":"04f3f0ee-f15d-45d1-b615-ef2deb1771b7","local_time":"20190504111511","is_ascension_mode":true,"campfire_choices":[{"data":"Bash","floor":6,"key":"SMITH"},{"data":"Armaments","floor":8,"key":"SMITH"},{"data":"True Grit","floor":10,"key":"SMITH"},{"data":"Disarm","floor":15,"key":"SMITH"},{"data":"Immolate","floor":24,"key":"SMITH"}],"neow_cost":"NONE","seed_source_timestamp":1012232293488413,"circlet_count":0,"master_deck":["AscendersBane","Strike_R","Strike_R","Strike_R","Strike_R","Strike_R","Defend_R","Defend_R","Defend_R","Defend_R","Bash+1","Wild Strike","Armaments+1","True Grit+1","Cleave","Disarm+1","Clothesline","Immolate+1","Anger+1","Flame Barrier","Evolve","Disarm"],"relics":["Burning Blood","Potion Belt","Centennial Puzzle","Ancient Tea Set","Tiny Chest","Red Skull","Coffee Dripper","Gambling Chip"],"potions_floor_usage":[7,13,20,22,23],"damage_taken":[{"damage":6,"enemies":"2 Louse","floor":1,"turns":4},{"damage":14,"enemies":"Jaw Worm","floor":2,"turns":4},{"damage":7,"enemies":"Cultist","floor":5,"turns":4},{"damage":29,"enemies":"Gremlin Nob","floor":7,"turns":4},{"damage":1,"enemies":"3 Louse","floor":13,"turns":2},{"damage":2,"enemies":"Looter","floor":14,"turns":2},{"damage":9,"enemies":"The Guardian","floor":16,"turns":10},{"damage":29,"enemies":"2 Thieves","floor":18,"turns":3},{"damage":4,"enemies":"Chosen","floor":20,"turns":3},{"damage":6,"enemies":"3 Cultists","floor":22,"turns":4},{"damage":19,"enemies":"Book of Stabbing","floor":23,"turns":5},{"damage":12,"enemies":"Colosseum Slavers","floor":27,"turns":1}],"seed_played":"1074731806746978076","potions_obtained":[{"floor":5,"key":"Poison Potion"},{"floor":7,"key":"AttackPotion"},{"floor":13,"key":"Explosive Potion"},{"floor":18,"key":"Poison Potion"},{"floor":20,"key":"AttackPotion"}],"is_trial":false,"path_per_floor":["M","M","?","?","M","R","E","R","T","R","?","$","M","M","R","B",null,"M","?","M","?","M","E","R","?","T","?"],"character_chosen":"IRONCLAD","items_purchased":["Tiny Chest","Red Skull"],"campfire_rested":0,"item_purchase_floors":[12,12],"current_hp_per_floor":[75,67,67,32,31,31,8,8,8,8,8,8,13,17,17,14,65,42,18,20,20,20,7,7,7,7,0],"gold":272,"neow_bonus":"TEN_PERCENT_HP_BONUS","is_prod":false,"is_daily":false,"chose_seed":false,"campfire_upgraded":5,"win_rate":0,"timestamp":1556982911,"path_taken":["M","M","?","?","M","R","E","R","T","R","?","?","?","M","R","BOSS","M","?","M","?","M","E","R","?","T","?"],"build_version":"2019-01-23","purchased_purges":1,"victory":false,"max_hp_per_floor":[82,82,82,82,82,82,82,82,82,82,82,82,82,82,82,82,82,82,87,87,87,87,87,87,87,87,87],"card_choices":[{"not_picked":["Rage","Cleave"],"picked":"Wild Strike","floor":1},{"not_picked":["True Grit","Body Slam"],"picked":"Armaments","floor":2},{"not_picked":["Anger","Dual Wield"],"picked":"True Grit","floor":5},{"not_picked":["Berserk","Cleave","Thunderclap"],"picked":"SKIP","floor":7},{"not_picked":["Berserk","Thunderclap"],"picked":"Cleave","floor":7},{"not_picked":["Pommel Strike","Burning Pact"],"picked":"Disarm","floor":13},{"not_picked":["Heavy Blade","Perfected Strike"],"picked":"Clothesline","floor":14},{"not_picked":["Juggernaut","Bludgeon"],"picked":"Immolate","floor":16},{"not_picked":["Iron Wave","Pommel Strike"],"picked":"Anger+1","floor":18},{"not_picked":["Clash","Clothesline"],"picked":"Flame Barrier","floor":20},{"not_picked":["Dual Wield","Twin Strike"],"picked":"Evolve","floor":22},{"not_picked":["Warcry","Armaments"],"picked":"Disarm","floor":23}],"player_experience":2339137,"relics_obtained":[{"floor":7,"key":"Centennial Puzzle"},{"floor":9,"key":"Ancient Tea Set"},{"floor":23,"key":"Gambling Chip"}],"event_choices":[{"damage_healed":0,"gold_gain":150,"player_choice":"AGREE","damage_taken":0,"max_hp_gain":0,"max_hp_loss":0,"event_name":"Liars Game","floor":3,"gold_loss":0,"cards_obtained":["Doubt"]},{"damage_healed":0,"gold_gain":0,"player_choice":"Success","damage_taken":35,"relics_obtained":["Potion Belt"],"max_hp_gain":0,"max_hp_loss":0,"event_name":"Scrap Ooze","floor":4,"gold_loss":0},{"damage_healed":0,"gold_gain":30,"player_choice":"Searched \u00271\u0027 times","damage_taken":0,"max_hp_gain":0,"max_hp_loss":0,"event_name":"Dead Adventurer","floor":11,"gold_loss":0},{"damage_healed":0,"gold_gain":0,"player_choice":"Shed Blood","damage_taken":29,"max_hp_gain":5,"max_hp_loss":0,"event_name":"Forgotten Altar","floor":19,"gold_loss":0},{"damage_healed":0,"gold_gain":0,"player_choice":"Ignored","damage_taken":0,"max_hp_gain":0,"max_hp_loss":0,"event_name":"The Mausoleum","floor":21,"gold_loss":0},{"damage_healed":0,"gold_gain":50,"player_choice":"Stole From Cult","damage_taken":0,"max_hp_gain":0,"max_hp_loss":0,"event_name":"Nest","floor":25,"gold_loss":0},{"damage_healed":0,"gold_gain":0,"player_choice":"Fight","damage_taken":0,"max_hp_gain":0,"max_hp_loss":0,"event_name":"Colosseum","floor":27,"gold_loss":0}],"is_beta":false,"boss_relics":[{"not_picked":["Black Star","Tiny House"],"picked":"Coffee Dripper"}],"items_purged_floors":[12],"is_endless":false,"potions_floor_spawned":[5,7,13,18,20],"killed_by":"Colosseum Slavers","ascension_level":20}