{"gold_per_floor":[113,38,54,54,79,79,119,119,119,119,143,186,186,209,209,300,300,321,12,30,30,51,51,51,51,51,51,66,66,66,85,85,183,183,201,216,216,216,266,266],"floor_reached":40,"playtime":1119,"items_purged":["Strike_R","Dark Embrace"],"score":788,"play_id":"7baa26cb-3b2a-4af0-9dec-36624413af8b","local_time":"20190428011052","is_ascension_mode":true,"campfire_choices":[{"data":"Bash","floor":6,"key":"SMITH"},{"floor":8,"key":"REST"},{"data":"Juggernaut","floor":10,"key":"SMITH"},{"floor":13,"key":"REST"},{"data":"Armaments","floor":15,"key":"SMITH"},{"data":"Feel No Pain","floor":23,"key":"SMITH"},{"data":"Havoc","floor":25,"key":"SMITH"},{"data":"Battle Trance","floor":27,"key":"SMITH"},{"floor":29,"key":"REST"},{"floor":32,"key":"REST"}],"neow_cost":"NONE","seed_source_timestamp":1088334886017879,"circlet_count":0,"master_deck":["AscendersBane","Bash+1","Sword Boomerang","Battle Trance+1","Clothesline","Juggernaut+1","Armaments+1","Reaper","Dark Embrace","Body Slam","Iron Wave","Searing Blow","Clothesline","Havoc+1","Sever Soul","Shockwave+1","Feel No Pain+1","Ghostly Armor","True Grit","Demon Form"],"relics":["Burning Blood","NeowsBlessing","Golden Idol","Letter Opener","Self Forming Clay","Lantern","Pandora\u0027s Box","Membership Card","Pear","Mark of Pain"],"potions_floor_usage":[16,33,33,40],"damage_taken":[{"damage":0,"enemies":"Cultist","floor":1,"turns":1},{"damage":0,"enemies":"Jaw Worm","floor":3,"turns":1},{"damage":0,"enemies":"Small Slimes","floor":5,"turns":1},{"damage":45,"enemies":"Lagavulin","floor":7,"turns":6},{"damage":9,"enemies":"Exordium Thugs","floor":11,"turns":5},{"damage":32,"enemies":"3 Sentries","floor":12,"turns":7},{"damage":9,"enemies":"Exordium Wildlife","floor":14,"turns":3},{"damage":44,"enemies":"Slime Boss","floor":16,"turns":7},{"damage":27,"enemies":"2 Thieves","floor":18,"turns":3},{"damage":17,"enemies":"Shell Parasite","floor":20,"turns":5},{"damage":25,"enemies":"Snake Plant","floor":22,"turns":3},{"damage":39,"enemies":"3 Cultists","floor":28,"turns":5},{"damage":10,"enemies":"Snecko","floor":31,"turns":5},{"damage":46,"enemies":"Champ","floor":33,"turns":9},{"damage":47,"enemies":"3 Darklings","floor":35,"turns":5},{"damage":6,"enemies":"3 Shapes","floor":36,"turns":8},{"damage":59,"enemies":"Nemesis","floor":40,"turns":6}],"seed_played":"5419920422004099303","potions_obtained":[{"floor":5,"key":"FairyPotion"},{"floor":11,"key":"PowerPotion"},{"floor":16,"key":"EssenceOfSteel"},{"floor":18,"key":"EssenceOfSteel"},{"floor":28,"key":"Regen Potion"},{"floor":36,"key":"Energy Potion"}],"is_trial":false,"path_per_floor":["M","$","M","?","M","R","E","R","T","R","M","E","R","M","R","B",null,"M","$","M","?","M","R","?","R","T","R","M","R","?","M","R","B",null,"M","M","?","?","?","E"],"character_chosen":"IRONCLAD","items_purchased":["Membership Card","Feel No Pain"],"campfire_rested":4,"item_purchase_floors":[19,19],"current_hp_per_floor":[74,74,75,49,55,55,16,38,38,38,35,9,31,28,28,7,58,45,45,41,41,22,22,22,22,32,32,17,42,42,43,68,49,76,35,43,43,43,43,0],"gold":266,"neow_bonus":"THREE_ENEMY_KILL","is_prod":false,"is_daily":false,"chose_seed":false,"campfire_upgraded":6,"win_rate":0,"timestamp":1556439052,"path_taken":["M","$","?","?","M","R","E","R","T","R","M","E","R","M","R","BOSS","M","$","M","?","M","R","?","R","T","R","M","R","?","M","R","BOSS","M","M","?","?","?","E"],"build_version":"2019-04-23","purchased_purges":2,"victory":false,"max_hp_per_floor":[75,75,75,75,75,75,75,75,75,75,75,75,75,75,75,75,75,75,75,75,75,75,75,75,75,85,85,85,85,85,85,85,85,85,85,85,81,81,81,81],"card_choices":[{"not_picked":["Perfected Strike","Power Through"],"picked":"Sword Boomerang","floor":1},{"not_picked":["Dual Wield","Anger"],"picked":"Battle Trance","floor":3},{"not_picked":["Headbutt","Body Slam"],"picked":"Clothesline","floor":5},{"not_picked":["Iron Wave","Havoc"],"picked":"Juggernaut","floor":7},{"not_picked":["Clash","Searing Blow","Evolve"],"picked":"SKIP","floor":11},{"not_picked":["Heavy Blade","Wild Strike","Thunderclap"],"picked":"SKIP","floor":12},{"not_picked":["Iron Wave","Clash"],"picked":"Armaments","floor":14},{"not_picked":["Brutality","Bludgeon"],"picked":"Reaper","floor":16},{"not_picked":["Seeing Red","Flex"],"picked":"Shockwave+1","floor":18},{"not_picked":["Cleave","Pommel Strike","Heavy Blade"],"picked":"SKIP","floor":20},{"not_picked":["Cleave","Pommel Strike","Heavy Blade"],"picked":"SKIP","floor":20},{"not_picked":["Clash","Sword Boomerang"],"picked":"Ghostly Armor","floor":22},{"not_picked":["Headbutt","Uppercut+1","Wild Strike"],"picked":"SKIP","floor":28},{"not_picked":["Headbutt","Cleave","Clash"],"picked":"SKIP","floor":31},{"not_picked":["Reaper","Brutality"],"picked":"Demon Form","floor":33},{"not_picked":["Clothesline","Thunderclap+1","Clash"],"picked":"SKIP","floor":35},{"not_picked":["Perfected Strike","Armaments","Iron Wave"],"picked":"SKIP","floor":36}],"player_experience":1198835,"relics_obtained":[{"floor":7,"key":"Letter Opener"},{"floor":9,"key":"Self Forming Clay"},{"floor":12,"key":"Lantern"},{"floor":26,"key":"Pear"}],"event_choices":[{"damage_healed":0,"gold_gain":0,"player_choice":"Take Damage","damage_taken":26,"relics_obtained":["Golden Idol"],"max_hp_gain":0,"max_hp_loss":0,"event_name":"Golden Idol","floor":4,"gold_loss":0},{"damage_healed":0,"gold_gain":0,"player_choice":"Ignored","damage_taken":0,"max_hp_gain":0,"max_hp_loss":0,"event_name":"Vampires","floor":21,"gold_loss":0},{"damage_healed":0,"gold_gain":0,"player_choice":"Ignored","damage_taken":0,"max_hp_gain":0,"max_hp_loss":0,"event_name":"Beggar","floor":24,"gold_loss":0},{"damage_healed":0,"gold_gain":0,"player_choice":"Read","damage_taken":0,"max_hp_gain":0,"max_hp_loss":0,"event_name":"The Library","floor":30,"gold_loss":0,"cards_obtained":["True Grit"]},{"damage_healed":0,"gold_gain":0,"player_choice":"Max HP","damage_taken":0,"max_hp_gain":0,"max_hp_loss":4,"event_name":"Winding Halls","floor":37,"gold_loss":0},{"damage_healed":0,"gold_gain":0,"player_choice":"Ignored","damage_taken":0,"max_hp_gain":0,"max_hp_loss":0,"event_name":"Mysterious Sphere","floor":38,"gold_loss":0},{"damage_healed":0,"gold_gain":50,"player_choice":"Pray","damage_taken":0,"max_hp_gain":0,"max_hp_loss":0,"event_name":"Golden Shrine","floor":39,"gold_loss":0}],"is_beta":true,"boss_relics":[{"not_picked":["White Beast Statue","Eternal Feather"],"picked":"Pandora\u0027s Box"},{"not_picked":["Velvet Choker","Runic Pyramid"],"picked":"Mark of Pain"}],"items_purged_floors":[2,19],"is_endless":false,"potions_floor_spawned":[5,11,12,14,16,18,28,31,36],"killed_by":"Nemesis","ascension_level":20}