{"gold_per_floor":[110,32,32,32,32,70,88,157,157,171,207,207,228,263,263,354,354,373,373,393,418,439,439],"floor_reached":23,"playtime":987,"items_purged":[],"score":460,"play_id":"f4f197f4-57d2-4b47-957a-20f4e1993818","local_time":"20190202000113","is_ascension_mode":true,"campfire_choices":[{"floor":12,"key":"REST"},{"floor":15,"key":"REST"}],"neow_cost":"NONE","seed_source_timestamp":225630565719041,"circlet_count":0,"master_deck":["AscendersBane","Strike_R","Strike_R","Strike_R","Strike_R","Defend_R","Defend_R","Defend_R","Defend_R","Bash","Battle Trance","Feel No Pain","Armaments","Feel No Pain","Clothesline","Limit Break","Pommel Strike","Reaper","Corruption","True Grit+1","Disarm"],"relics":["Burning Blood","NeowsBlessing","Golden Idol","Oddly Smooth Stone","Question Card","Vajra","Strawberry","Self Forming Clay","Velvet Choker"],"potions_floor_usage":[13,16,21,23],"damage_taken":[{"damage":0,"enemies":"Cultist","floor":1,"turns":1},{"damage":0,"enemies":"Lagavulin","floor":6,"turns":1},{"damage":0,"enemies":"2 Louse","floor":7,"turns":1},{"damage":6,"enemies":"Jaw Worm","floor":10,"turns":4},{"damage":41,"enemies":"Gremlin Nob","floor":11,"turns":5},{"damage":14,"enemies":"Exordium Wildlife","floor":13,"turns":5},{"damage":30,"enemies":"Lagavulin","floor":14,"turns":6},{"damage":32,"enemies":"The Guardian","floor":16,"turns":14},{"damage":30,"enemies":"Shell Parasite","floor":18,"turns":11},{"damage":5,"enemies":"Chosen","floor":20,"turns":7},{"damage":25,"enemies":"Shelled Parasite and Fungi","floor":21,"turns":7},{"damage":15,"enemies":"Snake Plant","floor":22,"turns":7},{"damage":59,"enemies":"Gremlin Leader","floor":23,"turns":6}],"seed_played":"-3608115050920298686","potions_obtained":[{"floor":7,"key":"Block Potion"},{"floor":11,"key":"SteroidPotion"},{"floor":13,"key":"Swift Potion"},{"floor":16,"key":"BloodPotion"}],"is_trial":false,"path_per_floor":["M","$","?","?","$","E","M","T","T","M","E","R","M","E","R","B",null,"M","?","M","M","M","E"],"character_chosen":"IRONCLAD","items_purchased":["Feel No Pain"],"campfire_rested":2,"item_purchase_floors":[2],"current_hp_per_floor":[74,74,48,48,48,54,60,60,60,60,32,56,48,24,48,22,67,45,45,50,48,43,0],"gold":439,"neow_bonus":"THREE_ENEMY_KILL","is_prod":false,"is_daily":false,"chose_seed":false,"campfire_upgraded":0,"win_rate":0,"timestamp":1549090873,"path_taken":["M","$","?","?","$","E","M","?","T","?","E","R","M","E","R","BOSS","M","?","M","M","?","E"],"build_version":"2019-01-23","purchased_purges":0,"victory":false,"max_hp_per_floor":[75,75,75,75,75,75,75,75,75,75,82,82,82,82,82,82,82,82,82,82,82,82,82],"card_choices":[{"not_picked":["Shrug It Off","Rage"],"picked":"Battle Trance","floor":1},{"not_picked":["Havoc","Iron Wave"],"picked":"Armaments","floor":6},{"not_picked":["Ghostly Armor","Entrench"],"picked":"Feel No Pain","floor":7},{"not_picked":["Rampage","Clash","Twin Strike"],"picked":"Clothesline","floor":10},{"not_picked":["Thunderclap","True Grit","Carnage"],"picked":"Limit Break","floor":11},{"not_picked":["Dropkick","Havoc","Twin Strike"],"picked":"Pommel Strike","floor":13},{"not_picked":["Clash","Pummel","Hemokinesis","Evolve"],"picked":"SKIP","floor":14},{"not_picked":["Limit Break","Fiend Fire","Demon Form"],"picked":"Reaper","floor":16},{"not_picked":["Flex+1","Thunderclap","Pommel Strike"],"picked":"Corruption","floor":18},{"not_picked":["Sever Soul","Shrug It Off","Corruption"],"picked":"True Grit+1","floor":20},{"not_picked":["Dual Wield","Headbutt","Evolve"],"picked":"Disarm","floor":21},{"not_picked":["Heavy Blade","Twin Strike","Anger","Thunderclap"],"picked":"SKIP","floor":22}],"player_experience":1058859,"relics_obtained":[{"floor":6,"key":"Oddly Smooth Stone"},{"floor":8,"key":"Question Card"},{"floor":9,"key":"Vajra"},{"floor":11,"key":"Strawberry"},{"floor":14,"key":"Self Forming Clay"}],"event_choices":[{"damage_healed":0,"gold_gain":0,"player_choice":"Take Damage","damage_taken":26,"relics_obtained":["Golden Idol"],"max_hp_gain":0,"max_hp_loss":0,"event_name":"Golden Idol","floor":3,"gold_loss":0},{"damage_healed":0,"gold_gain":0,"player_choice":"Leave","damage_taken":0,"max_hp_gain":0,"max_hp_loss":0,"event_name":"The Cleric","floor":4,"gold_loss":0},{"cards_removed":["Strike_R"],"damage_healed":0,"gold_gain":0,"player_choice":"Purged","damage_taken":0,"max_hp_gain":0,"max_hp_loss":0,"event_name":"Purifier","floor":19,"gold_loss":0}],"is_beta":true,"boss_relics":[{"not_picked":["Eternal Feather","Ectoplasm"],"picked":"Velvet Choker"}],"items_purged_floors":[],"is_endless":false,"potions_floor_spawned":[7,11,13,14,16],"killed_by":"Gremlin Leader","ascension_level":19}