{"path_per_floor":["M","?","M","?","$","E","R","M","T","?","R","M","M","M","R","B",null,"M","M","?","?","$","E","R","M","T","?","?","E","$","M","R","B",null,"M","?","?","?","$","E","?","?","T","M","M","M","?","$","R","B"],"character_chosen":"IRONCLAD","items_purchased":["Whirlwind","Bottled Flame","Energy Potion","Bloodletting","Block Potion","Bandage Up","Omamori","Warcry","Block Potion","Armaments","Clothesline"],"gold_per_floor":[112,287,306,306,195,220,220,237,311,311,311,332,351,372,372,498,498,514,533,533,433,3,38,38,53,101,101,101,132,28,44,44,168,206,225,294,294,294,16,55,0,0,0,15,30,45,45,23,23,23],"floor_reached":51,"campfire_rested":0,"playtime":1923,"current_hp_per_floor":[80,80,79,79,79,59,59,60,60,40,40,35,39,45,45,36,84,69,59,59,59,59,37,37,40,40,24,24,27,27,33,33,34,52,52,36,36,36,36,38,38,45,45,45,45,45,39,39,39,40],"items_purged":["Doubt"],"gold":23,"score":914,"play_id":"705de791-3c7c-4e36-a95d-34cd3bf6f539","local_time":"20180407201213","is_prod":false,"is_daily":false,"is_ascension_mode":false,"campfire_upgraded":6,"timestamp":1523146333,"path_taken":["M","?","?","?","?","E","R","M","T","?","R","M","M","M","R","BOSS","M","M","?","?","$","E","R","M","T","?","?","E","$","M","R","BOSS","M","?","?","?","$","E","?","?","T","M","M","M","?","?","R","BOSS"],"build_version":"2018-04-05v2","purchased_purges":3,"victory":true,"master_deck":["Strike_R","Strike_R","Strike_R","Strike_R","Defend_R+1","Defend_R","Defend_R","Defend_R","Bash","Sword Boomerang+1","Heavy Blade+1","Whirlwind+1","Spot Weakness","Whirlwind+1","Offering+1","Inflame+1","Perfected Strike+1","J.A.X.+1","Bloodletting+1","Perfected Strike+1","Heavy Blade+1","Ghostly+1","Ghostly+1","Ghostly+1","Ghostly+1","Ghostly+1","Bandage Up+1","Flex+1","Rage+1","Flex+1","Battle Trance+1","Dark Shackles+1","Warcry+1","Armaments+1","Offering+1","Heavy Blade+1","Limit Break+1","Pummel+1","Madness+1","Madness+1","Clothesline"],"max_hp_per_floor":[80,80,80,80,80,80,80,80,80,80,80,80,82,82,82,84,84,86,86,86,86,86,86,86,86,86,86,43,45,45,45,45,47,52,52,52,52,52,52,52,52,45,45,45,45,45,45,45,45,45],"relics":["Burning Blood","Singing Bowl","Charon\u0027s Ashes","Toxic Egg 2","Golden Idol","Philosopher\u0027s Stone","Bottled Flame","Bag of Preparation","Juzu Bracelet","Nilry\u0027s Codex","Orichalcum","Tiny House","Red Skull","Omamori","Anchor","Red Mask","Shovel"],"card_choices":[{"not_picked":["True Grit","Thunderclap"],"picked":"Sword Boomerang","floor":1},{"not_picked":["Spot Weakness","Shrug It Off"],"picked":"Heavy Blade","floor":3},{"not_picked":["Power Through","Ghostly Armor"],"picked":"Spot Weakness","floor":6},{"not_picked":["Uppercut","Headbutt"],"picked":"Whirlwind","floor":8},{"not_picked":["Clash","Dropkick"],"picked":"Offering","floor":12},{"not_picked":["Whirlwind","Body Slam"],"picked":"Inflame","floor":14},{"not_picked":["Anger","Body Slam"],"picked":"Perfected Strike","floor":19},{"not_picked":["Metallicize","Second Wind"],"picked":"Perfected Strike","floor":23},{"not_picked":["Carnage","Body Slam"],"picked":"Heavy Blade","floor":25},{"not_picked":["Thunderclap","Spot Weakness"],"picked":"Flex","floor":31},{"not_picked":["Metallicize","Clothesline"],"picked":"Rage","floor":34},{"not_picked":["Fire Breathing","True Grit"],"picked":"Flex","floor":35},{"not_picked":["Headbutt","Wild Strike"],"picked":"Battle Trance","floor":36},{"not_picked":["Madness","Good Instincts"],"picked":"Dark Shackles","floor":38},{"not_picked":["Havoc","Armaments"],"picked":"Offering","floor":40},{"not_picked":["True Grit","Flex"],"picked":"Heavy Blade","floor":44},{"not_picked":["Heavy Blade","Disarm"],"picked":"Limit Break","floor":45},{"not_picked":["Heavy Blade","Bloodletting"],"picked":"Pummel","floor":46}],"player_experience":727923,"potions_floor_usage":[6,6,13,16,16,19,23,23,23,33,33,44,50,50],"damage_taken":[{"damage":5,"enemies":"Jaw Worm","floor":1,"turns":4},{"damage":7,"enemies":"2 Louse","floor":3,"turns":3},{"damage":26,"enemies":"Lagavulin","floor":6,"turns":5},{"damage":5,"enemies":"Small Slimes","floor":8,"turns":2},{"damage":11,"enemies":"Gremlin Gang","floor":12,"turns":2},{"damage":4,"enemies":"Blue Slaver","floor":13,"turns":1},{"damage":0,"enemies":"Lots of Slimes","floor":14,"turns":1},{"damage":17,"enemies":"The Guardian","floor":16,"turns":6},{"damage":23,"enemies":"2 Thieves","floor":18,"turns":2},{"damage":16,"enemies":"Shell Parasite","floor":19,"turns":4},{"damage":28,"enemies":"Book of Stabbing","floor":23,"turns":3},{"damage":3,"enemies":"3 Cultists","floor":25,"turns":2},{"damage":26,"enemies":"Gremlin Leader","floor":29,"turns":6},{"damage":6,"enemies":"Centurion and Healer","floor":31,"turns":3},{"damage":13,"enemies":"Champ","floor":33,"turns":5},{"damage":0,"enemies":"3 Darklings","floor":35,"turns":3},{"damage":22,"enemies":"Mysterious Sphere","floor":36,"turns":1},{"damage":10,"enemies":"Giant Head","floor":40,"turns":6},{"damage":2,"enemies":"Orb Walker","floor":44,"turns":2},{"damage":1,"enemies":"4 Shapes","floor":45,"turns":3},{"damage":1,"enemies":"3 Darklings","floor":46,"turns":2},{"damage":11,"enemies":"Time Eater","floor":50,"turns":6}],"event_choices":[{"event_name":"Liars Game","player_choice":"agreed","floor":2,"damage_taken":0},{"event_name":"The Lab","player_choice":"Got Potions","floor":4,"damage_taken":0},{"event_name":"Golden Idol","player_choice":"Take Damage","floor":10,"damage_taken":0},{"event_name":"Vampires","player_choice":"Ignored","floor":20,"damage_taken":0},{"event_name":"Drug Dealer","player_choice":"Got JAXXED","floor":21,"damage_taken":0},{"event_name":"Cursed Tome","player_choice":"Obtained Book","floor":27,"damage_taken":0},{"event_name":"Ghosts","player_choice":"Became a Ghost","floor":28,"damage_taken":0},{"event_name":"Mysterious Sphere","player_choice":"Fight","floor":36,"damage_taken":0},{"event_name":"SensoryStone","player_choice":"Memory 1","floor":38,"damage_taken":0},{"event_name":"Tomb of Lord Red Mask","player_choice":"Paid","floor":41,"damage_taken":0},{"event_name":"The Moai Head","player_choice":"Heal","floor":42,"damage_taken":0},{"event_name":"Winding Halls","player_choice":"Embrace Madness","floor":47,"damage_taken":0}],"boss_relics":[{"not_picked":["Snecko Eye","Calling Bell"],"picked":"Philosopher\u0027s Stone"},{"not_picked":["Orrery","White Beast Statue"],"picked":"Tiny House"}],"potions_floor_spawned":[3,8,12,14,18,25,29,31,36,44],"seed_played":"7801837089267871438","ascension_level":0,"is_trial":false}