{"gold_per_floor":[110,110,128,143,218,218,6,34,34,58,2,2,65,79,79,156,156,169,186,14,14],"floor_reached":21,"playtime":664,"items_purged":["Strike_B"],"score":374,"play_id":"6a47ef11-0da7-4711-a248-d1274d5acf1e","local_time":"20190510120224","is_ascension_mode":true,"campfire_choices":[{"data":"Streamline","floor":6.0,"key":"SMITH"},{"floor":12.0,"key":"REST"},{"floor":15.0,"key":"REST"}],"neow_cost":"NONE","seed_source_timestamp":1533603237923901,"circlet_count":0,"master_deck":["AscendersBane","Strike_B","Strike_B","Defend_B","Defend_B","Defend_B","Defend_B","Zap+1","Dualcast","Streamline+1","Ball Lightning","Ball Lightning","Recycle","Compile Driver+1","Thunder Strike+1","Echo Form","Sweeping Beam+1","Tempest+1","Electrodynamics"],"special_seed":0,"relics":["Cracked Core","Molten Egg 2","Omamori","Odd Mushroom","Tiny Chest","Coffee Dripper"],"potions_floor_usage":[16,19,21],"damage_taken":[{"damage":0.0,"enemies":"Small Slimes","floor":1.0,"turns":2.0},{"damage":0.0,"enemies":"Cultist","floor":3.0,"turns":3.0},{"damage":9.0,"enemies":"Jaw Worm","floor":4.0,"turns":3.0},{"damage":14.0,"enemies":"Gremlin Nob","floor":8.0,"turns":3.0},{"damage":13.0,"enemies":"The Mushroom Lair","floor":10.0,"turns":3.0},{"damage":30.0,"enemies":"Lagavulin","floor":13.0,"turns":4.0},{"damage":5.0,"enemies":"Gremlin Gang","floor":14.0,"turns":3.0},{"damage":22,"enemies":"Hexaghost","floor":16,"turns":6},{"damage":51,"enemies":"3 Byrds","floor":18,"turns":4},{"damage":2,"enemies":"Spheric Guardian","floor":19,"turns":3},{"damage":21,"enemies":"Shelled Parasite and Fungi","floor":21,"turns":1}],"seed_played":"-8219658631248521537","potions_obtained":[{"floor":10.0,"key":"LiquidBronze"},{"floor":16,"key":"EssenceOfSteel"},{"floor":19,"key":"Fire Potion"}],"is_trial":false,"path_per_floor":["M","?","M","M","?","R","$","E","T","?","$","R","E","M","R","B",null,"M","M","$","M"],"character_chosen":"DEFECT","items_purchased":["Ball Lightning","FocusPotion","Energy Potion","Electrodynamics"],"campfire_rested":2,"item_purchase_floors":[7,7,11,20],"current_hp_per_floor":[64,64,64,55,44,44,44,30,30,17,17,38,8,3,24,2,54,3,1,1,0],"gold":14,"neow_bonus":"UPGRADE_CARD","is_prod":false,"is_daily":false,"chose_seed":false,"campfire_upgraded":1,"win_rate":0,"timestamp":1557504144,"path_taken":["M","?","?","M","?","R","$","E","T","?","?","R","E","M","R","BOSS","M","M","$","?"],"build_version":"2019-01-23","purchased_purges":1,"victory":false,"max_hp_per_floor":[71,71,71,71,71,71,71,71,71,71,71,71,71,71,71,71,71,71,71,71,71],"card_choices":[{"not_picked":["Conserve Battery","Rebound"],"picked":"Streamline","floor":1.0},{"not_picked":["Steam","Force Field"],"picked":"Ball Lightning","floor":3.0},{"not_picked":["Streamline","Coolheaded","Chaos"],"picked":"SKIP","floor":4.0},{"not_picked":["Turbo","Self Repair"],"picked":"Recycle","floor":8.0},{"not_picked":["Reprogram","Static Discharge"],"picked":"Compile Driver+1","floor":13.0},{"not_picked":["Rebound+1","Stack"],"picked":"Thunder Strike+1","floor":14.0},{"not_picked":["Fission","Amplify"],"picked":"Echo Form","floor":16},{"not_picked":["Reinforced Body+1","Heatsinks"],"picked":"Sweeping Beam+1","floor":18},{"not_picked":["Stack+1","Turbo"],"picked":"Tempest+1","floor":19}],"player_experience":2552350,"relics_obtained":[{"floor":8.0,"key":"Molten Egg 2"},{"floor":9.0,"key":"Omamori"},{"floor":10.0,"key":"Odd Mushroom"},{"floor":13.0,"key":"Tiny Chest"}],"event_choices":[{"cards_removed":["Strike_B"],"damage_healed":0.0,"max_hp_gain":0.0,"max_hp_loss":0.0,"gold_gain":0.0,"event_name":"Bonfire Elementals","player_choice":"Offered Basic","floor":2.0,"gold_loss":0.0,"damage_taken":0.0},{"damage_healed":0.0,"max_hp_gain":0.0,"max_hp_loss":0.0,"gold_gain":75.0,"event_name":"World of Goop","player_choice":"Gather Gold","floor":5.0,"gold_loss":0.0,"damage_taken":11.0},{"damage_healed":0.0,"max_hp_gain":0.0,"max_hp_loss":0.0,"gold_gain":0.0,"event_name":"Mushrooms","player_choice":"Fought Mushrooms","floor":10.0,"gold_loss":0.0,"damage_taken":0.0}],"is_beta":false,"boss_relics":[{"not_picked":["Fusion Hammer","Tiny House"],"picked":"Coffee Dripper"}],"items_purged_floors":[7],"is_endless":false,"potions_floor_spawned":[10,16,19],"killed_by":"Shelled Parasite and Fungi","ascension_level":20}