{"path_per_floor":["M","?","?","M","M","E","R","M","T","E","?","$","$","?","R","B",null,"M","?","?","M","?","R"],"character_chosen":"IRONCLAD","items_purchased":["Mercury Hourglass"],"gold_per_floor":[111,111,111,126,144,175,175,193,193,220,395,62,62,137,137,234,234,244,244,244,257,257,257],"floor_reached":24,"campfire_rested":0,"playtime":1429,"current_hp_per_floor":[80,73,73,76,78,73,73,79,79,72,72,72,72,61,61,57,82,74,74,74,43,27,33],"items_purged":["Doubt"],"gold":257,"score":202,"play_id":"13e6d6d5-34ec-4222-b2aa-a1369b8b6fe2","is_prod":false,"is_daily":false,"is_ascension_mode":false,"campfire_upgraded":3,"path_taken":["M","?","?","?","M","E","R","M","T","E","?","?","$","?","R","BOSS","M","?","?","M","?","R","E"],"build_version":"2018-02-08-PROD1","purchased_purges":1,"victory":false,"master_deck":["Strike_R","Strike_R","Strike_R","Strike_R","Strike_R","Defend_R","Defend_R+1","Defend_R","Defend_R+1","Bash+1","Reckless Charge+1","Metallicize+1","Metallicize+1","Spot Weakness+1","Demon Form+1","Inflame"],"max_hp_per_floor":[80,80,80,80,80,80,80,80,80,82,82,82,82,82,82,82,82,84,84,84,84,89,89],"relics":["Burning Blood","War Paint","Ancient Tea Set","Magic Flower","Singing Bowl","Mercury Hourglass","Eternal Feather"],"card_choices":[{"not_picked":["True Grit","Heavy Blade"],"picked":"Reckless Charge"},{"not_picked":["Iron Wave","Perfected Strike"],"picked":"Metallicize"},{"not_picked":["Iron Wave","Flex"],"picked":"Metallicize"},{"not_picked":["Havoc","Rampage"],"picked":"Spot Weakness"},{"not_picked":["Juggernaut","Offering"],"picked":"Demon Form"},{"not_picked":["Warcry","Bloodletting"],"picked":"Inflame"}],"player_experience":127447,"potions_floor_usage":[16,18,21,24],"damage_taken":[{"damage":6,"enemies":"2 Louse","floor":1,"turns":3},{"damage":3,"enemies":"Small Slimes","floor":4,"turns":3},{"damage":4,"enemies":"Blue Slaver","floor":5,"turns":5},{"damage":11,"enemies":"3 Sentries","floor":6,"turns":11},{"damage":0,"enemies":"Looter","floor":8,"turns":1},{"damage":18,"enemies":"Lagavulin","floor":10,"turns":6},{"damage":13,"enemies":"Slime Boss","floor":16,"turns":6},{"damage":19,"enemies":"Spheric Guardian","floor":18,"turns":5},{"damage":40,"enemies":"2 Thieves","floor":21,"turns":4},{"damage":35,"enemies":"Book of Stabbing","floor":24,"turns":6}],"event_choices":[{"event_name":"Scrap Ooze","player_choice":"success","floor":2,"damage_taken":7},{"event_name":"Living Wall","player_choice":"Grow","floor":3,"damage_taken":0},{"event_name":"Liars Game","player_choice":"agreed","floor":11,"damage_taken":0},{"event_name":"World of Goop","player_choice":"Gather Gold","floor":14,"damage_taken":0},{"event_name":"The Lab","player_choice":"Got Potions","floor":19,"damage_taken":0},{"event_name":"Accursed Blacksmith","player_choice":"Forge","floor":20,"damage_taken":0},{"event_name":"Forgotten Altar","player_choice":"Shed Blood","floor":22,"damage_taken":0}],"boss_relics":[{"not_picked":["Astrolabe","Calling Bell"],"picked":"Eternal Feather"}],"potions_floor_spawned":[6,8,10,18,21],"seed_played":"6343196269615799575","killed_by":"Book of Stabbing","ascension_level":0,"is_trial":false}