{"gold_per_floor":[20,32,44,57,57,57,71,88,88,19,19,19,51,68,68,172,172,191,2,21,121,139,139,64,64,114,132,132,167,187,216,228,240],"floor_reached":33,"playtime":2380,"items_purged":["Strike_B"],"score":419,"play_id":"7279d894-3989-4c00-9355-a4a59ce4d45a","local_time":"20190506145354","is_ascension_mode":true,"campfire_choices":[{"data":"Ball Lightning","floor":6,"key":"SMITH"},{"data":"Zap","floor":11,"key":"SMITH"},{"data":"Genetic Algorithm","floor":15,"key":"SMITH"},{"data":"Coolheaded","floor":23,"key":"SMITH"},{"data":"Coolheaded","floor":25,"key":"SMITH"},{"data":"Sweeping Beam","floor":28,"key":"SMITH"},{"floor":32,"key":"REST"}],"neow_cost":"NO_GOLD","seed_source_timestamp":155201541596801,"circlet_count":0,"master_deck":["Strike_B","Strike_B","Defend_B","Defend_B","Defend_B","Defend_B","Zap+1","Dualcast","Ball Lightning","Coolheaded+1","Coolheaded+1","Ball Lightning+1","Leap","Coolheaded","Self Repair","Steam","Seek","Genetic Algorithm+1","Electrodynamics","Streamline","Conserve Battery","Chill+1","Hologram+1","Sweeping Beam+1","White Noise","Stack+1","Fusion+1"],"relics":["Cracked Core","Pocketwatch","Blue Candle","Bronze Scales","Black Star","DataDisk","FossilizedHelix","Gremlin Horn","Anchor","Bottled Lightning","Juzu Bracelet","MawBank","Nunchaku"],"potions_floor_usage":[13,16,16,21,29,29],"damage_taken":[{"damage":8,"enemies":"Small Slimes","floor":1,"turns":4},{"damage":0,"enemies":"Cultist","floor":2,"turns":3},{"damage":0,"enemies":"2 Louse","floor":3,"turns":2},{"damage":18,"enemies":"Lots of Slimes","floor":4,"turns":5},{"damage":1,"enemies":"2 Fungi Beasts","floor":7,"turns":2},{"damage":5,"enemies":"Red Slaver","floor":8,"turns":3},{"damage":2,"enemies":"Gremlin Nob","floor":13,"turns":3},{"damage":0,"enemies":"Blue Slaver","floor":14,"turns":4},{"damage":16,"enemies":"Hexaghost","floor":16,"turns":9},{"damage":7,"enemies":"Shell Parasite","floor":18,"turns":7},{"damage":0,"enemies":"3 Byrds","floor":20,"turns":2},{"damage":4,"enemies":"Colosseum Slavers","floor":21,"turns":4},{"damage":28,"enemies":"Colosseum Nobs","floor":21,"turns":4},{"damage":14,"enemies":"Snake Plant","floor":22,"turns":4},{"damage":4,"enemies":"Snecko","floor":27,"turns":5},{"damage":4,"enemies":"Slavers","floor":29,"turns":3},{"damage":0,"enemies":"Sentry and Sphere","floor":30,"turns":6},{"damage":15,"enemies":"Book of Stabbing","floor":31,"turns":7},{"damage":118,"enemies":"Automaton","floor":33,"turns":12}],"seed_played":"7895111984062674403","potions_obtained":[{"floor":1,"key":"Regen Potion"},{"floor":4,"key":"LiquidBronze"},{"floor":5,"key":"Block Potion"},{"floor":13,"key":"LiquidBronze"},{"floor":16,"key":"Explosive Potion"},{"floor":20,"key":"Energy Potion"},{"floor":21,"key":"AttackPotion"}],"is_trial":false,"path_per_floor":["M","M","M","M","?","R","M","M","T","$","R","?","E","M","R","B",null,"M","$","M","?","M","R","$","R","T","M","R","E","M","E","R","B"],"character_chosen":"DEFECT","items_purchased":["Self Repair","DataDisk","Conserve Battery"],"campfire_rested":1,"item_purchase_floors":[10,19,19],"current_hp_per_floor":[60,60,60,42,42,42,41,36,36,36,36,36,41,48,48,54,70,70,70,75,54,40,40,40,40,40,36,36,39,46,38,60,0],"gold":240,"neow_bonus":"ONE_RARE_RELIC","is_prod":false,"is_daily":false,"chose_seed":false,"campfire_upgraded":6,"win_rate":0,"timestamp":1557150834,"path_taken":["M","M","M","M","?","R","M","?","T","$","R","?","E","?","R","BOSS","M","?","?","?","M","R","$","R","T","M","R","E","M","E","R","BOSS"],"build_version":"2019-01-23","purchased_purges":1,"victory":false,"max_hp_per_floor":[75,75,75,75,75,75,75,75,75,75,75,75,75,75,75,75,75,75,75,75,75,75,75,75,75,75,75,75,75,75,75,75,75],"card_choices":[{"not_picked":["Chaos","Coolheaded"],"picked":"Ball Lightning","floor":1},{"not_picked":["Gash","Steam Power"],"picked":"Coolheaded","floor":2},{"not_picked":["Rebound","Hologram"],"picked":"Coolheaded","floor":3},{"not_picked":["Scrape","Go for the Eyes"],"picked":"Ball Lightning","floor":4},{"not_picked":["Redo","Ball Lightning"],"picked":"Leap","floor":7},{"not_picked":["All For One","Cold Snap"],"picked":"Coolheaded","floor":8},{"not_picked":["Go for the Eyes","Force Field"],"picked":"Seek","floor":13},{"not_picked":["Steam","Blizzard"],"picked":"Genetic Algorithm","floor":14},{"not_picked":["Machine Learning","Amplify"],"picked":"Electrodynamics","floor":16},{"not_picked":["Skim","Self Repair"],"picked":"Streamline","floor":18},{"not_picked":["Lockon","Barrage"],"picked":"Chill+1","floor":20},{"not_picked":["Rebound","Ball Lightning+1"],"picked":"Hologram+1","floor":22},{"not_picked":["Ball Lightning","Force Field"],"picked":"Sweeping Beam","floor":27},{"not_picked":["Sweeping Beam+1","Ball Lightning"],"picked":"White Noise","floor":29},{"not_picked":["Storm+1","Compile Driver"],"picked":"Stack+1","floor":30},{"not_picked":["Conserve Battery","Multi-Cast"],"picked":"Fusion+1","floor":31}],"player_experience":325695,"relics_obtained":[{"floor":9,"key":"Blue Candle"},{"floor":13,"key":"Bronze Scales"},{"floor":21,"key":"FossilizedHelix"},{"floor":21,"key":"Gremlin Horn"},{"floor":26,"key":"Anchor"},{"floor":29,"key":"Bottled Lightning"},{"floor":29,"key":"Juzu Bracelet"},{"floor":31,"key":"MawBank"},{"floor":31,"key":"Nunchaku"}],"event_choices":[{"damage_healed":0,"gold_gain":0,"player_choice":"Got Potions","damage_taken":0,"max_hp_gain":0,"max_hp_loss":0,"event_name":"Lab","floor":5,"gold_loss":0},{"damage_healed":0,"gold_gain":0,"cards_transformed":["Strike_B"],"player_choice":"Transformed","damage_taken":0,"max_hp_gain":0,"max_hp_loss":0,"event_name":"Transmorgrifier","floor":12,"gold_loss":0,"cards_obtained":["Steam"]},{"damage_healed":0,"gold_gain":0,"player_choice":"Fight","damage_taken":0,"max_hp_gain":0,"max_hp_loss":0,"event_name":"Colosseum","floor":21,"gold_loss":0},{"damage_healed":0,"gold_gain":0,"player_choice":"Fought Nobs","damage_taken":0,"max_hp_gain":0,"max_hp_loss":0,"event_name":"Colosseum","floor":21,"gold_loss":0}],"is_beta":false,"boss_relics":[{"not_picked":["White Beast Statue","Eternal Feather"],"picked":"Black Star"}],"items_purged_floors":[24],"is_endless":false,"potions_floor_spawned":[1,4,13,16,20,21,22,27],"killed_by":"Automaton","ascension_level":9}