{"gold_per_floor":[119,38,38,51,51,51,16,52,52,95,107,142,198,53,53,53],"floor_reached":16,"playtime":391,"items_purged":["Strike_R"],"score":203,"play_id":"516bd2b5-d8fa-46f2-9f96-baaddcc4d8f0","local_time":"20190323163336","is_ascension_mode":true,"campfire_choices":[{"data":"Clothesline","floor":6.0,"key":"SMITH"},{"floor":11,"key":"REST"},{"floor":15,"key":"REST"}],"neow_cost":"NONE","seed_source_timestamp":883574033749704,"circlet_count":0,"master_deck":["AscendersBane","Strike_R","Strike_R","Strike_R","Strike_R","Defend_R","Defend_R","Defend_R+1","Defend_R","Bash+1","Headbutt","Hemokinesis+1","Clothesline+1","Whirlwind","Spot Weakness","Feel No Pain"],"special_seed":0,"relics":["Burning Blood","Golden Idol","Matryoshka","Smiling Mask","MawBank","Meat on the Bone"],"potions_floor_usage":[],"damage_taken":[{"damage":6.0,"enemies":"Jaw Worm","floor":1.0,"turns":5.0},{"damage":1.0,"enemies":"Small Slimes","floor":4.0,"turns":3.0},{"damage":23.0,"enemies":"Gremlin Nob","floor":8.0,"turns":4.0},{"damage":26,"enemies":"Lagavulin","floor":10,"turns":6},{"damage":0,"enemies":"2 Louse","floor":12,"turns":3},{"damage":28,"enemies":"3 Sentries","floor":13,"turns":8},{"damage":43,"enemies":"Slime Boss","floor":16,"turns":5}],"seed_played":"-8455785499167206854","potions_obtained":[{"floor":1.0,"key":"SmokeBomb"},{"floor":4.0,"key":"Weak Potion"}],"is_trial":false,"path_per_floor":["M","$","?","M","?","R","?","E","T","E","R","M","E","$","R","B"],"character_chosen":"IRONCLAD","items_purchased":["Hemokinesis","Spot Weakness","Feel No Pain"],"campfire_rested":2,"item_purchase_floors":[2,14,14],"current_hp_per_floor":[68,68,45,50,50,50,50,33,33,13,33,39,17,17,37,0],"gold":53,"neow_bonus":"UPGRADE_CARD","is_prod":false,"is_daily":false,"chose_seed":false,"campfire_upgraded":1,"win_rate":0,"timestamp":1553373216,"path_taken":["M","$","?","M","?","R","?","E","T","E","R","M","E","?","R","BOSS"],"build_version":"2019-03-15","purchased_purges":1,"victory":false,"max_hp_per_floor":[75,75,75,75,68,68,68,68,68,68,68,68,68,68,68,68],"card_choices":[{"not_picked":["Perfected Strike","Warcry"],"picked":"Headbutt","floor":1.0},{"not_picked":["Iron Wave","Seeing Red"],"picked":"Clothesline","floor":4.0},{"not_picked":["Uppercut","Clash"],"picked":"Whirlwind","floor":8.0},{"not_picked":["Clash","Evolve","Dual Wield"],"picked":"SKIP","floor":10},{"not_picked":["Perfected Strike","Clothesline","Body Slam"],"picked":"SKIP","floor":12},{"not_picked":["Dark Embrace","Warcry","Heavy Blade"],"picked":"SKIP","floor":13}],"player_experience":2274165,"relics_obtained":[{"floor":8.0,"key":"Matryoshka"},{"floor":9,"key":"Smiling Mask"},{"floor":10,"key":"MawBank"},{"floor":13,"key":"Meat on the Bone"}],"event_choices":[{"damage_healed":0.0,"max_hp_gain":0.0,"max_hp_loss":0.0,"gold_gain":0.0,"event_name":"Shining Light","player_choice":"Entered Light","floor":3.0,"gold_loss":0.0,"damage_taken":23.0,"cards_upgraded":["Defend_R","Hemokinesis"]},{"damage_healed":0.0,"max_hp_gain":0.0,"max_hp_loss":7.0,"gold_gain":0.0,"event_name":"Golden Idol","player_choice":"Lose Max HP","floor":5.0,"gold_loss":0.0,"damage_taken":0.0,"relics_obtained":["Golden Idol"]},{"damage_healed":0.0,"max_hp_gain":0.0,"max_hp_loss":0.0,"gold_gain":0.0,"event_name":"World of Goop","player_choice":"Left Gold","floor":7.0,"gold_loss":35.0,"damage_taken":0.0}],"is_beta":true,"boss_relics":[],"items_purged_floors":[14],"is_endless":false,"potions_floor_spawned":[1,4],"killed_by":"Slime Boss","ascension_level":15}