{"path_per_floor":["M","M","?","?","M","$","R","E","T","M","M","?","$","M","R","B",null,"M","$","?","?","M","R","$","?","T","?","R","M","R","$","R"],"character_chosen":"THE_SILENT","items_purchased":["Skewer","Calculated Gamble","Omamori","Terror"],"gold_per_floor":[15,31,31,31,51,17,17,45,45,60,70,70,30,45,45,150,150,163,6,6,6,16,16,16,16,16,16,16,35,35,1,1,1],"floor_reached":33,"campfire_rested":0,"playtime":1419,"current_hp_per_floor":[63,62,62,62,62,62,62,43,43,43,43,43,43,31,31,21,58,50,50,34,57,57,57,57,44,44,44,44,43,43,43,43,0],"items_purged":[],"gold":1,"score":389,"play_id":"793f7197-4578-4452-aa6e-61e9e34ba32f","local_time":"20180330155225","is_prod":false,"is_daily":false,"is_ascension_mode":true,"campfire_upgraded":6,"timestamp":1522439545,"path_taken":["M","M","?","?","M","$","R","E","T","M","?","?","$","M","R","BOSS","M","$","?","?","M","R","$","?","T","?","R","M","R","?","R","BOSS"],"build_version":"2018-03-29v2","purchased_purges":0,"victory":false,"master_deck":["Defend_G","Defend_G","Defend_G","Defend_G","Defend_G","Strike_G","Strike_G","Strike_G","Strike_G","Survivor","Neutralize","AscendersBane","A Thousand Cuts+1","Deflect","Doppelganger+1","Dagger Spray","Skewer+1","Deflect","Terror","Prepared","Malaise+1","Calculated Gamble+1","Dodge and Roll","Doppelganger+1","Expertise+1","Flying Knee","Terror"],"max_hp_per_floor":[70,70,70,70,70,70,70,70,70,70,70,70,70,70,70,70,70,70,70,70,70,70,70,70,75,75,75,75,75,75,75,75,75],"relics":["Ring of the Snake","Thread and Needle","Oddly Smooth Stone","Sozu","Omamori","Enchiridion","Matryoshka"],"card_choices":[{"not_picked":["Bullet Time","Unload"],"picked":"A Thousand Cuts","floor":0},{"not_picked":["Heel Hook","PiercingWail"],"picked":"Deflect","floor":1},{"not_picked":["Deadly Poison","Outmaneuver"],"picked":"Doppelganger","floor":2},{"not_picked":["Underhanded Strike","Masterful Stab"],"picked":"Dagger Spray","floor":5},{"not_picked":["Catalyst","Skewer"],"picked":"Deflect","floor":8},{"not_picked":["Finisher","Prepared"],"picked":"Terror","floor":10},{"not_picked":["Expertise","Quick Slash"],"picked":"Prepared","floor":11},{"not_picked":["Sucker Punch","Setup"],"picked":"Dodge and Roll","floor":14},{"not_picked":["Grand Finale","Bullet Time"],"picked":"Doppelganger","floor":16},{"not_picked":["Accuracy","Acrobatics"],"picked":"Expertise","floor":18},{"not_picked":["Deflect","Cloak And Dagger"],"picked":"Flying Knee","floor":22}],"player_experience":633741,"potions_floor_usage":[8,14,29,33],"damage_taken":[{"damage":0,"enemies":"2 Louse","floor":1,"turns":3},{"damage":1,"enemies":"Cultist","floor":2,"turns":4},{"damage":0,"enemies":"Small Slimes","floor":5,"turns":4},{"damage":19,"enemies":"3 Sentries","floor":8,"turns":5},{"damage":0,"enemies":"Gremlin Gang","floor":10,"turns":4},{"damage":0,"enemies":"Large Slime","floor":11,"turns":5},{"damage":12,"enemies":"Lots of Slimes","floor":14,"turns":2},{"damage":10,"enemies":"The Guardian","floor":16,"turns":12},{"damage":8,"enemies":"2 Thieves","floor":18,"turns":4},{"damage":0,"enemies":"Shell Parasite","floor":22,"turns":6},{"damage":1,"enemies":"Snecko","floor":29,"turns":5},{"damage":63,"enemies":"Champ","floor":33,"turns":11}],"event_choices":[{"event_name":"Purifier","player_choice":"One Purge","floor":3,"damage_taken":0},{"event_name":"Accursed Blacksmith","player_choice":"Forge","floor":4,"damage_taken":0},{"event_name":"Match and Keep!","player_choice":"1 cards matched","floor":12,"damage_taken":0},{"event_name":"Cursed Tome","player_choice":"Obtained Book","floor":20,"damage_taken":0},{"event_name":"The Library","player_choice":"Heal","floor":21,"damage_taken":0},{"event_name":"Forgotten Altar","player_choice":"Shed Blood","floor":25,"damage_taken":0},{"event_name":"Addict","player_choice":"Ignored","floor":27,"damage_taken":0}],"boss_relics":[{"not_picked":["Cursed Key","Orrery"],"picked":"Sozu"}],"potions_floor_spawned":[1,11,14,16],"seed_played":"6089204869737105152","killed_by":"Champ","ascension_level":12,"is_trial":false}