{"path_per_floor":["M","$","?","?","$","R","M","R","T","M","M","R","?","?","R","B",null,"M","?","?","M","M","R","?","R","T","R","M","M","$","M","R","B",null,"M","$","M","M","?","R","?","M","T","M","R","M","?","$","R"],"character_chosen":"THE_SILENT","items_purchased":["Backflip","Swift Potion"],"gold_per_floor":[113,38,38,113,13,13,32,32,32,43,60,60,60,60,60,155,155,165,165,165,183,201,201,201,201,201,201,217,231,59,74,74,171,171,182,182,195,206,206,206,206,217,217,228,228,247,247,46,46,46],"floor_reached":50,"campfire_rested":2,"playtime":2337,"current_hp_per_floor":[70,70,70,59,59,59,59,59,59,54,47,47,52,75,75,75,75,75,75,75,62,62,62,62,62,62,62,59,41,41,41,41,26,75,69,69,44,31,31,31,24,11,11,6,28,28,28,28,50,0],"items_purged":["Dagger Throw","Sucker Punch","Outmaneuver","Doppelganger"],"gold":46,"score":507,"play_id":"f753fa67-68df-4d0d-be23-fcd7bec73bde","local_time":"20180408164841","is_prod":false,"is_daily":false,"is_ascension_mode":false,"campfire_upgraded":9,"timestamp":1523220521,"path_taken":["M","$","?","?","?","R","M","R","T","M","M","R","?","?","R","BOSS","M","?","?","?","M","R","?","R","T","R","M","?","$","M","R","BOSS","M","$","M","M","?","R","?","?","T","M","R","M","?","?","R","BOSS"],"build_version":"2018-04-05v2","purchased_purges":6,"victory":false,"master_deck":["Survivor","Neutralize+1","Footwork+1","Glass Knife+1","Noxious Fumes+1","Dagger Spray+1","Dodge and Roll+1","Deadly Poison","Burst+1","Malaise+1","Bouncing Flask+1","Backflip+1","Backflip+1","Blur+1","Deflect+1","Blur+1"],"max_hp_per_floor":[70,70,70,70,70,70,70,70,70,70,70,70,75,75,75,75,75,75,75,75,75,75,75,75,75,75,75,75,75,75,75,75,75,75,75,75,75,75,75,75,75,75,75,75,75,75,75,75,75,75],"relics":["Pandora\u0027s Box"],"card_choices":[{"not_picked":["Cloak And Dagger","PiercingWail"],"picked":"Dodge and Roll","floor":1},{"not_picked":["Outmaneuver","PiercingWail"],"picked":"Deadly Poison","floor":7},{"not_picked":["Venomology","Unload"],"picked":"Burst","floor":16},{"not_picked":["Caltrops","Infinite Blades"],"picked":"Malaise","floor":18},{"not_picked":["Quick Slash","Prepared"],"picked":"Bouncing Flask","floor":28},{"not_picked":["After Image","Tools of the Trade"],"picked":"Doppelganger","floor":33},{"not_picked":["Cloak And Dagger","Crippling Poison"],"picked":"Backflip","floor":35},{"not_picked":["Crippling Poison","Accuracy"],"picked":"Blur","floor":37},{"not_picked":["Masterful Stab","Acrobatics"],"picked":"Deflect","floor":46}],"player_experience":764068,"potions_floor_usage":[10,28,31,42,44,44,50,50],"damage_taken":[{"damage":0,"enemies":"Small Slimes","floor":1,"turns":2},{"damage":0,"enemies":"Cultist","floor":7,"turns":3},{"damage":5,"enemies":"Jaw Worm","floor":10,"turns":2},{"damage":7,"enemies":"Looter","floor":11,"turns":3},{"damage":0,"enemies":"Slime Boss","floor":16,"turns":7},{"damage":0,"enemies":"Chosen","floor":18,"turns":4},{"damage":13,"enemies":"Spheric Guardian","floor":21,"turns":4},{"damage":0,"enemies":"Snecko","floor":22,"turns":5},{"damage":3,"enemies":"Chosen and Byrds","floor":28,"turns":6},{"damage":18,"enemies":"Snake Plant","floor":29,"turns":4},{"damage":0,"enemies":"3 Cultists","floor":31,"turns":5},{"damage":15,"enemies":"Automaton","floor":33,"turns":9},{"damage":6,"enemies":"3 Shapes","floor":35,"turns":6},{"damage":25,"enemies":"Orb Walker","floor":37,"turns":6},{"damage":13,"enemies":"3 Darklings","floor":38,"turns":6},{"damage":13,"enemies":"4 Shapes","floor":42,"turns":7},{"damage":5,"enemies":"Maw","floor":44,"turns":9},{"damage":0,"enemies":"Sphere and 2 Shapes","floor":46,"turns":7},{"damage":66,"enemies":"Donu and Deca","floor":50,"turns":11}],"event_choices":[{"event_name":"Purifier","player_choice":"One Purge","floor":3,"damage_taken":0},{"event_name":"World of Goop","player_choice":"Gather Gold","floor":4,"damage_taken":0},{"event_name":"Big Fish","player_choice":"Donut","floor":13,"damage_taken":0},{"event_name":"Wheel of Change","player_choice":"Full Heal","floor":14,"damage_taken":0},{"event_name":"Accursed Blacksmith","player_choice":"Forge","floor":19,"damage_taken":0},{"event_name":"Bonfire Elementals","player_choice":"COMMON","floor":20,"damage_taken":0},{"event_name":"Back to Basics","player_choice":"Elegance","floor":24,"damage_taken":0},{"event_name":"SecretPortal","player_choice":"Rejected Portal.","floor":39,"damage_taken":0},{"event_name":"Wheel of Change","player_choice":"Damage","floor":41,"damage_taken":0},{"event_name":"Duplicator","player_choice":"One dupe","floor":47,"damage_taken":0}],"boss_relics":[{"not_picked":["Orrery","Tiny House","Pandora\u0027s Box"]},{"not_picked":["Orrery","Tiny House","Pandora\u0027s Box"]}],"potions_floor_spawned":[7,10,21,28,29,35,37,46],"seed_played":"4001292397835368030","killed_by":"Donu and Deca","ascension_level":0,"is_trial":false}