{"gold_per_floor":[212,212,226,243,259,285,285,311,334,334,609,626,626,124,124,124],"floor_reached":16,"playtime":709,"items_purged":["Regret"],"score":220,"play_id":"151cebbf-3e88-4091-bc2b-32e32ea82153","local_time":"20190508033715","is_ascension_mode":true,"campfire_choices":[{"data":"Bash","floor":7.0,"key":"SMITH"},{"floor":10.0,"key":"REST"},{"data":"Cleave","floor":13.0,"key":"SMITH"},{"data":"True Grit","floor":15.0,"key":"SMITH"}],"neow_cost":"NONE","seed_source_timestamp":1330478515720569,"circlet_count":0,"master_deck":["AscendersBane","Strike_R","Strike_R","Strike_R","Strike_R","Defend_R","Defend_R","Defend_R","Defend_R","Bash+1","Cleave+1","Offering","Evolve","Iron Wave","Exhume","True Grit+1"],"special_seed":0,"relics":["Burning Blood","Bag of Preparation","Boot","Regal Pillow","PreservedInsect","ClockworkSouvenir"],"potions_floor_usage":[16,16],"damage_taken":[{"damage":6.0,"enemies":"Cultist","floor":1.0,"turns":3.0},{"damage":8.0,"enemies":"Jaw Worm","floor":3.0,"turns":2.0},{"damage":6.0,"enemies":"2 Louse","floor":4.0,"turns":2.0},{"damage":5.0,"enemies":"2 Fungi Beasts","floor":5.0,"turns":4.0},{"damage":32.0,"enemies":"Lagavulin","floor":6.0,"turns":5.0},{"damage":27.0,"enemies":"3 Sentries","floor":8.0,"turns":6.0},{"damage":15.0,"enemies":"Red Slaver","floor":12.0,"turns":3.0},{"damage":50,"enemies":"Hexaghost","floor":16,"turns":9}],"seed_played":"-2209704950613778023","potions_obtained":[{"floor":1.0,"key":"EssenceOfSteel"},{"floor":4.0,"key":"Energy Potion"},{"floor":6.0,"key":"SkillPotion"},{"floor":8.0,"key":"Weak Potion"}],"is_trial":false,"path_per_floor":["M","?","M","M","M","E","R","E","T","R","?","M","R","$","R","B"],"character_chosen":"IRONCLAD","items_purchased":["PreservedInsect","ClockworkSouvenir","True Grit"],"campfire_rested":1,"item_purchase_floors":[14,14,14],"current_hp_per_floor":[68,68,66,66,67,41,41,20,20,57,57,48,48,48,48,0],"gold":124,"neow_bonus":"HUNDRED_GOLD","is_prod":false,"is_daily":false,"chose_seed":false,"campfire_upgraded":3,"win_rate":0,"timestamp":1557301035,"path_taken":["M","?","?","M","M","E","R","E","T","R","?","M","R","?","R","BOSS"],"build_version":"2019-01-23","purchased_purges":1,"victory":false,"max_hp_per_floor":[75,75,75,75,75,75,75,75,75,75,75,75,75,75,75,75],"card_choices":[{"not_picked":["Sever Soul","Bloodletting"],"picked":"Cleave","floor":1.0},{"not_picked":["Fire Breathing","Ghostly Armor"],"picked":"Evolve","floor":3.0},{"not_picked":["Anger","Armaments"],"picked":"Iron Wave","floor":4.0},{"not_picked":["Warcry","Perfected Strike"],"picked":"Exhume","floor":5.0},{"not_picked":["Iron Wave","Infernal Blade","Clash"],"picked":"SKIP","floor":6.0},{"not_picked":["Heavy Blade","Double Tap","Body Slam"],"picked":"SKIP","floor":8.0},{"not_picked":["Havoc","Intimidate","Flex"],"picked":"SKIP","floor":12.0}],"player_experience":2449073,"relics_obtained":[{"floor":6.0,"key":"Bag of Preparation"},{"floor":8.0,"key":"Boot"},{"floor":9.0,"key":"Regal Pillow"}],"event_choices":[{"damage_healed":0.0,"max_hp_gain":0.0,"max_hp_loss":0.0,"gold_gain":0.0,"cards_transformed":["Strike_R"],"event_name":"Transmorgrifier","player_choice":"Transformed","floor":2.0,"gold_loss":0.0,"damage_taken":0.0,"cards_obtained":["Offering"]},{"damage_healed":0.0,"max_hp_gain":0.0,"max_hp_loss":0.0,"gold_gain":275.0,"event_name":"Golden Shrine","player_choice":"Desecrate","floor":11.0,"gold_loss":0.0,"damage_taken":0.0,"cards_obtained":["Regret"]}],"is_beta":false,"boss_relics":[],"items_purged_floors":[14],"is_endless":false,"potions_floor_spawned":[1,4,6,8],"killed_by":"Hexaghost","ascension_level":20}