{"gold_per_floor":[110,110,129,145,145,178,178,208,234,251,251,251,276,288,288,367,367,382,382,482,71,81,81,98,125,152,152,42,56,56,56,56,132,132,152,69,69,69,85,118,118,138,138,173,188,188,200,25,25,25,25,25,25,25,50,50],"floor_reached":56,"playtime":3796,"items_purged":["Strike_B"],"score":2111,"play_id":"b879de38-29c1-4833-96c1-0ad5110c300e","local_time":"20190511010929","is_ascension_mode":true,"campfire_choices":[{"floor":7,"key":"REST"},{"floor":12,"key":"REST"},{"floor":15,"key":"REST"},{"floor":23,"key":"REST"},{"data":"Consume","floor":27,"key":"SMITH"},{"data":"Defragment","floor":30,"key":"SMITH"},{"floor":32,"key":"REST"},{"data":"Biased Cognition","floor":41,"key":"SMITH"},{"data":"Capacitor","floor":46,"key":"SMITH"},{"floor":49,"key":"RECALL"},{"data":"Seek","floor":53,"key":"SMITH"}],"neow_cost":"NONE","seed_source_timestamp":314265850283574,"circlet_count":0,"master_deck":["AscendersBane","Strike_B","Defend_B","Defend_B","Defend_B","Defend_B","Zap+1","Dualcast","Go for the Eyes","Streamline","Coolheaded","Ball Lightning","Capacitor","Consume+1","Doom and Gloom","Ball Lightning","Cold Snap","Seek+1","Coolheaded","Sweeping Beam+1","Undo","Defragment+1","Static Discharge","Necronomicurse","Biased Cognition+1","Capacitor+1","Defragment","Panacea","Blind","Zap","Hologram+1","Recycle+1","Coolheaded+1","BootSequence+1","Force Field+1","Stack+1"],"relics":["Cracked Core","GremlinMask","Orichalcum","DataDisk","Bronze Scales","Darkstone Periapt","Gremlin Horn","Velvet Choker","FossilizedHelix","Question Card","Bottled Lightning","Oddly Smooth Stone","Lantern","Necronomicon","Runic Pyramid","The Courier","Smiling Mask","Runic Capacitor","Pen Nib"],"potions_floor_usage":[6,6,20,20,25,42,50,55],"damage_taken":[{"damage":4,"enemies":"Small Slimes","floor":1,"turns":3},{"damage":7,"enemies":"Cultist","floor":3,"turns":4},{"damage":7,"enemies":"2 Louse","floor":4,"turns":3},{"damage":16,"enemies":"3 Sentries","floor":6,"turns":8},{"damage":16,"enemies":"Gremlin Nob","floor":8,"turns":4},{"damage":4,"enemies":"Blue Slaver","floor":10,"turns":4},{"damage":18,"enemies":"3 Sentries","floor":13,"turns":4},{"damage":5,"enemies":"3 Louse","floor":14,"turns":2},{"damage":17,"enemies":"Slime Boss","floor":16,"turns":8},{"damage":3,"enemies":"Spheric Guardian","floor":18,"turns":4},{"damage":17,"enemies":"Colosseum Slavers","floor":20,"turns":3},{"damage":5,"enemies":"Colosseum Nobs","floor":20,"turns":5},{"damage":0,"enemies":"Chosen","floor":22,"turns":4},{"damage":21,"enemies":"Snake Plant","floor":24,"turns":3},{"damage":8,"enemies":"Book of Stabbing","floor":25,"turns":4},{"damage":0,"enemies":"Snecko","floor":29,"turns":5},{"damage":21,"enemies":"Collector","floor":33,"turns":10},{"damage":0,"enemies":"3 Shapes","floor":35,"turns":2},{"damage":0,"enemies":"Orb Walker","floor":39,"turns":3},{"damage":0,"enemies":"Giant Head","floor":40,"turns":10},{"damage":0,"enemies":"3 Darklings","floor":42,"turns":4},{"damage":0,"enemies":"Nemesis","floor":44,"turns":7},{"damage":0,"enemies":"Writhing Mass","floor":45,"turns":7},{"damage":0,"enemies":"Spire Growth","floor":47,"turns":5},{"damage":8,"enemies":"Awakened One","floor":50,"turns":11},{"damage":0,"enemies":"Time Eater","floor":51,"turns":16},{"damage":25,"enemies":"Shield and Spear","floor":55,"turns":8},{"damage":45,"enemies":"The Heart","floor":56,"turns":10}],"seed_played":"-672609632820965570","potions_obtained":[{"floor":1,"key":"SteroidPotion"},{"floor":4,"key":"Block Potion"},{"floor":10,"key":"GamblersBrew"},{"floor":13,"key":"Ancient Potion"},{"floor":16,"key":"EssenceOfSteel"},{"floor":22,"key":"PowerPotion"},{"floor":39,"key":"Ancient Potion"},{"floor":45,"key":"SpeedPotion"}],"is_trial":false,"path_per_floor":["M","?","M","M","?","E","R","E","T","M","T","R","E","M","R","B",null,"M","$","?","$","M","R","M","E","T","R","?","M","R","?","R","B",null,"M","$","?","?","M","E","R","M","T","E","M","R","M","$","R","B","B",null,"R","$","E","B"],"character_chosen":"DEFECT","items_purchased":["Bottled Lightning","Fire Potion","Defragment","Runic Capacitor"],"campfire_rested":5,"item_purchase_floors":[21,21,36,48],"current_hp_per_floor":[60,60,53,46,39,23,44,28,28,24,24,45,27,22,43,26,60,57,57,35,35,35,56,35,27,27,27,27,27,27,12,35,14,61,61,61,51,51,51,51,51,51,51,51,51,51,51,51,51,43,43,69,69,69,44,0],"gold":50,"neow_bonus":"THREE_CARDS","is_prod":false,"is_daily":false,"chose_seed":false,"campfire_upgraded":5,"win_rate":0,"timestamp":1557562169,"path_taken":["M","?","?","M","?","E","R","E","T","M","?","R","E","M","R","BOSS","M","$","?","$","M","R","M","E","T","R","?","?","R","?","R","BOSS","M","$","?","?","?","E","R","M","T","E","M","R","M","$","R","BOSS","BOSS","R","$","E","BOSS"],"build_version":"2019-05-07","purchased_purges":1,"victory":false,"max_hp_per_floor":[71,71,71,71,71,71,71,71,71,71,71,71,71,71,71,71,71,71,71,71,71,71,71,71,71,71,71,71,71,71,77,77,77,77,77,77,77,77,77,77,77,77,77,77,77,77,77,77,77,77,77,77,77,77,77,77],"card_choices":[{"not_picked":["Turbo","Leap"],"picked":"Go for the Eyes","floor":0},{"not_picked":["Blizzard","Double Energy"],"picked":"Streamline","floor":1},{"not_picked":["Leap","Redo"],"picked":"Coolheaded","floor":3},{"not_picked":["Barrage","Leap"],"picked":"Ball Lightning","floor":4},{"not_picked":["Rebound","Hello World"],"picked":"Capacitor","floor":6},{"not_picked":["Beam Cell","Barrage"],"picked":"Consume","floor":8},{"not_picked":["Hologram","Sweeping Beam"],"picked":"Doom and Gloom","floor":10},{"not_picked":["Multi-Cast","Chill"],"picked":"Ball Lightning","floor":13},{"not_picked":["Storm","Redo"],"picked":"Cold Snap","floor":14},{"not_picked":["Multi-Cast","Creative AI"],"picked":"Seek","floor":16},{"not_picked":["Melter","Chill"],"picked":"Coolheaded","floor":18},{"not_picked":["Conserve Battery","Cold Snap"],"picked":"Sweeping Beam+1","floor":20},{"not_picked":["FTL","Streamline","Sweeping Beam"],"picked":"Undo","floor":22},{"not_picked":["Hologram","Stack","Go for the Eyes"],"picked":"Defragment","floor":24},{"not_picked":["Aggregate","BootSequence","Steam"],"picked":"Static Discharge","floor":25},{"not_picked":["Steam Power","Ball Lightning","Chaos","Rip and Tear"],"picked":"SKIP","floor":29},{"not_picked":["Buffer","Multi-Cast","Seek"],"picked":"Biased Cognition","floor":33},{"not_picked":["Chill+1","Coolheaded+1","Turbo+1"],"picked":"Capacitor","floor":35},{"not_picked":["Thinking Ahead","Enlightenment","Deep Breath"],"picked":"Panacea","floor":37},{"not_picked":["Trip","Mayhem","Flash of Steel"],"picked":"Blind","floor":37},{"not_picked":["Barrage","Redo","Recycle"],"picked":"Hologram+1","floor":39},{"not_picked":["Skim","Cold Snap+1","Hologram+1"],"picked":"Recycle+1","floor":40},{"not_picked":["Redo","Storm","Compile Driver+1"],"picked":"Coolheaded+1","floor":42},{"not_picked":["Recycle","Stack+1","Barrage+1"],"picked":"BootSequence+1","floor":44},{"not_picked":["Ball Lightning","Reprogram","Multi-Cast"],"picked":"Force Field+1","floor":45},{"not_picked":["Sweeping Beam+1","Rebound","Compile Driver","Redo"],"picked":"SKIP","floor":47},{"not_picked":["Core Surge","Sunder","Go for the Eyes+1"],"picked":"Stack+1","floor":55}],"player_experience":6355571,"relics_obtained":[{"floor":6,"key":"Orichalcum"},{"floor":8,"key":"DataDisk"},{"floor":9,"key":"Bronze Scales"},{"floor":11,"key":"Darkstone Periapt"},{"floor":13,"key":"Gremlin Horn"},{"floor":20,"key":"FossilizedHelix"},{"floor":20,"key":"Question Card"},{"floor":25,"key":"Oddly Smooth Stone"},{"floor":26,"key":"Lantern"},{"floor":31,"key":"Necronomicon"},{"floor":40,"key":"The Courier"},{"floor":44,"key":"Smiling Mask"},{"floor":55,"key":"Pen Nib"}],"event_choices":[{"damage_healed":0,"gold_gain":0,"player_choice":"Trade","damage_taken":0,"relics_obtained":["GremlinMask"],"max_hp_gain":0,"max_hp_loss":0,"event_name":"FaceTrader","floor":2,"gold_loss":0},{"cards_removed":["Strike_B"],"damage_healed":0,"gold_gain":0,"player_choice":"Card Removal","damage_taken":7,"max_hp_gain":0,"max_hp_loss":0,"event_name":"Golden Wing","floor":5,"gold_loss":0},{"damage_healed":0,"gold_gain":0,"player_choice":"Fight","damage_taken":0,"max_hp_gain":0,"max_hp_loss":0,"event_name":"Colosseum","floor":20,"gold_loss":0},{"damage_healed":0,"gold_gain":0,"player_choice":"Fought Nobs","damage_taken":0,"max_hp_gain":0,"max_hp_loss":0,"event_name":"Colosseum","floor":20,"gold_loss":0},{"cards_removed":["Strike_B"],"damage_healed":0,"gold_gain":0,"player_choice":"Upgrade and Remove","damage_taken":0,"max_hp_gain":0,"max_hp_loss":0,"event_name":"Designer","floor":28,"gold_loss":110,"cards_upgraded":["Zap"]},{"damage_healed":0,"gold_gain":0,"player_choice":"Obtained Book","damage_taken":21,"max_hp_gain":0,"max_hp_loss":0,"event_name":"Cursed Tome","floor":31,"gold_loss":0},{"damage_healed":0,"gold_gain":0,"player_choice":"Memory 3","damage_taken":10,"max_hp_gain":0,"max_hp_loss":0,"event_name":"SensoryStone","floor":37,"gold_loss":0},{"damage_healed":0,"gold_gain":0,"player_choice":"1 cards matched","damage_taken":0,"max_hp_gain":0,"max_hp_loss":0,"event_name":"Match and Keep!","floor":38,"gold_loss":0,"cards_obtained":["Zap"]}],"is_beta":true,"boss_relics":[{"not_picked":["Nuclear Battery","Empty Cage"],"picked":"Velvet Choker"},{"not_picked":["Philosopher\u0027s Stone","Eternal Feather"],"picked":"Runic Pyramid"}],"items_purged_floors":[21],"is_endless":false,"potions_floor_spawned":[1,4,10,13,16,20,22,24,39,45,47],"killed_by":"The Heart","ascension_level":20}