{"path_per_floor":["M","?","?","M","$","R","E","R","T","M","?","M","E","M","R","B",null,"M","M","$","M","$","R","$","E","T","M","R","?","M","M","R"],"character_chosen":"THE_SILENT","items_purchased":["Footwork","Riddle With Holes","Footwork","Dodecahedron","Infinite Blades"],"gold_per_floor":[115,115,115,125,19,19,47,47,72,85,149,169,202,217,217,314,314,325,339,63,77,4,4,4,35,62,75,75,75,85,101,101],"floor_reached":33,"campfire_rested":3,"playtime":1968,"current_hp_per_floor":[63,63,63,63,63,63,63,63,63,63,60,60,54,54,54,31,58,38,29,29,25,25,57,57,57,57,41,67,51,27,4,36],"items_purged":[],"gold":101,"score":507,"play_id":"2c704e83-4874-4c5e-91fe-023cbdcdf936","local_time":"20180321215012","is_prod":false,"is_daily":false,"is_ascension_mode":true,"campfire_upgraded":3,"timestamp":1521683412,"path_taken":["M","?","?","?","?","R","E","R","T","M","?","M","E","M","R","BOSS","M","M","$","M","?","R","$","E","T","?","R","?","M","M","R","BOSS"],"build_version":"2018-03-15v3","purchased_purges":1,"victory":false,"master_deck":["Defend_G+1","Defend_G","Defend_G+1","Defend_G","Defend_G","Strike_G","Strike_G","Strike_G","Strike_G","Strike_G","Survivor","Neutralize","Backstab","Skewer","Neutralize","Cloak And Dagger","Footwork+1","Riddle With Holes","Infinite Blades+1","Sucker Punch","Dagger Throw","Accuracy+1","Well Laid Plans","Acrobatics","Grand Finale","Underhanded Strike","Flying Knee","Footwork","Underhanded Strike","Infinite Blades","Backflip+1","Reflex","Quick Slash","Eviscerate"],"max_hp_per_floor":[70,67,67,67,67,67,67,67,67,67,67,67,67,67,67,67,67,67,67,67,67,67,67,67,67,67,67,67,67,67,67,67],"relics":["Ring of the Snake","NeowsBlessing","Orichalcum","War Paint","Mercury Hourglass","Anchor","Eternal Feather","Dodecahedron","Tingsha","Bag of Marbles","Nilry\u0027s Codex"],"card_choices":[{"not_picked":["Leg Sweep","Backflip"],"picked":"Backstab"},{"not_picked":["Underhanded Strike","Corpse Explosion"],"picked":"Cloak And Dagger"},{"not_picked":["Dodge and Roll","Unload"],"picked":"Infinite Blades"},{"not_picked":["Setup","PiercingWail"],"picked":"Sucker Punch"},{"not_picked":["Predator","Underhanded Strike"],"picked":"Dagger Throw"},{"not_picked":["Slice","Cloak And Dagger"],"picked":"Accuracy"},{"not_picked":["Burst","Prepared"],"picked":"Well Laid Plans"},{"not_picked":["Deadly Poison","Slice"],"picked":"Acrobatics"},{"not_picked":["Unload","Doppelganger"],"picked":"Grand Finale"},{"not_picked":["Prepared","Dagger Throw"],"picked":"Underhanded Strike"},{"not_picked":["Poisoned Stab","PiercingWail"],"picked":"Flying Knee"},{"not_picked":["Bouncing Flask","Outmaneuver"],"picked":"Underhanded Strike"},{"not_picked":["Glass Knife","Bullet Time"],"picked":"Backflip"},{"not_picked":["Prepared","Slice"],"picked":"Reflex"},{"not_picked":["Dodge and Roll","Malaise"],"picked":"Quick Slash"},{"not_picked":["Masterful Stab","Expertise"],"picked":"Eviscerate"}],"player_experience":583955,"potions_floor_usage":[11,16,16,25,27,30,31],"damage_taken":[{"damage":0,"enemies":"Small Slimes","floor":1,"turns":1},{"damage":0,"enemies":"Cultist","floor":4,"turns":1},{"damage":0,"enemies":"Lagavulin","floor":7,"turns":1},{"damage":0,"enemies":"Jaw Worm","floor":10,"turns":3},{"damage":3,"enemies":"3 Sentries","floor":11,"turns":6},{"damage":0,"enemies":"2 Fungi Beasts","floor":12,"turns":3},{"damage":6,"enemies":"3 Sentries","floor":13,"turns":5},{"damage":0,"enemies":"Exordium Thugs","floor":14,"turns":3},{"damage":23,"enemies":"Hexaghost","floor":16,"turns":11},{"damage":20,"enemies":"Shell Parasite","floor":18,"turns":6},{"damage":9,"enemies":"Spheric Guardian","floor":19,"turns":4},{"damage":4,"enemies":"Centurion and Healer","floor":21,"turns":6},{"damage":0,"enemies":"Gremlin Leader","floor":25,"turns":6},{"damage":16,"enemies":"Sentry and Sphere","floor":27,"turns":4},{"damage":24,"enemies":"Slaver and Parasite","floor":30,"turns":6},{"damage":23,"enemies":"Centurion and Healer","floor":31,"turns":5},{"damage":37,"enemies":"Champ","floor":33,"turns":12}],"event_choices":[{"event_name":"Purifier","player_choice":"One Purge","floor":2,"damage_taken":0},{"event_name":"Match and Keep!","player_choice":"2 cards matched","floor":3,"damage_taken":0},{"event_name":"Dead Adventurer","player_choice":"Searched \u00271\u0027 times","floor":11,"damage_taken":0},{"event_name":"Cursed Tome","player_choice":"Obtained Book","floor":29,"damage_taken":0}],"boss_relics":[{"not_picked":["Lizard Tail","Velvet Choker"],"picked":"Eternal Feather"}],"potions_floor_spawned":[1,4,14,16,19,27,30],"seed_played":"-1880717377401726478","killed_by":"Champ","ascension_level":11,"is_trial":false}