{"path_per_floor":["M","?","?","?","$","R","?","R","T","R","M","M","M","M","R","B",null,"M","?","?","$","M","R","M","E","T","$","M","R","M","?","R"],"character_chosen":"THE_SILENT","items_purchased":["Vajra","Orichalcum","Blind","Dramatic Entrance","Noxious Fumes","Fire Potion"],"gold_per_floor":[360,360,435,435,37,37,37,37,60,60,78,93,113,128,128,202,202,222,137,137,33,52,52,68,97,144,12,29,29,43,43,43,43],"floor_reached":33,"campfire_rested":2,"playtime":1292,"current_hp_per_floor":[57,57,46,46,46,46,46,46,46,46,46,46,46,46,46,33,56,56,56,40,40,34,52,50,36,36,36,35,35,37,37,56,0],"items_purged":[],"gold":43,"score":434,"play_id":"c4842ceb-53c8-4eb7-81af-f4c0518926b0","local_time":"20180406113954","is_prod":false,"is_daily":false,"is_ascension_mode":true,"campfire_upgraded":5,"timestamp":1523029194,"path_taken":["M","?","?","?","$","R","?","R","T","R","?","M","M","M","R","BOSS","M","?","?","$","M","R","M","E","T","?","M","R","M","?","R","BOSS"],"build_version":"2018-04-05v2","purchased_purges":2,"victory":false,"master_deck":["Defend_G","Defend_G","Defend_G","Defend_G","Defend_G","Strike_G","Strike_G","Survivor+1","Neutralize+1","AscendersBane","Choke+1","Blind+1","Neutralize+1","Backstab","Slice","Dagger Spray","Die Die Die","Flechettes+1","Unload+1","Poisoned Stab+1","Heel Hook","Dramatic Entrance","Quick Slash+1","Noxious Fumes+1","PiercingWail+1"],"max_hp_per_floor":[66,66,66,63,63,63,63,63,63,63,63,63,63,63,63,63,63,63,63,63,63,63,63,63,63,63,63,63,63,65,65,65,65],"relics":["Ring of the Snake","Vajra","Orichalcum","Ancient Tea Set","Astrolabe","Art of War","Nilry\u0027s Codex","Question Card","Singing Bowl"],"card_choices":[{"not_picked":["Cloak And Dagger","Quick Slash"],"picked":"Choke","floor":1},{"not_picked":["Bouncing Flask","Malaise"],"picked":"Backstab","floor":11},{"not_picked":["Bane","Acrobatics"],"picked":"Slice","floor":12},{"not_picked":["Dagger Throw","Dodge and Roll"],"picked":"Dagger Spray","floor":14},{"not_picked":["Envenom","Tools of the Trade"],"picked":"Die Die Die","floor":16},{"not_picked":["Flying Knee","Deadly Poison"],"picked":"Heel Hook","floor":18},{"not_picked":["Dagger Spray","Slice"],"picked":"Quick Slash","floor":25},{"not_picked":["Choke","Bullet Time","Backstab"],"picked":"PiercingWail","floor":28}],"player_experience":694686,"potions_floor_usage":[16,16,30,30,33,33],"damage_taken":[{"damage":2,"enemies":"Jaw Worm","floor":1,"turns":8},{"damage":0,"enemies":"2 Louse","floor":11,"turns":2},{"damage":0,"enemies":"Cultist","floor":12,"turns":1},{"damage":0,"enemies":"Blue Slaver","floor":13,"turns":2},{"damage":0,"enemies":"2 Fungi Beasts","floor":14,"turns":2},{"damage":13,"enemies":"Slime Boss","floor":16,"turns":12},{"damage":0,"enemies":"3 Byrds","floor":18,"turns":4},{"damage":6,"enemies":"Spheric Guardian","floor":22,"turns":3},{"damage":2,"enemies":"3 Cultists","floor":24,"turns":5},{"damage":14,"enemies":"Slavers","floor":25,"turns":4},{"damage":1,"enemies":"Cultist and Chosen","floor":28,"turns":4},{"damage":0,"enemies":"Centurion and Healer","floor":30,"turns":5},{"damage":62,"enemies":"Automaton","floor":33,"turns":8}],"event_choices":[{"event_name":"Living Wall","player_choice":"Grow","floor":2,"damage_taken":0},{"event_name":"World of Goop","player_choice":"Gather Gold","floor":3,"damage_taken":0},{"event_name":"Purifier","player_choice":"One Purge","floor":4,"damage_taken":0},{"event_name":"Match and Keep!","player_choice":"1 cards matched","floor":7,"damage_taken":0},{"event_name":"Addict","player_choice":"Obtained Relic","floor":19,"damage_taken":0},{"event_name":"Cursed Tome","player_choice":"Obtained Book","floor":20,"damage_taken":0},{"event_name":"Drug Dealer","player_choice":"Ignored","floor":31,"damage_taken":0}],"boss_relics":[{"not_picked":["Tiny House","Lizard Tail"],"picked":"Astrolabe"}],"potions_floor_spawned":[11,14,22,28,30],"seed_played":"8748235346721420815","killed_by":"Automaton","ascension_level":14,"is_trial":false}