{"gold_per_floor":[109,109,184,199,35,74,17,51,119,119,133,164,164],"floor_reached":13,"playtime":493,"items_purged":[],"score":252,"play_id":"76a498ec-fd36-4af9-96d9-6c95c4cf4fb3","local_time":"20190404231924","is_ascension_mode":true,"campfire_choices":[],"neow_cost":"NONE","seed_source_timestamp":306359143591898,"circlet_count":0,"master_deck":["AscendersBane","Strike_B","Strike_B","Strike_B","Strike_B","Defend_B","Defend_B","Defend_B","Defend_B","Zap+1","Dualcast","Melter","Conserve Battery","FTL","Ball Lightning","Coolheaded"],"relics":["Cracked Core","NeowsBlessing","Golden Idol","Blood Vial","Art of War","Sundial","Matryoshka","Meat on the Bone"],"potions_floor_usage":[8,11,12,13],"damage_taken":[{"damage":0,"enemies":"Jaw Worm","floor":1,"turns":1},{"damage":0,"enemies":"Small Slimes","floor":4,"turns":1},{"damage":0,"enemies":"Lagavulin","floor":6,"turns":1},{"damage":5,"enemies":"3 Sentries","floor":8,"turns":3},{"damage":0,"enemies":"Cultist","floor":11,"turns":2},{"damage":19,"enemies":"Lagavulin","floor":12,"turns":4},{"damage":18,"enemies":"The Mushroom Lair","floor":13,"turns":2}],"seed_played":"-5196365119026590815","potions_obtained":[{"floor":4,"key":"Swift Potion"},{"floor":8,"key":"FocusPotion"},{"floor":11,"key":"Ancient Potion"},{"floor":12,"key":"Poison Potion"}],"is_trial":false,"path_per_floor":["M","?","?","M","$","E","$","E","T","?","M","E","?"],"character_chosen":"DEFECT","items_purchased":["Blood Vial","PowerPotion"],"campfire_rested":0,"item_purchase_floors":[5,7],"current_hp_per_floor":[64,40,29,29,29,31,31,28,28,28,30,13,0],"gold":164,"neow_bonus":"THREE_ENEMY_KILL","is_prod":false,"is_daily":false,"chose_seed":false,"campfire_upgraded":0,"win_rate":0,"timestamp":1554434364,"path_taken":["M","?","?","M","$","E","$","E","T","?","M","E","?"],"build_version":"2019-01-23","purchased_purges":0,"victory":false,"max_hp_per_floor":[71,71,71,71,71,71,71,71,71,71,71,71,71],"card_choices":[{"not_picked":["Streamline","Rebound"],"picked":"Melter","floor":1},{"not_picked":["Leap","Steam"],"picked":"Conserve Battery","floor":4},{"not_picked":["Sweeping Beam","Rip and Tear"],"picked":"FTL","floor":6},{"not_picked":["Stack","Go for the Eyes"],"picked":"Ball Lightning","floor":8},{"not_picked":["Double Energy","Tempest"],"picked":"Coolheaded","floor":11},{"not_picked":["All For One","Coolheaded","Recycle"],"picked":"SKIP","floor":12}],"player_experience":1601586,"relics_obtained":[{"floor":6,"key":"Art of War"},{"floor":8,"key":"Sundial"},{"floor":9,"key":"Matryoshka"},{"floor":12,"key":"Meat on the Bone"}],"event_choices":[{"damage_healed":0,"gold_gain":0,"player_choice":"Take Damage","damage_taken":24,"relics_obtained":["Golden Idol"],"max_hp_gain":0,"max_hp_loss":0,"event_name":"Golden Idol","floor":2,"gold_loss":0},{"damage_healed":0,"gold_gain":75,"player_choice":"Gather Gold","damage_taken":11,"max_hp_gain":0,"max_hp_loss":0,"event_name":"World of Goop","floor":3,"gold_loss":0},{"damage_healed":0,"gold_gain":0,"player_choice":"Grow","damage_taken":0,"max_hp_gain":0,"max_hp_loss":0,"event_name":"Living Wall","floor":10,"gold_loss":0,"cards_upgraded":["Zap"]},{"damage_healed":0,"gold_gain":0,"player_choice":"Fought Mushrooms","damage_taken":0,"max_hp_gain":0,"max_hp_loss":0,"event_name":"Mushrooms","floor":13,"gold_loss":0}],"is_beta":false,"boss_relics":[],"items_purged_floors":[],"is_endless":false,"potions_floor_spawned":[4,8,11,12],"killed_by":"The Mushroom Lair","ascension_level":20}