{"gold_per_floor":[113,113,113,127,143,143,177,177,177,12,27,27,46,77,77,154,154,167,117,44,40,50,50,85,105,105,125,125,125,125,150,150,224,224,248,360,372,399,336,336,336,336],"floor_reached":42,"playtime":1407,"items_purged":["Injury"],"score":777,"play_id":"4affcc64-2a7f-4538-a9a9-1da9368b8ca3","local_time":"20190317004640","is_ascension_mode":true,"campfire_choices":[{"data":"Pommel Strike","floor":6.0,"key":"SMITH"},{"data":"Bash","floor":8.0,"key":"SMITH"},{"data":"Armaments","floor":15.0,"key":"SMITH"},{"floor":23.0,"key":"REST"},{"data":"Rage","floor":28.0,"key":"SMITH"},{"data":"Dark Embrace","floor":30.0,"key":"SMITH"},{"floor":32.0,"key":"REST"},{"data":"Parasite","floor":40.0,"key":"PURGE"}],"neow_cost":"TEN_PERCENT_HP_LOSS","seed_source_timestamp":306982972360054,"circlet_count":0,"master_deck":["AscendersBane","Strike_R+1","Strike_R","Strike_R","Strike_R","Defend_R","Defend_R","Defend_R","Defend_R+1","Bash+1","Pommel Strike+1","Anger","Demon Form","Armaments+1","True Grit+1","Shrug It Off","Feel No Pain","Burning Pact+1","Flame Barrier+1","Dark Embrace+1","Rage+1","Shockwave","Reaper","Feel No Pain","Reaper+1","True Grit"],"special_seed":0,"relics":["Burning Blood","Nunchaku","Mercury Hourglass","Omamori","Sozu","Self Forming Clay","Shuriken","Red Skull","Calling Bell","MawBank","Molten Egg 2","Peace Pipe","Gambling Chip"],"potions_floor_usage":[],"damage_taken":[{"damage":8.0,"enemies":"2 Louse","floor":1.0,"turns":3.0},{"damage":7.0,"enemies":"Jaw Worm","floor":4.0,"turns":3.0},{"damage":4.0,"enemies":"Small Slimes","floor":5.0,"turns":3.0},{"damage":9.0,"enemies":"Lagavulin","floor":7.0,"turns":6.0},{"damage":1.0,"enemies":"Red Slaver","floor":11.0,"turns":4.0},{"damage":7.0,"enemies":"Large Slime","floor":13.0,"turns":5.0},{"damage":14.0,"enemies":"3 Sentries","floor":14.0,"turns":6.0},{"damage":12.0,"enemies":"The Guardian","floor":16.0,"turns":8.0},{"damage":8.0,"enemies":"Spheric Guardian","floor":18.0,"turns":4.0},{"damage":9.0,"enemies":"2 Thieves","floor":21.0,"turns":4.0},{"damage":29.0,"enemies":"Shelled Parasite and Fungi","floor":22.0,"turns":7.0},{"damage":6.0,"enemies":"Gremlin Leader","floor":24.0,"turns":6.0},{"damage":5.0,"enemies":"Chosen and Byrds","floor":25.0,"turns":8.0},{"damage":7.0,"enemies":"Centurion and Healer","floor":27.0,"turns":7.0},{"damage":47.0,"enemies":"Book of Stabbing","floor":31.0,"turns":6.0},{"damage":17.0,"enemies":"Collector","floor":33.0,"turns":9.0},{"damage":5.0,"enemies":"Orb Walker","floor":35.0,"turns":6.0},{"damage":29.0,"enemies":"Mind Bloom Boss Battle","floor":36.0,"turns":8.0},{"damage":3.0,"enemies":"3 Shapes","floor":38.0,"turns":8.0},{"damage":69,"enemies":"Reptomancer","floor":42,"turns":7}],"seed_played":"-3675393728881699662","potions_obtained":[{"floor":1.0,"key":"Weak Potion"},{"floor":5.0,"key":"PowerPotion"},{"floor":7.0,"key":"Weak Potion"},{"floor":16.0,"key":"BloodPotion"}],"is_trial":false,"path_per_floor":["M","?","?","M","M","R","E","R","T","$","M","?","M","E","R","B",null,"M","?","$","M","M","R","E","M","T","M","R","?","R","E","R","B",null,"M","?","?","M","$","R","?","E"],"character_chosen":"IRONCLAD","items_purchased":["Demon Form","Armaments","Feel No Pain"],"campfire_rested":2,"item_purchase_floors":[10,10,20],"current_hp_per_floor":[66,59,39,38,40,40,37,37,37,37,42,42,41,33,33,27,58,56,56,56,53,36,56,56,57,57,56,56,56,56,15,35,24,57,62,61,61,66,66,65,65,0],"gold":336,"neow_bonus":"ONE_RARE_RELIC","is_prod":false,"is_daily":false,"chose_seed":false,"campfire_upgraded":5,"win_rate":0,"timestamp":1552798000,"path_taken":["M","?","?","M","M","R","E","R","T","$","M","?","M","E","R","BOSS","M","?","$","M","?","R","E","M","T","M","R","?","R","E","R","BOSS","M","?","?","?","?","R","?","E"],"build_version":"2019-03-15","purchased_purges":1,"victory":false,"max_hp_per_floor":[68,68,68,68,68,68,68,68,68,68,68,68,68,68,68,68,68,68,68,68,68,68,68,68,68,68,68,68,68,68,68,68,68,68,68,68,68,68,68,65,65,65],"card_choices":[{"not_picked":["Evolve","Flex","Warcry"],"picked":"SKIP","floor":1.0},{"not_picked":["Clash","Sword Boomerang","Wild Strike"],"picked":"SKIP","floor":4.0},{"not_picked":["Clash","Iron Wave"],"picked":"Pommel Strike","floor":5.0},{"not_picked":["Rupture","Flex"],"picked":"Anger","floor":7.0},{"not_picked":["Limit Break","Wild Strike"],"picked":"True Grit","floor":11.0},{"not_picked":["True Grit","Rampage","Sever Soul"],"picked":"SKIP","floor":13.0},{"not_picked":["Reckless Charge","Evolve"],"picked":"Shrug It Off","floor":14.0},{"not_picked":["Pommel Strike","Headbutt","Warcry"],"picked":"SKIP","floor":18.0},{"not_picked":["Iron Wave","Cleave"],"picked":"Burning Pact+1","floor":21.0},{"not_picked":["Inflame","Pummel"],"picked":"Flame Barrier+1","floor":22.0},{"not_picked":["Carnage","Cleave","Thunderclap+1"],"picked":"SKIP","floor":24.0},{"not_picked":["Warcry","Burning Pact"],"picked":"Dark Embrace","floor":25.0},{"not_picked":["Iron Wave","Sentinel"],"picked":"Rage","floor":27.0},{"not_picked":["Armaments","Flex"],"picked":"Shockwave","floor":31.0},{"not_picked":["Immolate","Exhume"],"picked":"Reaper","floor":33.0},{"not_picked":["True Grit","Anger+1"],"picked":"Feel No Pain","floor":35.0},{"not_picked":["Shockwave","Body Slam+1"],"picked":"True Grit","floor":38.0}],"player_experience":2211611,"relics_obtained":[{"floor":7.0,"key":"Mercury Hourglass"},{"floor":14.0,"key":"Omamori"},{"floor":24.0,"key":"Self Forming Clay"},{"floor":26.0,"key":"Shuriken"},{"floor":31.0,"key":"Red Skull"},{"floor":34.0,"key":"MawBank"},{"floor":34.0,"key":"Molten Egg 2"},{"floor":34.0,"key":"Peace Pipe"},{"floor":36.0,"key":"Gambling Chip"}],"event_choices":[{"cards_removed":["Strike_R"],"damage_healed":0.0,"max_hp_gain":0.0,"max_hp_loss":0.0,"gold_gain":0.0,"event_name":"Golden Wing","player_choice":"Card Removal","floor":2.0,"gold_loss":0.0,"damage_taken":7.0},{"damage_healed":0.0,"max_hp_gain":0.0,"max_hp_loss":0.0,"gold_gain":0.0,"event_name":"Shining Light","player_choice":"Entered Light","floor":3.0,"gold_loss":0.0,"damage_taken":20.0,"cards_upgraded":["Strike_R","Defend_R"]},{"damage_healed":0.0,"max_hp_gain":0.0,"max_hp_loss":0.0,"gold_gain":0.0,"event_name":"Liars Game","player_choice":"Ignored","floor":12.0,"gold_loss":0.0,"damage_taken":0.0},{"damage_healed":0.0,"max_hp_gain":0.0,"max_hp_loss":0.0,"gold_gain":0.0,"event_name":"Designer","player_choice":"Upgrade","floor":19.0,"gold_loss":50.0,"damage_taken":0.0,"cards_upgraded":["True Grit"]},{"damage_healed":0.0,"max_hp_gain":0.0,"max_hp_loss":0.0,"gold_gain":0.0,"event_name":"Forgotten Altar","player_choice":"Smashed Altar","floor":29.0,"gold_loss":0.0,"damage_taken":0.0,"cards_obtained":["Decay"]},{"damage_healed":0.0,"max_hp_gain":0.0,"max_hp_loss":0.0,"gold_gain":0.0,"event_name":"MindBloom","player_choice":"Fight","floor":36.0,"gold_loss":0.0,"damage_taken":0.0},{"damage_healed":0.0,"max_hp_gain":0.0,"max_hp_loss":0.0,"gold_gain":0.0,"event_name":"Duplicator","player_choice":"Copied","floor":37.0,"gold_loss":0.0,"damage_taken":0.0,"cards_obtained":["Reaper"]},{"damage_healed":0.0,"max_hp_gain":0.0,"max_hp_loss":0.0,"gold_gain":0.0,"event_name":"Lab","player_choice":"Got Potions","floor":41.0,"gold_loss":0.0,"damage_taken":0.0}],"is_beta":true,"boss_relics":[{"not_picked":["Ectoplasm","Runic Pyramid"],"picked":"Sozu"},{"not_picked":["Orrery","White Beast Statue"],"picked":"Calling Bell"}],"items_purged_floors":[39],"is_endless":false,"potions_floor_spawned":[1,5,7,16,21,22,24,25,35],"killed_by":"Reptomancer","ascension_level":15}