{"gold_per_floor":[115,135,153,179,37,69,69,19,94,122,122,122],"floor_reached":12,"playtime":321,"items_purged":["Strike_R"],"score":172,"play_id":"124d565a-99b8-4cec-aa36-69acd70f98c4","local_time":"20190428073545","is_ascension_mode":true,"campfire_choices":[{"data":"Combust","floor":7,"key":"SMITH"},{"data":"Bash","floor":11,"key":"SMITH"}],"neow_cost":"NONE","seed_source_timestamp":481200881827277,"circlet_count":0,"master_deck":["AscendersBane","Strike_R","Strike_R+1","Strike_R","Strike_R+1","Defend_R","Defend_R","Defend_R","Defend_R","Bash+1","Anger","Inflame","Clothesline","Combust+1","Disarm"],"relics":["Burning Blood","NeowsBlessing","Whetstone","Tiny Chest","Smiling Mask","Blue Candle","Pear"],"potions_floor_usage":[6,12],"damage_taken":[{"damage":0,"enemies":"Cultist","floor":1,"turns":1},{"damage":0,"enemies":"Jaw Worm","floor":2,"turns":1},{"damage":0,"enemies":"2 Louse","floor":3,"turns":1},{"damage":45,"enemies":"3 Sentries","floor":6,"turns":9},{"damage":28,"enemies":"Lagavulin","floor":10,"turns":5},{"damage":33,"enemies":"3 Sentries","floor":12,"turns":4}],"seed_played":"-7224900665124035038","potions_obtained":[{"floor":3,"key":"Energy Potion"},{"floor":6,"key":"LiquidBronze"},{"floor":10,"key":"Weak Potion"}],"is_trial":false,"path_per_floor":["M","M","M","T","$","E","R","$","T","E","R","E"],"character_chosen":"IRONCLAD","items_purchased":["Tiny Chest"],"campfire_rested":0,"item_purchase_floors":[5],"current_hp_per_floor":[74,75,75,75,75,36,36,36,36,24,24,0],"gold":122,"neow_bonus":"THREE_ENEMY_KILL","is_prod":false,"is_daily":false,"chose_seed":false,"campfire_upgraded":2,"win_rate":0,"timestamp":1556451345,"path_taken":["M","?","M","?","$","E","R","?","T","E","R","E"],"build_version":"2019-01-23","purchased_purges":1,"victory":false,"max_hp_per_floor":[75,75,75,75,75,75,75,75,75,85,85,85],"card_choices":[{"not_picked":["Heavy Blade","Warcry"],"picked":"Anger","floor":1},{"not_picked":["Clash","Wild Strike"],"picked":"Inflame","floor":2},{"not_picked":["Perfected Strike","Corruption"],"picked":"Clothesline","floor":3},{"not_picked":["Searing Blow","Dropkick"],"picked":"Combust","floor":6},{"not_picked":["Battle Trance","Spot Weakness"],"picked":"Disarm","floor":10}],"player_experience":2041339,"relics_obtained":[{"floor":4,"key":"Whetstone"},{"floor":6,"key":"Smiling Mask"},{"floor":9,"key":"Blue Candle"},{"floor":10,"key":"Pear"}],"event_choices":[],"is_beta":false,"boss_relics":[],"items_purged_floors":[8],"is_endless":false,"potions_floor_spawned":[3,6,10],"killed_by":"3 Sentries","ascension_level":20}