{"gold_per_floor":[115,125,141,151,151,151,182,182,236,246,257,267,292,304,304,407,457,476,476,495,510,523,523,543,543,543,543,570,570,582,614,614,614],"floor_reached":33,"playtime":1872,"items_purged":[],"score":353,"play_id":"c05a9cff-7132-4a21-9a73-c67922a99c89","local_time":"20190325142254","is_ascension_mode":false,"campfire_choices":[{"data":"Bash","floor":6,"key":"SMITH"},{"data":"Whirlwind","floor":8,"key":"SMITH"},{"data":"Disarm","floor":15,"key":"SMITH"},{"data":"Limit Break","floor":23,"key":"SMITH"},{"data":"Perfected Strike","floor":25,"key":"SMITH"},{"data":"Perfected Strike","floor":27,"key":"SMITH"},{"data":"Disarm","floor":29,"key":"SMITH"},{"floor":32,"key":"REST"}],"neow_cost":"TEN_PERCENT_HP_LOSS","seed_source_timestamp":736048419134824,"circlet_count":0,"master_deck":["Strike_R","Strike_R","Strike_R","Strike_R","Strike_R","Defend_R+1","Defend_R","Defend_R","Defend_R","Bash+1","Headbutt","Disarm+1","Perfected Strike+1","Battle Trance","Whirlwind+1","Offering+1","Spot Weakness+1","Shrug It Off","Impervious","Limit Break+1","Perfected Strike+1","Disarm+1","Body Slam+1","Carnage","Perfected Strike+1","Heavy Blade+1","Body Slam+1"],"relics":["Burning Blood","StoneCalendar","Kunai","Strawberry","Centennial Puzzle","Tiny House","Pear","War Paint","Juzu Bracelet"],"potions_floor_usage":[4,12,20,21,24,30,31,31,33],"damage_taken":[{"damage":6,"enemies":"Jaw Worm","floor":1,"turns":6},{"damage":6,"enemies":"Cultist","floor":2,"turns":3},{"damage":0,"enemies":"2 Louse","floor":3,"turns":3},{"damage":7,"enemies":"Lots of Slimes","floor":4,"turns":6},{"damage":26,"enemies":"3 Sentries","floor":7,"turns":7},{"damage":0,"enemies":"Blue Slaver","floor":10,"turns":4},{"damage":0,"enemies":"2 Fungi Beasts","floor":11,"turns":3},{"damage":12,"enemies":"Large Slime","floor":12,"turns":3},{"damage":13,"enemies":"Gremlin Nob","floor":13,"turns":3},{"damage":6,"enemies":"Looter","floor":14,"turns":2},{"damage":0,"enemies":"The Guardian","floor":16,"turns":12},{"damage":6,"enemies":"3 Byrds","floor":18,"turns":3},{"damage":6,"enemies":"Chosen","floor":20,"turns":3},{"damage":22,"enemies":"3 Cultists","floor":21,"turns":4},{"damage":6,"enemies":"Chosen and Byrds","floor":22,"turns":5},{"damage":12,"enemies":"Cultist and Chosen","floor":24,"turns":7},{"damage":31,"enemies":"Gremlin Leader","floor":28,"turns":7},{"damage":16,"enemies":"3 Cultists","floor":30,"turns":4},{"damage":29,"enemies":"Slavers","floor":31,"turns":5},{"damage":85,"enemies":"Automaton","floor":33,"turns":6}],"seed_played":"-9001632580701427992","potions_obtained":[{"floor":2,"key":"EssenceOfSteel"},{"floor":4,"key":"FearPotion"},{"floor":7,"key":"Ancient Potion"},{"floor":13,"key":"BloodPotion"},{"floor":14,"key":"EssenceOfSteel"},{"floor":21,"key":"Energy Potion"},{"floor":22,"key":"GamblersBrew"},{"floor":24,"key":"FearPotion"},{"floor":31,"key":"Explosive Potion"}],"is_trial":false,"path_per_floor":["M","M","M","M","?","R","E","R","T","M","M","M","E","M","R","B",null,"M","?","M","M","M","R","M","R","T","R","E","R","M","E","R","B"],"character_chosen":"IRONCLAD","items_purchased":[],"campfire_rested":1,"item_purchase_floors":[],"current_hp_per_floor":[72,72,72,71,71,71,51,51,58,64,70,64,57,57,57,63,84,84,84,84,76,76,76,70,70,80,80,55,55,45,22,50,0],"gold":614,"neow_bonus":"ONE_RARE_RELIC","is_prod":false,"is_daily":false,"chose_seed":false,"campfire_upgraded":7,"win_rate":0,"timestamp":1553538174,"path_taken":["M","M","M","M","?","R","E","R","T","M","M","?","E","M","R","BOSS","M","?","?","M","M","R","M","R","T","R","E","R","M","E","R","BOSS"],"build_version":"2019-01-23","purchased_purges":0,"victory":false,"max_hp_per_floor":[72,72,72,72,72,72,72,72,79,79,79,79,79,79,79,79,84,84,84,84,84,84,84,84,84,94,94,94,94,94,94,94,94],"card_choices":[{"not_picked":["Sword Boomerang","Cleave"],"picked":"Headbutt","floor":1},{"not_picked":["Pummel","Heavy Blade"],"picked":"Disarm","floor":2},{"not_picked":["Warcry","Dual Wield"],"picked":"Perfected Strike","floor":3},{"not_picked":["Thunderclap","Heavy Blade"],"picked":"Battle Trance","floor":4},{"not_picked":["Armaments","Warcry"],"picked":"Whirlwind","floor":7},{"not_picked":["Clothesline","Rage"],"picked":"Offering","floor":10},{"not_picked":["Shrug It Off","Sword Boomerang"],"picked":"Spot Weakness","floor":11},{"not_picked":["Evolve","Havoc"],"picked":"Shrug It Off","floor":12},{"not_picked":["Sword Boomerang","Iron Wave","Thunderclap"],"picked":"SKIP","floor":13},{"not_picked":["True Grit","Shrug It Off"],"picked":"Impervious","floor":14},{"not_picked":["Offering","Bludgeon"],"picked":"Limit Break","floor":16},{"not_picked":["Wild Strike","Burning Pact"],"picked":"Perfected Strike","floor":17},{"not_picked":["Thunderclap","Havoc+1","Iron Wave"],"picked":"SKIP","floor":18},{"not_picked":["Burning Pact","Cleave+1"],"picked":"Disarm","floor":20},{"not_picked":["True Grit","Searing Blow+1"],"picked":"Body Slam+1","floor":21},{"not_picked":["Headbutt","Cleave"],"picked":"Carnage","floor":22},{"not_picked":["Warcry","Body Slam"],"picked":"Perfected Strike","floor":24},{"not_picked":["Bloodletting+1","Dark Embrace"],"picked":"Heavy Blade+1","floor":28},{"not_picked":["Second Wind+1","Clothesline"],"picked":"Body Slam+1","floor":30},{"not_picked":["Reckless Charge","Sever Soul","Body Slam"],"picked":"SKIP","floor":31}],"player_experience":1400786,"relics_obtained":[{"floor":7,"key":"Kunai"},{"floor":9,"key":"Strawberry"},{"floor":13,"key":"Centennial Puzzle"},{"floor":26,"key":"Pear"},{"floor":28,"key":"War Paint"},{"floor":31,"key":"Juzu Bracelet"}],"event_choices":[{"damage_healed":0,"gold_gain":0,"player_choice":"Upgraded","damage_taken":0,"max_hp_gain":0,"max_hp_loss":0,"event_name":"Upgrade Shrine","floor":5,"gold_loss":0,"cards_upgraded":["Perfected Strike"]},{"damage_healed":0,"gold_gain":0,"player_choice":"0 cards matched","damage_taken":0,"max_hp_gain":0,"max_hp_loss":0,"event_name":"Match and Keep!","floor":19,"gold_loss":0,"cards_obtained":[]}],"is_beta":false,"boss_relics":[{"not_picked":["Runic Cube","Runic Pyramid"],"picked":"Tiny House"}],"items_purged_floors":[],"is_endless":false,"potions_floor_spawned":[2,4,7,13,14,21,22,24,31],"killed_by":"Automaton","ascension_level":0}