{"gold_per_floor":[116,135,135,33,49,49,69,69,69,69,69,94,114,125,125,224,224,244,244,244,14,14,14,14,14,14,25,51,51,85,360,360,462,462,474,25,25,39,0,27,27,52,52,398,131,131,163,181,181,181,181,181,181,212,212],"floor_reached":56,"playtime":4243,"items_purged":["Strike_G+1"],"score":1364,"play_id":"5d633e64-5ad6-40c5-b608-505683390bf8","local_time":"20190430181252","is_ascension_mode":true,"campfire_choices":[{"data":"Noxious Fumes","floor":6.0,"key":"SMITH"},{"data":"Deadly Poison","floor":8.0,"key":"SMITH"},{"data":"Catalyst","floor":15.0,"key":"SMITH"},{"data":"Burst","floor":23.0,"key":"SMITH"},{"data":"Bouncing Flask","floor":25.0,"key":"SMITH"},{"floor":32.0,"key":"REST"},{"data":"Malaise","floor":41.0,"key":"SMITH"},{"floor":46.0,"key":"RECALL"},{"data":"Wraith Form v2","floor":49.0,"key":"SMITH"},{"data":"Corpse Explosion","floor":52.0,"key":"SMITH"}],"neow_cost":"NONE","seed_source_timestamp":0,"circlet_count":0,"master_deck":["Defend_G+1","Defend_G+1","Defend_G+1","Strike_G+1","Strike_G+1","Survivor","Neutralize","Sucker Punch","Deflect","Noxious Fumes+1","Deadly Poison+1","Blur+1","PiercingWail+1","Malaise+1","Catalyst+1","Corpse Explosion+1","Outmaneuver","Burst+1","Bouncing Flask+1","Backflip+1","Concentrate+1","Catalyst+1","Burst+1","Deadly Poison+1","Envenom","PiercingWail+1","Wraith Form v2+1","Footwork+1"],"special_seed":0,"relics":["Ring of the Snake","Oddly Smooth Stone","Question Card","Centennial Puzzle","Eternal Feather","Happy Flower","Toxic Egg 2","Omamori","War Paint","Sozu","Chemical X","Paper Crane","Red Mask","Snake Skull","Ornamental Fan","Old Coin","Mercury Hourglass","Shuriken","Art of War"],"potions_floor_usage":[],"damage_taken":[{"damage":4.0,"enemies":"2 Louse","floor":1.0,"turns":2.0},{"damage":1.0,"enemies":"Cultist","floor":2.0,"turns":4.0},{"damage":5.0,"enemies":"Small Slimes","floor":5.0,"turns":3.0},{"damage":0.0,"enemies":"2 Fungi Beasts","floor":7.0,"turns":3.0},{"damage":7.0,"enemies":"Lagavulin","floor":12.0,"turns":7.0},{"damage":4.0,"enemies":"Looter","floor":13.0,"turns":3.0},{"damage":2.0,"enemies":"Blue Slaver","floor":14.0,"turns":4.0},{"damage":7.0,"enemies":"Slime Boss","floor":16.0,"turns":5.0},{"damage":1.0,"enemies":"3 Byrds","floor":18.0,"turns":3.0},{"damage":1.0,"enemies":"2 Thieves","floor":27.0,"turns":2.0},{"damage":9.0,"enemies":"Book of Stabbing","floor":28.0,"turns":4.0},{"damage":16.0,"enemies":"Colosseum Slavers","floor":29.0,"turns":4.0},{"damage":30.0,"enemies":"Slavers","floor":30.0,"turns":4.0},{"damage":14.0,"enemies":"Automaton","floor":33.0,"turns":9.0},{"damage":3.0,"enemies":"Orb Walker","floor":35.0,"turns":5.0},{"damage":18.0,"enemies":"3 Shapes","floor":38.0,"turns":5.0},{"damage":9.0,"enemies":"Reptomancer","floor":40.0,"turns":5.0},{"damage":3.0,"enemies":"Giant Head","floor":42.0,"turns":3.0},{"damage":0.0,"enemies":"2 Orb Walkers","floor":44.0,"turns":2.0},{"damage":6.0,"enemies":"Nemesis","floor":47.0,"turns":5.0},{"damage":0.0,"enemies":"Spire Growth","floor":48.0,"turns":3.0},{"damage":20.0,"enemies":"Awakened One","floor":50.0,"turns":14.0},{"damage":6.0,"enemies":"Shield and Spear","floor":54.0,"turns":3.0},{"damage":29,"enemies":"The Heart","floor":55,"turns":6}],"seed_played":"552762254417022553","potions_obtained":[{"floor":5.0,"key":"Weak Potion"},{"floor":7.0,"key":"Weak Potion"},{"floor":12.0,"key":"EssenceOfSteel"},{"floor":14.0,"key":"Fire Potion"},{"floor":27.0,"key":"LiquidBronze"}],"is_trial":false,"path_per_floor":["M","M","?","$","M","R","M","R","T","?","?","E","M","M","R","B",null,"M","?","?","$","?","R","$","R","T","M","E","?","E","?","R","B",null,"M","$","?","M","?","E","R","E","T","?","$","R","E","M","R","B",null,"R","$","E","B",null],"character_chosen":"THE_SILENT","items_purchased":["Noxious Fumes","Deadly Poison","Happy Flower","Chemical X","Paper Crane","PiercingWail+1","Mercury Hourglass"],"campfire_rested":1,"item_purchase_floors":[4,4,21,36,36,45,45],"current_hp_per_floor":[66,65,65,65,60,60,60,60,60,65,65,58,54,52,52,45,75,74,74,74,74,74,75,75,75,75,74,65,49,19,19,53,39,75,72,72,72,54,54,45,60,57,57,57,57,72,66,66,75,55,75,75,75,69,40],"gold":212,"neow_bonus":"RANDOM_COMMON_RELIC","is_prod":false,"is_daily":false,"chose_seed":false,"campfire_upgraded":8,"win_rate":0,"timestamp":1556662372,"path_taken":["M","M","?","$","M","R","M","R","T","?","?","E","M","?","R","BOSS","M","?","?","$","?","R","?","R","T","M","E","?","E","?","R","BOSS","M","$","?","?","?","E","R","E","T","?","?","R","E","M","R","BOSS","R","$","E","BOSS"],"build_version":"2019-01-23","purchased_purges":1,"victory":true,"max_hp_per_floor":[70,70,70,70,70,70,70,70,70,75,75,75,75,75,75,75,75,75,75,75,75,75,75,75,75,75,75,75,75,75,75,75,75,75,75,75,75,75,75,75,75,75,75,75,75,75,75,75,75,75,75,75,75,75,75],"card_choices":[{"not_picked":["Acrobatics","Eviscerate"],"picked":"Sucker Punch","floor":1.0},{"not_picked":["Leg Sweep","Backflip"],"picked":"Deflect","floor":2.0},{"not_picked":["Unload","All Out Attack"],"picked":"Blur","floor":5.0},{"not_picked":["Slice","Dagger Throw","Masterful Stab"],"picked":"SKIP","floor":7.0},{"not_picked":["Underhanded Strike","Riddle With Holes","Backflip"],"picked":"PiercingWail","floor":12.0},{"not_picked":["Heel Hook","Flying Knee","Sucker Punch"],"picked":"Malaise","floor":13.0},{"not_picked":["Dodge and Roll","Blade Dance","Setup"],"picked":"Catalyst","floor":14.0},{"not_picked":["A Thousand Cuts","Wraith Form v2","Bullet Time"],"picked":"Corpse Explosion","floor":16.0},{"not_picked":["Backstab","Endless Agony","Prepared+1"],"picked":"Outmaneuver","floor":18.0},{"not_picked":["Blade Dance+1","Acrobatics+1","Bullet Time+1"],"picked":"Backflip+1","floor":27.0},{"not_picked":["Deflect+1","Terror+1","Masterful Stab"],"picked":"Concentrate+1","floor":28.0},{"not_picked":["Dodge and Roll+1","Sucker Punch","Quick Slash"],"picked":"Catalyst+1","floor":30.0},{"not_picked":["After Image","Tools of the Trade","Envenom"],"picked":"Burst+1","floor":33.0},{"not_picked":["Prepared+1","Backflip+1","Slice+1"],"picked":"Deadly Poison+1","floor":35.0},{"not_picked":["Reflex+1","Dagger Spray","Outmaneuver+1","Well Laid Plans+1"],"picked":"SKIP","floor":38.0},{"not_picked":["Dagger Throw","Backflip+1","Expertise+1"],"picked":"Envenom","floor":40.0},{"not_picked":["Slice","Concentrate+1","Backstab+1","Well Laid Plans+1"],"picked":"SKIP","floor":42.0},{"not_picked":["PiercingWail+1","Infinite Blades+1","Caltrops","Underhanded Strike"],"picked":"SKIP","floor":47.0},{"not_picked":["Poisoned Stab+1","Bane+1","PiercingWail+1"],"picked":"Wraith Form v2","floor":48.0},{"not_picked":["Setup+1","Accuracy","Cloak And Dagger+1"],"picked":"Footwork+1","floor":54.0}],"player_experience":926572,"relics_obtained":[{"floor":9.0,"key":"Question Card"},{"floor":12.0,"key":"Centennial Puzzle"},{"floor":26.0,"key":"Toxic Egg 2"},{"floor":28.0,"key":"Omamori"},{"floor":30.0,"key":"War Paint"},{"floor":40.0,"key":"Snake Skull"},{"floor":42.0,"key":"Ornamental Fan"},{"floor":44.0,"key":"Old Coin"},{"floor":47.0,"key":"Shuriken"},{"floor":54.0,"key":"Art of War"}],"event_choices":[{"damage_healed":0.0,"max_hp_gain":0.0,"max_hp_loss":0.0,"gold_gain":0.0,"event_name":"The Cleric","player_choice":"Leave","floor":3.0,"gold_loss":0.0,"damage_taken":0.0},{"damage_healed":0.0,"max_hp_gain":5.0,"max_hp_loss":0.0,"gold_gain":0.0,"event_name":"Big Fish","player_choice":"Donut","floor":10.0,"gold_loss":0.0,"damage_taken":0.0},{"cards_removed":["Strike_G"],"damage_healed":0.0,"max_hp_gain":0.0,"max_hp_loss":0.0,"gold_gain":0.0,"event_name":"Bonfire Elementals","player_choice":"Offered Basic","floor":11.0,"gold_loss":0.0,"damage_taken":0.0},{"damage_healed":0.0,"max_hp_gain":0.0,"max_hp_loss":0.0,"gold_gain":0.0,"event_name":"Back to Basics","player_choice":"Simplicity","floor":19.0,"gold_loss":0.0,"damage_taken":0.0,"cards_upgraded":["Defend_G","Defend_G","Defend_G","Defend_G","Defend_G","Strike_G","Strike_G","Strike_G","Strike_G"]},{"damage_healed":0.0,"max_hp_gain":0.0,"max_hp_loss":0.0,"gold_gain":0.0,"cards_transformed":["Defend_G","Strike_G"],"event_name":"Drug Dealer","player_choice":"Became Test Subject","floor":20.0,"gold_loss":0.0,"damage_taken":0.0,"cards_obtained":["Burst","Bouncing Flask"]},{"damage_healed":0.0,"max_hp_gain":0.0,"max_hp_loss":0.0,"gold_gain":0.0,"event_name":"Beggar","player_choice":"Ignored","floor":22.0,"gold_loss":0.0,"damage_taken":0.0},{"damage_healed":0.0,"max_hp_gain":0.0,"max_hp_loss":0.0,"gold_gain":0.0,"event_name":"Colosseum","player_choice":"Fight","floor":29.0,"gold_loss":0.0,"damage_taken":0.0},{"damage_healed":0.0,"max_hp_gain":0.0,"max_hp_loss":0.0,"gold_gain":0.0,"event_name":"Colosseum","player_choice":"Fled From Nobs","floor":29.0,"gold_loss":0.0,"damage_taken":0.0},{"damage_healed":0.0,"max_hp_gain":0.0,"max_hp_loss":0.0,"gold_gain":275.0,"event_name":"Golden Shrine","player_choice":"Desecrate","floor":31.0,"gold_loss":0.0,"damage_taken":0.0,"cards_obtained":["Regret"]},{"cards_removed":["Defend_G"],"damage_healed":0.0,"max_hp_gain":0.0,"max_hp_loss":0.0,"gold_gain":0.0,"event_name":"Purifier","player_choice":"Purged","floor":37.0,"gold_loss":0.0,"damage_taken":0.0},{"damage_healed":0.0,"max_hp_gain":0.0,"max_hp_loss":0.0,"gold_gain":0.0,"event_name":"Tomb of Lord Red Mask","player_choice":"Paid","floor":39.0,"gold_loss":39.0,"damage_taken":0.0,"relics_obtained":["Red Mask"]},{"damage_healed":0.0,"max_hp_gain":0.0,"max_hp_loss":0.0,"gold_gain":0.0,"event_name":"Mysterious Sphere","player_choice":"Fight","floor":44.0,"gold_loss":0.0,"damage_taken":0.0}],"is_beta":false,"boss_relics":[{"not_picked":["Astrolabe","Philosopher\u0027s Stone"],"picked":"Eternal Feather"},{"not_picked":["Empty Cage","WristBlade"],"picked":"Sozu"}],"items_purged_floors":[21],"is_endless":false,"potions_floor_spawned":[5,7,12,14,27,35,40,42],"ascension_level":2}