{"gold_per_floor":[117,117,117,132,146,146,156,5,5,5,5,30,30,56,56,133,133,143,156,203,221,63,98,98,126,126,145,145,155,55,83,83,157,157,168,185,0,13,28,28,61,73,73,173,173,184,217,233,233,233,233,233,233,10,35,35],"floor_reached":57,"playtime":4219,"items_purged":["Strike_G","Strike_G"],"score":2844,"play_id":"be110853-115a-4ea1-b584-81093b8bdf7e","local_time":"20190506174327","is_ascension_mode":true,"campfire_choices":[{"data":"Crippling Poison","floor":6,"key":"SMITH"},{"data":"Quick Slash","floor":10,"key":"SMITH"},{"data":"Wraith Form v2","floor":13,"key":"SMITH"},{"data":"Caltrops","floor":15,"key":"SMITH"},{"floor":24,"key":"REST"},{"data":"Corpse Explosion","floor":28,"key":"SMITH"},{"data":"Predator","floor":32,"key":"SMITH"},{"data":"Leg Sweep","floor":40,"key":"SMITH"},{"floor":45,"key":"RECALL"},{"data":"Well Laid Plans","floor":49,"key":"SMITH"},{"data":"PiercingWail","floor":53,"key":"SMITH"}],"neow_cost":"NONE","seed_source_timestamp":544448569773866,"circlet_count":0,"master_deck":["AscendersBane","Defend_G+1","Defend_G+1","Defend_G","Defend_G","Defend_G+1","Strike_G+1","Strike_G","Survivor","Neutralize+1","Quick Slash+1","Crippling Poison+1","Dagger Throw","Dodge and Roll","Wraith Form v2+1","Caltrops+1","Corpse Explosion+1","Well Laid Plans+1","Underhanded Strike","PiercingWail+1","Backflip","PiercingWail","Backflip","Predator+1","Night Terror","Leg Sweep+1","Deadly Poison+1","Injury","Well Laid Plans+1","Dash","Night Terror"],"relics":["Ring of the Snake","War Paint","Bag of Preparation","Pantograph","Snecko Eye","Anchor","Happy Flower","Bag of Marbles","Strawberry","Matryoshka","Pen Nib","Cursed Key","Red Mask","PreservedInsect","Vajra","Turnip","Potion Belt","Snake Skull","Sundial"],"potions_floor_usage":[33,56,56,56,56],"damage_taken":[{"damage":1,"enemies":"Cultist","floor":1,"turns":5},{"damage":0,"enemies":"2 Louse","floor":4,"turns":3},{"damage":1,"enemies":"Small Slimes","floor":5,"turns":5},{"damage":1,"enemies":"Looter","floor":7,"turns":4},{"damage":1,"enemies":"Gremlin Nob","floor":14,"turns":5},{"damage":1,"enemies":"The Guardian","floor":16,"turns":15},{"damage":14,"enemies":"Spheric Guardian","floor":18,"turns":6},{"damage":13,"enemies":"2 Thieves","floor":19,"turns":4},{"damage":2,"enemies":"Centurion and Healer","floor":21,"turns":6},{"damage":0,"enemies":"Slavers","floor":23,"turns":3},{"damage":6,"enemies":"Book of Stabbing","floor":25,"turns":6},{"damage":0,"enemies":"3 Cultists","floor":27,"turns":3},{"damage":0,"enemies":"Chosen and Byrds","floor":29,"turns":5},{"damage":0,"enemies":"Gremlin Leader","floor":31,"turns":5},{"damage":12,"enemies":"Collector","floor":33,"turns":8},{"damage":0,"enemies":"3 Shapes","floor":35,"turns":2},{"damage":0,"enemies":"3 Darklings","floor":36,"turns":4},{"damage":0,"enemies":"Writhing Mass","floor":38,"turns":6},{"damage":0,"enemies":"Jaw Worm Horde","floor":39,"turns":3},{"damage":4,"enemies":"Reptomancer","floor":41,"turns":4},{"damage":0,"enemies":"Sphere and 2 Shapes","floor":42,"turns":4},{"damage":0,"enemies":"Mind Bloom Boss Battle","floor":44,"turns":5},{"damage":0,"enemies":"Transient","floor":46,"turns":6},{"damage":0,"enemies":"Giant Head","floor":47,"turns":9},{"damage":0,"enemies":"Maw","floor":48,"turns":8},{"damage":2,"enemies":"Time Eater","floor":50,"turns":14},{"damage":5,"enemies":"Awakened One","floor":51,"turns":21},{"damage":35,"enemies":"Shield and Spear","floor":55,"turns":6},{"damage":40,"enemies":"The Heart","floor":56,"turns":9}],"seed_played":"2764528072494252686","potions_obtained":[{"floor":4,"key":"Dexterity Potion"},{"floor":5,"key":"SpeedPotion"},{"floor":21,"key":"Poison Potion"},{"floor":33,"key":"EssenceOfSteel"},{"floor":48,"key":"FearPotion"},{"floor":55,"key":"Regen Potion"}],"is_trial":false,"path_per_floor":["M","?","?","M","M","R","M","$","T","R","?","T","R","E","R","B",null,"M","M","T","M","$","E","R","E","T","M","R","M","$","E","R","B",null,"M","M","?","M","M","R","E","M","T","?","R","M","E","M","R","B","B",null,"R","$","E","B",null],"character_chosen":"THE_SILENT","items_purchased":["Wraith Form v2","Happy Flower","Snake Skull","Swift Potion"],"campfire_rested":1,"item_purchase_floors":[8,22,54,54],"current_hp_per_floor":[58,58,63,63,62,62,61,61,61,61,40,40,40,39,39,63,69,55,42,42,40,40,40,61,62,62,62,62,62,62,62,62,66,75,75,75,75,75,75,75,71,71,71,78,78,78,78,78,78,76,73,77,77,77,42,42],"gold":35,"neow_bonus":"REMOVE_CARD","is_prod":false,"is_daily":false,"chose_seed":false,"campfire_upgraded":9,"win_rate":0,"timestamp":1557189807,"path_taken":["M","?","?","M","M","R","M","$","T","R","?","?","R","E","R","BOSS","M","M","?","M","$","E","R","E","T","M","R","M","$","E","R","BOSS","M","M","?","M","M","R","E","M","T","?","R","M","E","M","R","BOSS","BOSS","R","$","E","BOSS"],"build_version":"2019-04-23","purchased_purges":2,"victory":true,"max_hp_per_floor":[66,66,71,71,71,71,71,71,71,71,71,71,71,71,71,71,71,71,71,71,71,71,71,71,78,78,78,78,78,78,78,78,78,78,78,78,78,78,78,78,78,78,78,78,78,78,78,78,78,78,78,78,78,78,78,78],"card_choices":[{"not_picked":["Dodge and Roll","All Out Attack"],"picked":"Quick Slash","floor":1},{"not_picked":["Flechettes","Underhanded Strike"],"picked":"Crippling Poison","floor":4},{"not_picked":["Concentrate","Blur"],"picked":"Dagger Throw","floor":5},{"not_picked":["Bane","Poisoned Stab"],"picked":"Dodge and Roll","floor":7},{"not_picked":["Storm of Steel","Escape Plan"],"picked":"Caltrops","floor":14},{"not_picked":["Burst","Grand Finale"],"picked":"Corpse Explosion","floor":16},{"not_picked":["PiercingWail","Bane"],"picked":"Well Laid Plans+1","floor":18},{"not_picked":["Poisoned Stab","Accuracy+1"],"picked":"Underhanded Strike","floor":19},{"not_picked":["Slice","Prepared"],"picked":"PiercingWail","floor":21},{"not_picked":["Dodge and Roll","Bane"],"picked":"Backflip","floor":23},{"not_picked":["Unload","Glass Knife"],"picked":"PiercingWail","floor":25},{"not_picked":["Bane","Distraction","Outmaneuver"],"picked":"SKIP","floor":27},{"not_picked":["Poisoned Stab","All Out Attack"],"picked":"Backflip","floor":29},{"not_picked":["Concentrate","PiercingWail"],"picked":"Predator","floor":31},{"not_picked":["Venomology","After Image"],"picked":"Night Terror","floor":33},{"not_picked":["Masterful Stab","Outmaneuver"],"picked":"Leg Sweep","floor":35},{"not_picked":["Underhanded Strike","Sucker Punch","Concentrate+1"],"picked":"SKIP","floor":36},{"not_picked":["Bane","Backflip","Endless Agony+1"],"picked":"SKIP","floor":38},{"not_picked":["Slice","Backflip","Masterful Stab"],"picked":"SKIP","floor":39},{"not_picked":["Bane","Accuracy","Dodge and Roll+1"],"picked":"SKIP","floor":41},{"not_picked":["Dagger Throw","Eviscerate"],"picked":"Deadly Poison+1","floor":42},{"not_picked":["Predator","Quick Slash"],"picked":"Well Laid Plans","floor":46},{"not_picked":["Blade Dance+1","Venomology"],"picked":"Dash","floor":47},{"not_picked":["Outmaneuver+1","Cloak And Dagger+1","Poisoned Stab+1"],"picked":"SKIP","floor":48},{"not_picked":["Tactician+1","Blade Dance"],"picked":"Night Terror","floor":55}],"player_experience":6211838,"relics_obtained":[{"floor":9,"key":"War Paint"},{"floor":12,"key":"Bag of Preparation"},{"floor":14,"key":"Pantograph"},{"floor":20,"key":"Anchor"},{"floor":23,"key":"Bag of Marbles"},{"floor":25,"key":"Strawberry"},{"floor":26,"key":"Matryoshka"},{"floor":31,"key":"Pen Nib"},{"floor":41,"key":"PreservedInsect"},{"floor":43,"key":"Vajra"},{"floor":44,"key":"Turnip"},{"floor":47,"key":"Potion Belt"},{"floor":55,"key":"Sundial"}],"event_choices":[{"damage_healed":0,"gold_gain":0,"player_choice":"Grow","damage_taken":0,"max_hp_gain":0,"max_hp_loss":0,"event_name":"Living Wall","floor":2,"gold_loss":0,"cards_upgraded":["Neutralize"]},{"damage_healed":0,"gold_gain":0,"player_choice":"Donut","damage_taken":0,"max_hp_gain":5,"max_hp_loss":0,"event_name":"Big Fish","floor":3,"gold_loss":0},{"damage_healed":0,"gold_gain":0,"player_choice":"Entered Light","damage_taken":21,"max_hp_gain":0,"max_hp_loss":0,"event_name":"Shining Light","floor":11,"gold_loss":0,"cards_upgraded":["Defend_G","Strike_G"]},{"damage_healed":0,"gold_gain":0,"player_choice":"Paid","damage_taken":0,"relics_obtained":["Red Mask"],"max_hp_gain":0,"max_hp_loss":0,"event_name":"Tomb of Lord Red Mask","floor":37,"gold_loss":185},{"damage_healed":0,"gold_gain":0,"player_choice":"Fight","damage_taken":0,"max_hp_gain":0,"max_hp_loss":0,"event_name":"MindBloom","floor":44,"gold_loss":0}],"is_beta":true,"boss_relics":[{"not_picked":["Busted Crown","Fusion Hammer"],"picked":"Snecko Eye"},{"not_picked":["WristBlade","Tiny House"],"picked":"Cursed Key"}],"items_purged_floors":[8,30],"is_endless":false,"potions_floor_spawned":[4,5,21,27,29,33,35,38,41,48,55],"ascension_level":20}