{"gold_per_floor":[111,121,121,121,131,165,39,39,64,96,96,171,205,205,205,283,283,295,295,295,79,29,55,55,86,86,86,97,115,115,142,142,221,221,232,251,301,311,185,185,211,230,230,230,0,0],"floor_reached":46,"playtime":2138,"items_purged":["Defend_R","Writhe"],"score":1197,"play_id":"c66aba68-1a92-406e-8622-385d9e43c677","local_time":"20190312234950","is_ascension_mode":true,"campfire_choices":[{"data":"Armaments","floor":8,"key":"SMITH"},{"data":"Perfected Strike","floor":11,"key":"SMITH"},{"data":"Flame Barrier","floor":15,"key":"SMITH"},{"data":"Limit Break","floor":24,"key":"SMITH"},{"data":"Wild Strike","floor":27,"key":"SMITH"},{"data":"Perfected Strike","floor":32,"key":"SMITH"},{"data":"Pummel","floor":40,"key":"SMITH"}],"neow_cost":"NONE","seed_source_timestamp":822070626432443,"circlet_count":0,"master_deck":["AscendersBane","Strike_R","Strike_R","Strike_R","Strike_R","Strike_R","Defend_R","Defend_R","Defend_R","Bash+1","Flame Barrier+1","Perfected Strike+1","Wild Strike+1","Power Through","Armaments+1","Demon Form+1","Twin Strike","Limit Break+1","Headbutt+1","Twin Strike","Perfected Strike+1","Cleave+1","Shrug It Off+1","Pummel+1","Perfected Strike+1","Offering","Pommel Strike+1","Warcry+1","Twin Strike","Heavy Blade","Intimidate+1","Master of Strategy"],"relics":["Black Blood","PreservedInsect","Centennial Puzzle","Anchor","Dead Branch","FossilizedHelix","Coffee Dripper","MutagenicStrength","DollysMirror","Darkstone Periapt","Art of War","Ornamental Fan","Mummified Hand","Mango","StoneCalendar","Mercury Hourglass","The Courier","Red Mask"],"potions_floor_usage":[2,6,10,10,28,31,38,41,42],"damage_taken":[{"damage":10,"enemies":"2 Louse","floor":1,"turns":4},{"damage":1,"enemies":"Small Slimes","floor":2,"turns":2},{"damage":0,"enemies":"Cultist","floor":5,"turns":2},{"damage":0,"enemies":"Gremlin Nob","floor":6,"turns":3},{"damage":8,"enemies":"Lagavulin","floor":10,"turns":7},{"damage":3,"enemies":"Gremlin Nob","floor":13,"turns":3},{"damage":31,"enemies":"The Guardian","floor":16,"turns":8},{"damage":0,"enemies":"3 Byrds","floor":18,"turns":2},{"damage":0,"enemies":"Slavers","floor":23,"turns":3},{"damage":6,"enemies":"Book of Stabbing","floor":25,"turns":3},{"damage":0,"enemies":"Shell Parasite","floor":28,"turns":2},{"damage":0,"enemies":"Snake Plant","floor":29,"turns":5},{"damage":0,"enemies":"Slavers","floor":31,"turns":3},{"damage":20,"enemies":"Collector","floor":33,"turns":8},{"damage":5,"enemies":"3 Shapes","floor":35,"turns":3},{"damage":0,"enemies":"Orb Walker","floor":36,"turns":2},{"damage":41,"enemies":"2 Orb Walkers","floor":37,"turns":5},{"damage":9,"enemies":"Sphere and 2 Shapes","floor":38,"turns":6},{"damage":19,"enemies":"Nemesis","floor":41,"turns":5},{"damage":43,"enemies":"Maw","floor":42,"turns":7},{"damage":27,"enemies":"Spire Growth","floor":46,"turns":3}],"seed_played":"-2676716740431209824","potions_obtained":[{"floor":1,"key":"AttackPotion"},{"floor":4,"key":"Energy Potion"},{"floor":4,"key":"FairyPotion"},{"floor":5,"key":"BloodPotion"},{"floor":6,"key":"Dexterity Potion"},{"floor":23,"key":"Block Potion"},{"floor":29,"key":"Fire Potion"},{"floor":31,"key":"Regen Potion"},{"floor":35,"key":"Dexterity Potion"},{"floor":37,"key":"SkillPotion"},{"floor":38,"key":"EssenceOfSteel"}],"is_trial":false,"path_per_floor":["M","M","?","?","M","E","$","R","T","E","R","?","E","?","R","B",null,"M","?","?","$","?","E","R","E","T","R","M","M","?","E","R","B",null,"M","M","?","M","$","R","E","M","T","?","?","M"],"character_chosen":"IRONCLAD","items_purchased":["Armaments","DollysMirror","Twin Strike"],"campfire_rested":0,"item_purchase_floors":[7,21,39],"current_hp_per_floor":[64,69,34,34,40,46,46,46,46,51,51,40,43,43,43,18,61,67,67,67,67,67,73,73,73,73,73,75,75,81,95,95,81,92,95,95,64,65,65,65,56,23,23,23,23,0],"gold":0,"neow_bonus":"UPGRADE_CARD","is_prod":false,"is_daily":false,"chose_seed":false,"campfire_upgraded":7,"win_rate":0,"timestamp":1552448990,"path_taken":["M","M","?","?","?","E","?","R","T","E","R","?","E","?","R","BOSS","M","?","?","$","?","E","R","E","T","R","M","?","?","E","R","BOSS","M","M","?","M","$","R","E","M","T","?","?","?"],"build_version":"2019-01-23","purchased_purges":2,"victory":false,"max_hp_per_floor":[75,75,75,75,75,75,75,75,75,75,75,75,75,75,75,75,75,75,75,75,75,75,75,75,75,75,75,75,75,81,95,95,95,95,95,95,95,95,95,95,95,95,95,95,95,95],"card_choices":[{"not_picked":["Shockwave","Flex"],"picked":"Flame Barrier","floor":1},{"not_picked":["Thunderclap","Headbutt"],"picked":"Perfected Strike","floor":2},{"not_picked":["Infernal Blade","Rupture"],"picked":"Wild Strike","floor":5},{"not_picked":["True Grit","Shrug It Off"],"picked":"Power Through","floor":6},{"not_picked":["Body Slam","Sword Boomerang"],"picked":"Demon Form","floor":10},{"not_picked":["Thunderclap","Hemokinesis"],"picked":"Twin Strike","floor":13},{"not_picked":["Brutality","Barricade"],"picked":"Limit Break","floor":16},{"not_picked":["Iron Wave+1","Combust"],"picked":"Headbutt+1","floor":18},{"not_picked":["Dark Embrace","Body Slam"],"picked":"Cleave+1","floor":23},{"not_picked":["Body Slam","Clothesline","Clash"],"picked":"SKIP","floor":25},{"not_picked":["Cleave+1","Havoc+1"],"picked":"Shrug It Off+1","floor":28},{"not_picked":["Twin Strike","Iron Wave"],"picked":"Pummel","floor":29},{"not_picked":["Blood for Blood+1","Double Tap"],"picked":"Perfected Strike","floor":31},{"not_picked":["Feed","Fiend Fire"],"picked":"Offering","floor":33},{"not_picked":["Searing Blow+1","Power Through"],"picked":"Pommel Strike+1","floor":35},{"not_picked":["Shrug It Off","Rage","Cleave"],"picked":"SKIP","floor":36},{"not_picked":["Havoc+1","Fire Breathing"],"picked":"Warcry+1","floor":37},{"not_picked":["Burning Pact","Shrug It Off","Body Slam"],"picked":"SKIP","floor":38},{"not_picked":["Burning Pact","Sentinel+1"],"picked":"Heavy Blade","floor":41},{"not_picked":["Shockwave+1","Body Slam"],"picked":"Intimidate+1","floor":42},{"not_picked":["Enlightenment","Finesse"],"picked":"Master of Strategy","floor":44}],"player_experience":1059430,"relics_obtained":[{"floor":6,"key":"Centennial Puzzle"},{"floor":9,"key":"Anchor"},{"floor":10,"key":"Dead Branch"},{"floor":13,"key":"FossilizedHelix"},{"floor":23,"key":"Darkstone Periapt"},{"floor":25,"key":"Art of War"},{"floor":26,"key":"Ornamental Fan"},{"floor":31,"key":"Mango"},{"floor":37,"key":"StoneCalendar"},{"floor":41,"key":"Mercury Hourglass"},{"floor":43,"key":"The Courier"}],"event_choices":[{"damage_healed":0,"gold_gain":0,"player_choice":"Success","damage_taken":35,"relics_obtained":["PreservedInsect"],"max_hp_gain":0,"max_hp_loss":0,"event_name":"Scrap Ooze","floor":3,"gold_loss":0},{"damage_healed":0,"gold_gain":0,"player_choice":"Got Potions","damage_taken":0,"max_hp_gain":0,"max_hp_loss":0,"event_name":"Lab","floor":4,"gold_loss":0},{"damage_healed":0,"gold_gain":75,"player_choice":"Gather Gold","damage_taken":11,"max_hp_gain":0,"max_hp_loss":0,"event_name":"World of Goop","floor":12,"gold_loss":0},{"damage_healed":0,"gold_gain":0,"player_choice":"Grow","damage_taken":0,"max_hp_gain":0,"max_hp_loss":0,"event_name":"Living Wall","floor":14,"gold_loss":0,"cards_upgraded":["Demon Form"]},{"damage_healed":0,"gold_gain":0,"player_choice":"Inject Mutagens","damage_taken":0,"relics_obtained":["MutagenicStrength"],"max_hp_gain":0,"max_hp_loss":0,"event_name":"Drug Dealer","floor":19,"gold_loss":0},{"damage_healed":0,"gold_gain":0,"player_choice":"Read","damage_taken":0,"max_hp_gain":0,"max_hp_loss":0,"event_name":"The Library","floor":20,"gold_loss":0,"cards_obtained":["Twin Strike"]},{"damage_healed":0,"gold_gain":0,"player_choice":"Bet on Murderer","damage_taken":0,"max_hp_gain":0,"max_hp_loss":0,"event_name":"The Joust","floor":22,"gold_loss":50},{"damage_healed":0,"gold_gain":0,"player_choice":"Opened","damage_taken":0,"relics_obtained":["Mummified Hand"],"max_hp_gain":0,"max_hp_loss":0,"event_name":"The Mausoleum","floor":30,"gold_loss":0,"cards_obtained":["Writhe"]},{"damage_healed":0,"gold_gain":0,"player_choice":"Fight","damage_taken":0,"max_hp_gain":0,"max_hp_loss":0,"event_name":"Mysterious Sphere","floor":37,"gold_loss":0},{"damage_healed":0,"gold_gain":0,"player_choice":"Memory 1","damage_taken":0,"max_hp_gain":0,"max_hp_loss":0,"event_name":"SensoryStone","floor":44,"gold_loss":0},{"damage_healed":0,"gold_gain":0,"player_choice":"Paid","damage_taken":0,"relics_obtained":["Red Mask"],"max_hp_gain":0,"max_hp_loss":0,"event_name":"Tomb of Lord Red Mask","floor":45,"gold_loss":230}],"is_beta":false,"boss_relics":[{"not_picked":["Black Star","Astrolabe"],"picked":"Coffee Dripper"},{"not_picked":["Runic Pyramid","Runic Dome"],"picked":"Black Blood"}],"items_purged_floors":[7,39],"is_endless":false,"potions_floor_spawned":[1,5,6,23,29,31,35,37,38],"killed_by":"Spire Growth","ascension_level":17}