{"gold_per_floor":[117,74,74,74,74,74,95,95,176,176,191,266,285,301,301,394,394,409,409,459,459,484,484,434,434,434,484,499,499,499,523,523,523],"floor_reached":33,"playtime":1064,"items_purged":[],"score":454,"play_id":"32e65efb-0a5b-4271-b2a1-cc4879a12f70","local_time":"20180828002805","is_ascension_mode":true,"campfire_choices":[{"data":"Neutralize","floor":6,"key":"SMITH"},{"data":"Dodge and Roll","floor":8,"key":"SMITH"},{"data":"Cloak And Dagger","floor":15,"key":"SMITH"},{"data":"A Thousand Cuts","floor":23,"key":"SMITH"},{"data":"Backflip","floor":25,"key":"SMITH"},{"data":"Adrenaline","floor":29,"key":"SMITH"},{"data":"Backflip","floor":32,"key":"SMITH"}],"neow_cost":"NONE","seed_source_timestamp":0,"circlet_count":0,"master_deck":["Defend_G","Defend_G","Defend_G","Defend_G","Strike_G","Strike_G","Strike_G","Survivor+1","Neutralize+1","AscendersBane","Escape Plan","Predator+1","Backflip+1","Adrenaline+1","Cloak And Dagger+1","A Thousand Cuts+1","Flying Knee","Outmaneuver+1","Sucker Punch+1","Backstab","Backflip","Backflip+1"],"special_seed":0,"relics":["Ring of the Snake","Strawberry","Golden Idol","Snake Skull","Darkstone Periapt","Sozu","Ornamental Fan"],"potions_floor_usage":[14,16],"damage_taken":[{"damage":18,"enemies":"Jaw Worm","floor":1,"turns":8},{"damage":0,"enemies":"2 Louse","floor":7,"turns":3},{"damage":0,"enemies":"Small Slimes","floor":11,"turns":5},{"damage":0,"enemies":"2 Fungi Beasts","floor":13,"turns":5},{"damage":6,"enemies":"Large Slime","floor":14,"turns":6},{"damage":13,"enemies":"The Guardian","floor":16,"turns":23},{"damage":14,"enemies":"Shell Parasite","floor":18,"turns":9},{"damage":11,"enemies":"2 Thieves","floor":22,"turns":4},{"damage":2,"enemies":"Chosen and Byrds","floor":28,"turns":5},{"damage":4,"enemies":"Colosseum Slavers","floor":30,"turns":3},{"damage":0,"enemies":"3 Cultists","floor":31,"turns":3},{"damage":70,"enemies":"Collector","floor":33,"turns":8}],"seed_played":"-4987227951627095960","potions_obtained":[{"floor":1,"key":"PowerPotion"},{"floor":13,"key":"FearPotion"}],"is_trial":false,"path_per_floor":["M","$","?","?","?","R","M","R","T","?","M","?","M","M","R","B",null,"M","?","?","?","M","R","?","R","T","?","M","R","?","M","R"],"character_chosen":"THE_SILENT","items_purchased":["Predator"],"campfire_rested":0,"item_purchase_floors":[2],"current_hp_per_floor":[48,48,48,43,43,43,43,43,43,43,43,32,32,26,26,13,53,39,39,39,76,65,65,65,65,65,65,63,63,59,59,59,0],"gold":523,"neow_bonus":"RANDOM_COMMON_RELIC","is_prod":false,"is_daily":false,"chose_seed":false,"campfire_upgraded":7,"win_rate":0,"timestamp":1535441285,"path_taken":["M","$","?","?","?","R","?","R","T","?","M","?","M","M","R","BOSS","M","?","?","?","?","R","?","R","T","?","M","R","?","M","R","BOSS"],"build_version":"2018-08-27","purchased_purges":0,"victory":false,"max_hp_per_floor":[73,73,66,66,66,66,66,66,66,66,66,66,66,66,66,66,66,66,66,66,76,76,76,76,76,76,76,76,76,76,76,76,76],"card_choices":[{"not_picked":["Blur","Slice"],"picked":"Escape Plan","floor":1},{"not_picked":["Blade Dance","Eviscerate"],"picked":"Dodge and Roll","floor":7},{"not_picked":["Dagger Throw","Prepared"],"picked":"Backflip","floor":11},{"not_picked":["Setup","Blur"],"picked":"Adrenaline","floor":13},{"not_picked":["Flying Knee","Blade Dance"],"picked":"Cloak And Dagger","floor":14},{"not_picked":["Die Die Die","Burst"],"picked":"A Thousand Cuts","floor":16},{"not_picked":["Calculated Gamble+1","Tactician"],"picked":"Flying Knee","floor":18},{"not_picked":["Underhanded Strike","Slice"],"picked":"Backstab","floor":22},{"not_picked":["Quick Slash","Bane"],"picked":"Backflip","floor":28},{"not_picked":["Underhanded Strike","Riddle With Holes"],"picked":"Backflip","floor":31}],"player_experience":910173,"relics_obtained":[{"floor":9,"key":"Darkstone Periapt"},{"floor":26,"key":"Ornamental Fan"}],"event_choices":[{"event_name":"Golden Idol","player_choice":"Lose Max HP","floor":3,"damage_taken":0},{"event_name":"Scrap Ooze","player_choice":"success","floor":4,"damage_taken":5},{"event_name":"Shining Light","player_choice":"Ignored","floor":5,"damage_taken":0},{"event_name":"Purifier","player_choice":"One Purge","floor":10,"damage_taken":0},{"event_name":"World of Goop","player_choice":"Gather Gold","floor":12,"damage_taken":0},{"event_name":"Drug Dealer","player_choice":"Became Test Subject","floor":19,"damage_taken":0},{"event_name":"The Joust","player_choice":"Bet on Murderer","floor":20,"damage_taken":0},{"event_name":"Bonfire Elementals","player_choice":"RARE","floor":21,"damage_taken":0},{"event_name":"Designer","player_choice":"Upgrade 2 Random Cards","floor":24,"damage_taken":0},{"event_name":"Nest","player_choice":"Stole From Cult","floor":27,"damage_taken":0},{"event_name":"Colosseum","player_choice":"Fight","floor":30,"damage_taken":0},{"event_name":"Colosseum","player_choice":"Fled From Nobs","floor":30,"damage_taken":0}],"is_beta":true,"boss_relics":[{"not_picked":["Pandora\u0027s Box","Runic Dome"],"picked":"Sozu"}],"items_purged_floors":[],"is_endless":false,"potions_floor_spawned":[1,13,18],"killed_by":"Collector","ascension_level":19}