{"gold_per_floor":[213,388,6,6,21,50,50,85,139,153,118,182,282,292,292,292],"floor_reached":16,"playtime":746,"items_purged":["Doubt"],"score":130,"play_id":"51fcff7a-6794-49b2-9a9c-c57d2f605446","local_time":"20180908233228","is_ascension_mode":true,"campfire_choices":[{"data":"Zap","floor":7,"key":"SMITH"},{"data":"Storm","floor":15,"key":"SMITH"}],"neow_cost":"NONE","seed_source_timestamp":536655754356138,"circlet_count":0,"master_deck":["Strike_B","Strike_B","Strike_B","Strike_B","Defend_B","Defend_B","Defend_B","Defend_B","Zap+1","Dualcast","Chill","Storm+1","Thunder Strike","Force Field","Biased Cognition","Hologram","White Noise"],"relics":["Cracked Core","Juzu Bracelet","PreservedInsect","Potion Belt","Art of War","Meat on the Bone"],"potions_floor_usage":[6,8,12,16],"damage_taken":[{"damage":0,"enemies":"Small Slimes","floor":1,"turns":3},{"damage":8,"enemies":"2 Louse","floor":5,"turns":3},{"damage":37,"enemies":"3 Sentries","floor":6,"turns":10},{"damage":16,"enemies":"Lagavulin","floor":8,"turns":6},{"damage":0,"enemies":"Jaw Worm","floor":10,"turns":3},{"damage":10,"enemies":"Gremlin Nob","floor":12,"turns":3},{"damage":10,"enemies":"Exordium Thugs","floor":14,"turns":5},{"damage":25,"enemies":"The Guardian","floor":16,"turns":6}],"seed_played":"-5486778546199031369","potions_obtained":[{"floor":1,"key":"GamblersBrew"},{"floor":5,"key":"Block Potion"},{"floor":8,"key":"FocusPotion"},{"floor":14,"key":"Block Potion"}],"is_trial":false,"path_per_floor":["M","?","$","$","M","E","R","E","T","M","?","?","?","M","R"],"character_chosen":"DEFECT","items_purchased":["Juzu Bracelet","Storm","Thunder Strike"],"campfire_rested":0,"item_purchase_floors":[3,3,3],"current_hp_per_floor":[75,75,75,75,67,30,30,14,14,14,32,22,22,24,24,0],"gold":292,"neow_bonus":"HUNDRED_GOLD","is_prod":false,"is_daily":false,"chose_seed":false,"campfire_upgraded":2,"win_rate":0,"timestamp":1536463948,"path_taken":["M","?","?","$","M","E","R","E","T","M","?","?","?","M","R","BOSS"],"build_version":"2018-09-06","purchased_purges":1,"victory":false,"max_hp_per_floor":[75,75,75,75,75,75,75,75,75,75,75,75,75,75,75,75],"card_choices":[{"not_picked":["Glacier","Gash"],"picked":"Chill","floor":1},{"not_picked":["Double Energy","Coolheaded"],"picked":"Force Field","floor":5},{"not_picked":["Coolheaded","Leap","Redo"],"picked":"SKIP","floor":6},{"not_picked":["Cold Snap","White Noise"],"picked":"Biased Cognition","floor":8},{"not_picked":["Sweeping Beam","Gash"],"picked":"Hologram","floor":10},{"not_picked":["Streamline","Rebound"],"picked":"White Noise","floor":12},{"not_picked":["Redo","Chill","BootSequence"],"picked":"SKIP","floor":14}],"player_experience":991332,"relics_obtained":[{"floor":6,"key":"PreservedInsect"},{"floor":8,"key":"Potion Belt"},{"floor":9,"key":"Art of War"},{"floor":12,"key":"Meat on the Bone"}],"event_choices":[{"event_name":"Liars Game","player_choice":"agreed","floor":2,"damage_taken":0},{"event_name":"The Cleric","player_choice":"Healed","floor":11,"damage_taken":0},{"event_name":"Dead Adventurer","player_choice":"Searched \u00271\u0027 times","floor":12,"damage_taken":0},{"event_name":"Wheel of Change","player_choice":"Gold","floor":13,"damage_taken":0}],"is_beta":false,"boss_relics":[],"items_purged_floors":[3],"is_endless":false,"potions_floor_spawned":[1,5,8,14],"killed_by":"The Guardian","ascension_level":4}