{"gold_per_floor":[111,126,140,140,65,65,94,94,394,116,136,163,163,163,163,238,238,256,256,171,171,20,20],"floor_reached":23,"playtime":767,"items_purged":["Writhe"],"score":390,"play_id":"a9a188ae-4d55-49d1-b774-e66657635db4","local_time":"20190316002249","is_ascension_mode":true,"campfire_choices":[{"data":"Bash","floor":6,"key":"SMITH"},{"data":"Anger","floor":13,"key":"SMITH"},{"data":"Wild Strike","floor":15,"key":"SMITH"}],"neow_cost":"NONE","seed_source_timestamp":220143683510329,"circlet_count":0,"master_deck":["AscendersBane","Strike_R","Strike_R","Strike_R","Defend_R","Defend_R+1","Defend_R","Defend_R+1","Bash+1","Wild Strike+1","Spot Weakness","Metallicize","Pommel Strike","Feel No Pain","Anger+1","Headbutt","Wild Strike+1","Shrug It Off","Demon Form","Power Through","Clothesline+1"],"relics":["Burning Blood","NeowsBlessing","Nunchaku","Old Coin","Molten Egg 2","Mark of Pain","The Courier","Darkstone Periapt","Charon\u0027s Ashes"],"potions_floor_usage":[11,12,12,18,23],"damage_taken":[{"damage":0,"enemies":"Cultist","floor":1,"turns":1},{"damage":0,"enemies":"2 Louse","floor":2,"turns":1},{"damage":0,"enemies":"Small Slimes","floor":3,"turns":1},{"damage":42,"enemies":"Lagavulin","floor":7,"turns":7},{"damage":14,"enemies":"Looter","floor":11,"turns":3},{"damage":12,"enemies":"3 Sentries","floor":12,"turns":9},{"damage":21,"enemies":"Hexaghost","floor":16,"turns":8},{"damage":53,"enemies":"3 Byrds","floor":18,"turns":7},{"damage":54,"enemies":"Slavers","floor":23,"turns":4}],"seed_played":"2485158706087523015","potions_obtained":[{"floor":11,"key":"SneckoOil"},{"floor":16,"key":"Regen Potion"}],"is_trial":false,"path_per_floor":["M","M","M","?","?","R","E","?","T","$","M","E","R","?","R","B",null,"M","T","?","?","$","E"],"character_chosen":"IRONCLAD","items_purchased":["Feel No Pain","Regen Potion","BloodPotion","Anger","Clothesline+1","Regen Potion"],"campfire_rested":0,"item_purchase_floors":[10,10,10,10,22,22],"current_hp_per_floor":[74,75,75,80,80,80,44,20,20,20,20,29,29,29,29,14,64,32,32,32,38,38,0],"gold":20,"neow_bonus":"THREE_ENEMY_KILL","is_prod":false,"is_daily":false,"chose_seed":false,"campfire_upgraded":3,"win_rate":0,"timestamp":1552710169,"path_taken":["M","?","M","?","?","R","E","?","T","$","M","E","R","?","R","BOSS","M","?","?","?","$","E"],"build_version":"2019-01-23","purchased_purges":1,"victory":false,"max_hp_per_floor":[75,75,75,80,80,80,80,80,80,80,80,80,80,80,80,80,80,80,80,80,86,86,86],"card_choices":[{"not_picked":["Armaments","Havoc"],"picked":"Wild Strike","floor":1},{"not_picked":["Wild Strike","Flex"],"picked":"Spot Weakness","floor":2},{"not_picked":["Flame Barrier","Warcry"],"picked":"Metallicize","floor":3},{"not_picked":["Dual Wield","Hemokinesis"],"picked":"Pommel Strike","floor":7},{"not_picked":["Sever Soul","Intimidate"],"picked":"Headbutt","floor":11},{"not_picked":["True Grit","Warcry"],"picked":"Wild Strike","floor":12},{"not_picked":["Barricade","Limit Break"],"picked":"Demon Form","floor":16},{"not_picked":["Rupture","Second Wind"],"picked":"Power Through","floor":18}],"player_experience":1145374,"relics_obtained":[{"floor":7,"key":"Nunchaku"},{"floor":9,"key":"Old Coin"},{"floor":12,"key":"Molten Egg 2"},{"floor":19,"key":"The Courier"}],"event_choices":[{"damage_healed":0,"gold_gain":0,"player_choice":"Donut","damage_taken":0,"max_hp_gain":5,"max_hp_loss":0,"event_name":"Big Fish","floor":4,"gold_loss":0},{"cards_removed":["Strike_R"],"damage_healed":0,"gold_gain":0,"player_choice":"Card Removal","damage_taken":0,"max_hp_gain":0,"max_hp_loss":0,"event_name":"The Cleric","floor":5,"gold_loss":75},{"damage_healed":0,"gold_gain":0,"player_choice":"Entered Light","damage_taken":24,"max_hp_gain":0,"max_hp_loss":0,"event_name":"Shining Light","floor":8,"gold_loss":0,"cards_upgraded":["Defend_R","Defend_R"]},{"damage_healed":0,"gold_gain":0,"cards_transformed":["Strike_R"],"player_choice":"Transformed","damage_taken":0,"max_hp_gain":0,"max_hp_loss":0,"event_name":"Transmorgrifier","floor":14,"gold_loss":0,"cards_obtained":["Shrug It Off"]},{"damage_healed":0,"gold_gain":0,"player_choice":"Obtained Relic","damage_taken":0,"relics_obtained":["Darkstone Periapt"],"max_hp_gain":0,"max_hp_loss":0,"event_name":"Addict","floor":20,"gold_loss":85},{"damage_healed":0,"gold_gain":0,"player_choice":"Opened","damage_taken":0,"relics_obtained":["Charon\u0027s Ashes"],"max_hp_gain":0,"max_hp_loss":0,"event_name":"The Mausoleum","floor":21,"gold_loss":0,"cards_obtained":["Writhe"]}],"is_beta":false,"boss_relics":[{"not_picked":["Empty Cage","Runic Pyramid"],"picked":"Mark of Pain"}],"items_purged_floors":[22],"is_endless":false,"potions_floor_spawned":[11,16],"killed_by":"Slavers","ascension_level":20}