{"gold_per_floor":[114,10,10,10,30,30,59,59,107,125,155,172,172,186,186,262,262,279,30,44,56,66,66],"floor_reached":23,"playtime":610,"items_purged":[],"score":536,"play_id":"63301fad-d7b7-42dd-b2ab-e5c83203676b","local_time":"20190106221758","is_ascension_mode":true,"campfire_choices":[{"data":"Zap","floor":6,"key":"SMITH"},{"data":"Defend_B","floor":8,"key":"SMITH"},{"data":"Defend_B","floor":13,"key":"SMITH"},{"data":"Biased Cognition","floor":15,"key":"SMITH"}],"neow_cost":"NONE","seed_source_timestamp":38710245296423,"circlet_count":0,"master_deck":["AscendersBane","Strike_B","Strike_B","Strike_B","Strike_B","Defend_B","Defend_B","Defend_B+1","Defend_B+1","Zap+1","Dualcast","Sunder+1","Ball Lightning","Ball Lightning","Coolheaded","Leap","Coolheaded","Biased Cognition+1","Buffer","Leap","Thunder Strike","Undo","Reinforced Body","Coolheaded+1"],"relics":["Cracked Core","NeowsBlessing","Oddly Smooth Stone","PreservedInsect","Odd Mushroom","Snecko Eye"],"potions_floor_usage":[16,16,20,23],"damage_taken":[{"damage":0,"enemies":"Jaw Worm","floor":1,"turns":1},{"damage":0,"enemies":"Cultist","floor":5,"turns":1},{"damage":0,"enemies":"3 Sentries","floor":7,"turns":1},{"damage":6,"enemies":"Small Slimes","floor":10,"turns":2},{"damage":13,"enemies":"The Mushroom Lair","floor":11,"turns":3},{"damage":0,"enemies":"Exordium Wildlife","floor":12,"turns":2},{"damage":1,"enemies":"Exordium Thugs","floor":14,"turns":3},{"damage":0,"enemies":"Slime Boss","floor":16,"turns":6},{"damage":3,"enemies":"2 Thieves","floor":18,"turns":3},{"damage":0,"enemies":"3 Byrds","floor":20,"turns":3},{"damage":0,"enemies":"Shelled Parasite and Fungi","floor":21,"turns":4},{"damage":18,"enemies":"Chosen and Byrds","floor":22,"turns":9},{"damage":45,"enemies":"Book of Stabbing","floor":23,"turns":4}],"seed_played":"4845069636797320468","potions_obtained":[{"floor":11,"key":"Poison Potion"},{"floor":12,"key":"FearPotion"},{"floor":18,"key":"LiquidBronze"},{"floor":22,"key":"LiquidBronze"}],"is_trial":false,"path_per_floor":["M","$","?","$","M","R","E","R","T","M","?","M","R","M","R","B",null,"M","$","M","M","M","E"],"character_chosen":"DEFECT","items_purchased":["Sunder","Ball Lightning","Thunder Strike","Undo"],"campfire_rested":0,"item_purchase_floors":[2,2,19,19],"current_hp_per_floor":[64,64,64,64,64,64,64,64,64,58,45,45,45,44,44,44,64,61,61,61,61,43,0],"gold":66,"neow_bonus":"THREE_ENEMY_KILL","is_prod":false,"is_daily":false,"chose_seed":false,"campfire_upgraded":4,"win_rate":0,"timestamp":1546838278,"path_taken":["M","$","?","?","M","R","E","R","T","M","?","M","R","?","R","BOSS","M","$","M","M","M","E"],"build_version":"2019-01-03v4","purchased_purges":0,"victory":false,"max_hp_per_floor":[71,71,71,71,71,71,71,71,71,71,71,71,71,71,71,71,71,71,71,71,71,71,71],"card_choices":[{"not_picked":["Turbo","Stack","Undo"],"picked":"SKIP","floor":1},{"not_picked":["Streamline","Steam","Beam Cell"],"picked":"SKIP","floor":5},{"not_picked":["Sweeping Beam","Tempest"],"picked":"Ball Lightning","floor":7},{"not_picked":["Ball Lightning","Static Discharge"],"picked":"Coolheaded","floor":10},{"not_picked":["Storm","Beam Cell"],"picked":"Leap","floor":11},{"not_picked":["Stack","Turbo"],"picked":"Coolheaded","floor":12},{"not_picked":["Blizzard","Darkness"],"picked":"Biased Cognition","floor":14},{"not_picked":["Multi-Cast","All For One"],"picked":"Buffer","floor":16},{"not_picked":["Double Energy","Genetic Algorithm"],"picked":"Leap","floor":18},{"not_picked":["Cold Snap","Turbo"],"picked":"Reinforced Body","floor":20},{"not_picked":["Sweeping Beam","Undo"],"picked":"Coolheaded+1","floor":21},{"not_picked":["Redo","Ball Lightning","Gash"],"picked":"SKIP","floor":22}],"player_experience":1030597,"relics_obtained":[{"floor":7,"key":"Oddly Smooth Stone"},{"floor":9,"key":"PreservedInsect"},{"floor":11,"key":"Odd Mushroom"}],"event_choices":[{"damage_healed":0,"gold_gain":0,"player_choice":"Upgraded","damage_taken":0,"max_hp_gain":0,"max_hp_loss":0,"event_name":"Upgrade Shrine","floor":3,"gold_loss":0,"cards_upgraded":["Sunder"]},{"damage_healed":0,"gold_gain":0,"player_choice":"Fought Mushrooms","damage_taken":0,"max_hp_gain":0,"max_hp_loss":0,"event_name":"Mushrooms","floor":11,"gold_loss":0}],"is_beta":true,"boss_relics":[{"not_picked":["Orrery","Astrolabe"],"picked":"Snecko Eye"}],"items_purged_floors":[],"is_endless":false,"potions_floor_spawned":[11,12,14,18,22],"killed_by":"Book of Stabbing","ascension_level":20}