{"gold_per_floor":[112,124,124,140,140,140,7,7,32,32,50,120,120,161,161,161],"floor_reached":16,"playtime":638,"items_purged":["Injury"],"score":196,"play_id":"5445a33f-0643-46a6-856b-ebc7382527bf","local_time":"20190403064329","is_ascension_mode":true,"campfire_choices":[{"data":"White Noise","floor":6,"key":"SMITH"},{"floor":8,"key":"REST"},{"floor":13,"key":"REST"},{"data":"Go for the Eyes","floor":15,"key":"SMITH"}],"neow_cost":"TEN_PERCENT_HP_LOSS","seed_source_timestamp":160053262499145,"circlet_count":0,"master_deck":["AscendersBane","Strike_B","Strike_B","Defend_B","Defend_B","Defend_B","Zap","Dualcast","Glacier","Go for the Eyes+1","White Noise+1","Ball Lightning","Conserve Battery","Cold Snap"],"relics":["Cracked Core","Golden Idol","Oddly Smooth Stone","Unceasing Top","Ice Cream"],"potions_floor_usage":[11,12],"damage_taken":[{"damage":17,"enemies":"Small Slimes","floor":1,"turns":3},{"damage":0,"enemies":"2 Louse","floor":2,"turns":2},{"damage":1,"enemies":"Jaw Worm","floor":4,"turns":5},{"damage":9,"enemies":"3 Louse","floor":11,"turns":3},{"damage":6,"enemies":"3 Sentries","floor":12,"turns":6},{"damage":6,"enemies":"Lagavulin","floor":14,"turns":6},{"damage":27,"enemies":"Hexaghost","floor":16,"turns":14}],"seed_played":"-6154647470126871618","potions_obtained":[{"floor":1,"key":"FocusPotion"},{"floor":11,"key":"EssenceOfSteel"}],"is_trial":false,"path_per_floor":["M","M","?","M","?","R","$","R","T","?","M","?","R","E","R","B"],"character_chosen":"DEFECT","items_purchased":["Ball Lightning"],"campfire_rested":2,"item_purchase_floors":[7],"current_hp_per_floor":[47,47,47,46,11,11,11,30,30,23,14,8,27,21,21,0],"gold":161,"neow_bonus":"REMOVE_TWO","is_prod":false,"is_daily":false,"chose_seed":false,"campfire_upgraded":2,"win_rate":0,"timestamp":1554288209,"path_taken":["M","M","?","M","?","R","$","R","T","?","?","?","R","E","R","BOSS"],"build_version":"2019-01-23","purchased_purges":1,"victory":false,"max_hp_per_floor":[64,64,64,64,64,64,64,64,64,64,64,64,64,64,64,64],"card_choices":[{"not_picked":["Force Field","Conserve Battery"],"picked":"Glacier","floor":1},{"not_picked":["Lockon","Streamline"],"picked":"Go for the Eyes","floor":2},{"not_picked":["Beam Cell","Lockon"],"picked":"White Noise","floor":4},{"not_picked":["Coolheaded","Scrape"],"picked":"Conserve Battery","floor":11},{"not_picked":["Barrage","Go for the Eyes"],"picked":"Cold Snap","floor":12},{"not_picked":["Conserve Battery","Go for the Eyes","Scrape"],"picked":"SKIP","floor":14}],"player_experience":1565900,"relics_obtained":[{"floor":12,"key":"Unceasing Top"},{"floor":14,"key":"Ice Cream"}],"event_choices":[{"damage_healed":0,"gold_gain":0,"player_choice":"Take Wound","damage_taken":0,"relics_obtained":["Golden Idol"],"max_hp_gain":0,"max_hp_loss":0,"event_name":"Golden Idol","floor":3,"gold_loss":0,"cards_obtained":["Injury"]},{"damage_healed":0,"gold_gain":0,"player_choice":"Success","damage_taken":35,"relics_obtained":["Oddly Smooth Stone"],"max_hp_gain":0,"max_hp_loss":0,"event_name":"Scrap Ooze","floor":5,"gold_loss":0},{"cards_removed":["Strike_B"],"damage_healed":0,"gold_gain":0,"player_choice":"Card Removal","damage_taken":7,"max_hp_gain":0,"max_hp_loss":0,"event_name":"Golden Wing","floor":10,"gold_loss":0},{"damage_healed":0,"gold_gain":0,"player_choice":"Searched \u00272\u0027 times","damage_taken":0,"max_hp_gain":0,"max_hp_loss":0,"event_name":"Dead Adventurer","floor":12,"gold_loss":0}],"is_beta":false,"boss_relics":[],"items_purged_floors":[7],"is_endless":false,"potions_floor_spawned":[1,11],"killed_by":"Hexaghost","ascension_level":20}