{"gold_per_floor":[115,30,45,62,62,62,124,70,95,95,128,141,153,171,171,171],"floor_reached":16,"playtime":1643,"items_purged":[],"score":224,"play_id":"616c2f31-58d4-4918-9a9a-748457afdac5","local_time":"20190508190722","is_ascension_mode":true,"campfire_choices":[{"data":"Bash","floor":6,"key":"SMITH"},{"data":"Clothesline","floor":10,"key":"SMITH"},{"floor":15,"key":"REST"}],"neow_cost":"NONE","seed_source_timestamp":1385498771818952,"circlet_count":0,"master_deck":["AscendersBane","Strike_R","Strike_R","Strike_R","Strike_R","Strike_R","Defend_R","Defend_R","Defend_R","Defend_R","Bash+1","Spot Weakness","Feel No Pain","Clothesline+1","Heavy Blade","Disarm","Corruption","Reckless Charge","Headbutt"],"relics":["Burning Blood","Tiny Chest","Potion Belt","Calipers"],"potions_floor_usage":[7,11,16],"damage_taken":[{"damage":6,"enemies":"Cultist","floor":1,"turns":3},{"damage":9,"enemies":"Jaw Worm","floor":3,"turns":5},{"damage":8,"enemies":"2 Louse","floor":4,"turns":4},{"damage":35,"enemies":"Lagavulin","floor":7,"turns":6},{"damage":17,"enemies":"3 Sentries","floor":11,"turns":7},{"damage":21,"enemies":"Lots of Slimes","floor":12,"turns":5},{"damage":8,"enemies":"Blue Slaver","floor":13,"turns":5},{"damage":8,"enemies":"Looter","floor":14,"turns":4},{"damage":48,"enemies":"Slime Boss","floor":16,"turns":8}],"seed_played":"-7325556381466978204","potions_obtained":[{"floor":3,"key":"GamblersBrew"},{"floor":12,"key":"Ancient Potion"},{"floor":14,"key":"EssenceOfSteel"}],"is_trial":false,"path_per_floor":["M","$","M","M","?","R","E","$","T","R","E","M","M","M","R","B"],"character_chosen":"IRONCLAD","items_purchased":["Feel No Pain","Energy Potion"],"campfire_rested":1,"item_purchase_floors":[2,8],"current_hp_per_floor":[75,75,72,70,75,75,46,46,46,46,35,20,18,16,42,0],"gold":171,"neow_bonus":"TEN_PERCENT_HP_BONUS","is_prod":false,"is_daily":false,"chose_seed":false,"campfire_upgraded":2,"win_rate":0,"timestamp":1557356842,"path_taken":["M","$","M","?","?","R","E","?","T","R","E","M","?","M","R","BOSS"],"build_version":"2019-01-23","purchased_purges":0,"victory":false,"max_hp_per_floor":[82,82,82,82,87,87,87,87,87,87,87,87,87,87,87,87],"card_choices":[{"not_picked":["Thunderclap","Pummel"],"picked":"Spot Weakness","floor":1},{"not_picked":["Headbutt","Body Slam"],"picked":"Clothesline","floor":3},{"not_picked":["Blood for Blood","Havoc"],"picked":"Heavy Blade","floor":4},{"not_picked":["Combust","Dropkick","Iron Wave"],"picked":"SKIP","floor":7},{"not_picked":["Cleave","Perfected Strike"],"picked":"Disarm","floor":11},{"not_picked":["Havoc","Sword Boomerang"],"picked":"Corruption","floor":12},{"not_picked":["Sword Boomerang","Armaments"],"picked":"Reckless Charge","floor":13},{"not_picked":["Iron Wave","Perfected Strike"],"picked":"Headbutt","floor":14}],"player_experience":2481106,"relics_obtained":[{"floor":7,"key":"Tiny Chest"},{"floor":9,"key":"Potion Belt"},{"floor":11,"key":"Calipers"}],"event_choices":[{"damage_healed":0,"gold_gain":0,"player_choice":"Donut","damage_taken":0,"max_hp_gain":5,"max_hp_loss":0,"event_name":"Big Fish","floor":5,"gold_loss":0}],"is_beta":false,"boss_relics":[],"items_purged_floors":[],"is_endless":false,"potions_floor_spawned":[3,12,14],"killed_by":"Slime Boss","ascension_level":20}