{"path_per_floor":["M","M","?","M","?","R","M","R","T","M","$","M","R","?","R","B",null,"M","$","?","?","M","E","?","?","T","E","R","M","M","M","R","B",null,"M","?","$","$","?","E","R","M","T","T","R","M","M","M","R","B"],"character_chosen":"IRONCLAD","items_purchased":["Frozen Egg 2","Toxic Egg 2","Singing Bowl","Thread and Needle"],"gold_per_floor":[363,383,383,403,578,578,548,548,571,581,70,83,83,113,113,217,217,230,5,5,5,24,59,59,59,83,112,112,124,142,157,157,255,255,272,318,6,6,0,26,26,37,61,88,88,108,118,132,132,132],"floor_reached":51,"campfire_rested":1,"playtime":2775,"current_hp_per_floor":[72,74,67,72,72,72,73,73,73,58,58,50,50,36,36,10,80,80,80,80,56,46,45,45,45,45,51,51,63,63,63,63,45,63,63,63,63,63,63,45,45,54,54,54,54,64,52,34,53,65],"items_purged":["Doubt"],"gold":132,"score":805,"play_id":"01f01cff-ed65-4e19-85c4-b919d52a91a0","local_time":"20180415122555","is_prod":false,"is_daily":false,"chose_seed":false,"is_ascension_mode":false,"campfire_upgraded":6,"timestamp":1523809555,"path_taken":["M","M","?","M","?","R","M","R","T","M","$","M","R","?","R","BOSS","M","$","?","?","M","E","?","?","T","E","R","M","?","M","R","BOSS","M","?","?","$","?","E","R","M","T","?","R","M","M","?","R","BOSS"],"build_version":"2018-04-12","seed_source_timestamp":223935994842550,"purchased_purges":1,"victory":true,"master_deck":["Defend_R+1","Defend_R","Defend_R","Defend_R","Bash+1","Armaments+1","Feel No Pain+1","Flex+1","Feel No Pain+1","True Grit+1","Reckless Charge","Corruption+1","Demon Form+1","Carnage+1","Writhe","Bite","Bite","Bite","Bite","Bite","True Grit+1","Heavy Blade+1","Double Tap+1","Sentinel+1","True Grit+1","Shrug It Off+1","Dual Wield+1","Offering+1","Sword Boomerang+1","Shrug It Off+1","Evolve+1","Dual Wield+1","True Grit+1","Carnage+1","Body Slam+1"],"max_hp_per_floor":[80,80,80,80,80,80,80,80,80,80,80,80,80,80,80,80,80,80,80,80,56,56,56,56,56,56,63,63,63,63,63,63,63,63,63,63,63,63,63,63,63,63,63,63,63,65,65,65,65,65],"relics":["Burning Blood","Dream Catcher","Frozen Egg 2","Toxic Egg 2","Odd Mushroom","Runic Dome","Singing Bowl","Happy Flower","War Paint","Orichalcum","Strawberry","Mark of Pain","Girya","Thread and Needle","Red Mask","Ancient Tea Set","Lantern","Omamori"],"card_choices":[{"not_picked":["Sword Boomerang","Cleave"],"picked":"Armaments","floor":1},{"not_picked":["Uppercut","Cleave"],"picked":"Feel No Pain","floor":2},{"not_picked":["Shockwave","Cleave"],"picked":"Flex","floor":4},{"not_picked":["Perfected Strike","Rampage"],"picked":"Feel No Pain","floor":7},{"not_picked":["Body Slam","Pummel"],"picked":"True Grit","floor":10},{"not_picked":["Pommel Strike","Seeing Red"],"picked":"Reckless Charge","floor":12},{"not_picked":["Pummel","Whirlwind"],"picked":"Corruption","floor":14},{"not_picked":["Reaper","Offering"],"picked":"Demon Form","floor":16},{"not_picked":["Headbutt","Shrug It Off"],"picked":"Carnage","floor":18},{"not_picked":["Perfected Strike","Inflame"],"picked":"True Grit","floor":22},{"not_picked":["Combust","Flex"],"picked":"Heavy Blade","floor":23},{"not_picked":["Sever Soul","Double Tap"],"picked":"Sentinel","floor":27},{"not_picked":["Pommel Strike","Flex"],"picked":"True Grit","floor":29},{"not_picked":["Twin Strike","Pommel Strike"],"picked":"Shrug It Off","floor":30},{"not_picked":["Twin Strike","Iron Wave"],"picked":"Dual Wield","floor":31},{"not_picked":["Impervious","Exhume"],"picked":"Offering","floor":33},{"not_picked":["Iron Wave","Flex"],"picked":"Sword Boomerang","floor":35},{"not_picked":["Corruption","Seeing Red"],"picked":"Shrug It Off","floor":36},{"not_picked":["Armaments","Feed"],"picked":"Evolve","floor":40},{"not_picked":["Dropkick","Burning Pact"],"picked":"Dual Wield","floor":42},{"not_picked":["Sever Soul","Sword Boomerang"],"picked":"True Grit","floor":47},{"not_picked":["Clothesline","Dual Wield"],"picked":"Carnage","floor":48},{"not_picked":["Sword Boomerang","True Grit"],"picked":"Body Slam","floor":49}],"player_experience":874433,"potions_floor_usage":[10,12,14,16,23,30,33,50,50,50],"damage_taken":[{"damage":14,"enemies":"Jaw Worm","floor":1,"turns":3},{"damage":4,"enemies":"Small Slimes","floor":2,"turns":5},{"damage":1,"enemies":"Cultist","floor":4,"turns":3},{"damage":5,"enemies":"Looter","floor":7,"turns":4},{"damage":21,"enemies":"Exordium Wildlife","floor":10,"turns":7},{"damage":14,"enemies":"2 Fungi Beasts","floor":12,"turns":4},{"damage":20,"enemies":"The Mushroom Lair","floor":14,"turns":6},{"damage":32,"enemies":"Slime Boss","floor":16,"turns":23},{"damage":5,"enemies":"Chosen","floor":18,"turns":7},{"damage":22,"enemies":"2 Thieves","floor":22,"turns":5},{"damage":20,"enemies":"Book of Stabbing","floor":23,"turns":6},{"damage":25,"enemies":"Slavers","floor":27,"turns":8},{"damage":0,"enemies":"Cultist and Chosen","floor":29,"turns":7},{"damage":9,"enemies":"Slaver and Parasite","floor":30,"turns":7},{"damage":6,"enemies":"Chosen and Byrds","floor":31,"turns":9},{"damage":37,"enemies":"Automaton","floor":33,"turns":10},{"damage":7,"enemies":"3 Shapes","floor":35,"turns":5},{"damage":17,"enemies":"Mysterious Sphere","floor":36,"turns":8},{"damage":34,"enemies":"2 Orb Walkers","floor":40,"turns":6},{"damage":1,"enemies":"Orb Walker","floor":42,"turns":4},{"damage":7,"enemies":"Maw","floor":46,"turns":5},{"damage":25,"enemies":"3 Darklings","floor":47,"turns":4},{"damage":34,"enemies":"Sphere and 2 Shapes","floor":48,"turns":5},{"damage":8,"enemies":"Time Eater","floor":50,"turns":7}],"event_choices":[{"event_name":"Golden Wing","player_choice":"Card Removal","floor":3,"damage_taken":0},{"event_name":"Liars Game","player_choice":"agreed","floor":5,"damage_taken":0},{"event_name":"Mushrooms","player_choice":"Fought Mushrooms","floor":14,"damage_taken":0},{"event_name":"The Mausoleum","player_choice":"Yes","floor":20,"damage_taken":0},{"event_name":"Vampires","player_choice":"Became a vampire","floor":21,"damage_taken":0},{"event_name":"The Library","player_choice":"Read","floor":24,"damage_taken":0},{"event_name":"Addict","player_choice":"Ignored","floor":25,"damage_taken":0},{"event_name":"Mysterious Sphere","player_choice":"Fight","floor":36,"damage_taken":0},{"event_name":"Tomb of Lord Red Mask","player_choice":"Paid","floor":39,"damage_taken":0}],"boss_relics":[{"not_picked":["White Beast Statue","Astrolabe"],"picked":"Runic Dome"},{"not_picked":["Black Star","Runic Pyramid"],"picked":"Mark of Pain"}],"potions_floor_spawned":[2,4,10,14,22,29,30,35,42,48],"seed_played":"1680934324724402070","ascension_level":0,"is_trial":false}