{"gold_per_floor":[364,379,379,397,20,20,61,61,61,26,54,72,72,108,108,206,206,206,48,48,48,48,48,48,48,48,48,48,48,48,48,48,48,48,48,48,48,48,48,48,48,0,0,0,0,0,0,0,0,0,0,0,0,0,0],"floor_reached":55,"playtime":3582,"items_purged":["Clumsy"],"score":2286,"play_id":"86ed9f99-1b66-48ed-82e5-08ebab392fc6","local_time":"20190506121514","is_ascension_mode":true,"campfire_choices":[{"data":"Sunder","floor":6.0,"key":"SMITH"},{"floor":8.0,"key":"REST"},{"floor":15.0,"key":"REST"},{"data":"Ghostly","floor":23.0,"key":"SMITH"},{"data":"Ghostly","floor":25.0,"key":"SMITH"},{"data":"Ghostly","floor":32.0,"key":"SMITH"},{"floor":40,"key":"RECALL"},{"floor":47,"key":"REST"},{"data":"Seek","floor":49,"key":"SMITH"},{"floor":53,"key":"REST"}],"neow_cost":"CURSE","seed_source_timestamp":0,"circlet_count":0,"master_deck":["AscendersBane","Strike_B+1","Strike_B+1","Strike_B+1","Defend_B+1","Defend_B+1","Defend_B+1","Defend_B+1","Zap+1","Dualcast+1","Sunder+1","Loop+1","Genetic Algorithm+1","FTL+1","Echo Form+1","BootSequence+1","Sweeping Beam+1","Ghostly+1","Ghostly+1","Ghostly+1","Glacier+1","Cold Snap+1","Hologram+1","Undo+1","FTL+1","Machine Learning+1","Hologram+1","Conserve Battery+1","Parasite","Sweeping Beam+1","Lockon+1","Compile Driver+1","Seek+1"],"special_seed":0,"relics":["Cracked Core","Golden Idol","OrangePellets","Vajra","StoneCalendar","Symbiotic Virus","Odd Mushroom","FossilizedHelix","Ectoplasm","Torii","Kunai","MawBank","Eternal Feather","Mark of the Bloom","Mercury Hourglass","Red Mask","DataDisk","Pen Nib"],"potions_floor_usage":[41,51],"damage_taken":[{"damage":2.0,"enemies":"2 Louse","floor":1.0,"turns":3.0},{"damage":12.0,"enemies":"Jaw Worm","floor":2.0,"turns":3.0},{"damage":8.0,"enemies":"Small Slimes","floor":4.0,"turns":2.0},{"damage":34.0,"enemies":"Lagavulin","floor":7.0,"turns":6.0},{"damage":24.0,"enemies":"The Mushroom Lair","floor":11.0,"turns":4.0},{"damage":6.0,"enemies":"Looter","floor":12.0,"turns":3.0},{"damage":11.0,"enemies":"3 Sentries","floor":14.0,"turns":5.0},{"damage":16.0,"enemies":"The Guardian","floor":16.0,"turns":7.0},{"damage":10.0,"enemies":"Spheric Guardian","floor":18.0,"turns":4.0},{"damage":0.0,"enemies":"Chosen","floor":20.0,"turns":3.0},{"damage":0.0,"enemies":"Gremlin Leader","floor":24.0,"turns":7.0},{"damage":4.0,"enemies":"3 Cultists","floor":27.0,"turns":6.0},{"damage":0.0,"enemies":"Book of Stabbing","floor":28.0,"turns":5.0},{"damage":14.0,"enemies":"Slavers","floor":30.0,"turns":7.0},{"damage":0.0,"enemies":"Shelled Parasite and Fungi","floor":31.0,"turns":5.0},{"damage":17.0,"enemies":"Collector","floor":33.0,"turns":11.0},{"damage":0.0,"enemies":"Orb Walker","floor":35.0,"turns":5.0},{"damage":0.0,"enemies":"3 Shapes","floor":36.0,"turns":7.0},{"damage":0,"enemies":"Writhing Mass","floor":37,"turns":8},{"damage":0,"enemies":"Sphere and 2 Shapes","floor":39,"turns":3},{"damage":25,"enemies":"Reptomancer","floor":41,"turns":7},{"damage":0,"enemies":"Spire Growth","floor":45,"turns":5},{"damage":0,"enemies":"Giant Head","floor":46,"turns":7},{"damage":0,"enemies":"Jaw Worm Horde","floor":48,"turns":4},{"damage":0,"enemies":"Awakened One","floor":50,"turns":11},{"damage":0,"enemies":"Donu and Deca","floor":51,"turns":9},{"damage":7,"enemies":"Shield and Spear","floor":55,"turns":7}],"seed_played":"2559549334318772860","potions_obtained":[{"floor":2.0,"key":"Swift Potion"},{"floor":4.0,"key":"EssenceOfSteel"},{"floor":7.0,"key":"Energy Potion"},{"floor":27.0,"key":"Swift Potion"},{"floor":30.0,"key":"Weak Potion"},{"floor":33.0,"key":"SkillPotion"},{"floor":36.0,"key":"Fire Potion"},{"floor":41,"key":"FearPotion"},{"floor":45,"key":"Block Potion"}],"is_trial":false,"path_per_floor":["M","M","?","M","$","R","E","R","T","?","?","M","?","E","R","B",null,"M","$","M","?","?","R","E","R","T","M","E","?","E","M","R","B",null,"M","M","M","?","M","R","E","?","T","?","M","E","R","M","R","B","B",null,"R","$","E"],"character_chosen":"DEFECT","items_purchased":["OrangePellets","Vajra","Regen Potion"],"campfire_rested":4,"item_purchase_floors":[5,5,19],"current_hp_per_floor":[62,50,50,42,42,42,8,27,27,43,19,13,13,2,21,5,49,39,39,39,32,32,32,32,32,32,28,28,22,23,23,23,6,29,29,29,29,29,29,29,4,4,4,4,4,4,4,4,4,4,4,4,4,4,0],"gold":0,"neow_bonus":"TWO_FIFTY_GOLD","is_prod":false,"is_daily":false,"chose_seed":false,"campfire_upgraded":5,"win_rate":0,"timestamp":1557159314,"path_taken":["M","M","?","M","$","R","E","R","T","?","?","M","?","E","R","BOSS","M","$","M","?","?","R","E","R","T","M","E","?","E","M","R","BOSS","M","M","M","?","M","R","E","?","T","?","M","E","R","?","R","BOSS","BOSS","R","$","E"],"build_version":"2019-01-23","purchased_purges":1,"victory":false,"max_hp_per_floor":[71,71,64,64,64,64,64,64,64,64,64,64,64,64,64,64,64,64,64,64,32,32,32,32,32,32,32,32,37,37,37,37,37,37,37,37,37,37,37,37,37,37,37,37,37,37,37,37,37,37,37,37,37,37,37],"card_choices":[{"not_picked":["Steam Power","Stack","Beam Cell"],"picked":"SKIP","floor":1.0},{"not_picked":["Steam","Barrage"],"picked":"Sunder","floor":2.0},{"not_picked":["Conserve Battery","Leap"],"picked":"Loop","floor":4.0},{"not_picked":["Barrage","Steam"],"picked":"Genetic Algorithm","floor":7.0},{"not_picked":["Steam","Recycle"],"picked":"FTL","floor":11.0},{"not_picked":["Streamline","Amplify","Rebound"],"picked":"SKIP","floor":12.0},{"not_picked":["Recycle","Beam Cell","Hello World"],"picked":"SKIP","floor":14.0},{"not_picked":["All For One","Fission"],"picked":"Echo Form","floor":16.0},{"not_picked":["Conserve Battery","Consume"],"picked":"BootSequence","floor":18.0},{"not_picked":["Scrape","Chill"],"picked":"Sweeping Beam","floor":20.0},{"not_picked":["Compile Driver+1","Coolheaded+1"],"picked":"Glacier","floor":24.0},{"not_picked":["Static Discharge","White Noise"],"picked":"Cold Snap+1","floor":27.0},{"not_picked":["Darkness","Coolheaded"],"picked":"Hologram","floor":28.0},{"not_picked":["Reinforced Body","Coolheaded"],"picked":"Undo","floor":30.0},{"not_picked":["Lockon","Storm"],"picked":"FTL","floor":31.0},{"not_picked":["Thunder Strike","Meteor Strike"],"picked":"Machine Learning","floor":33.0},{"not_picked":["Rebound+1","Gash"],"picked":"Hologram+1","floor":35.0},{"not_picked":["Doom and Gloom","Coolheaded"],"picked":"Conserve Battery","floor":36.0},{"not_picked":["Beam Cell","Rebound"],"picked":"Sweeping Beam+1","floor":37},{"not_picked":["Go for the Eyes","Stack","Fusion"],"picked":"SKIP","floor":39},{"not_picked":["Turbo","Tempest"],"picked":"Lockon+1","floor":41},{"not_picked":["Sweeping Beam","Steam","Rebound"],"picked":"SKIP","floor":45},{"not_picked":["Turbo","Redo"],"picked":"Compile Driver+1","floor":46},{"not_picked":["Double Energy","Seek","Ball Lightning+1"],"picked":"SKIP","floor":48},{"not_picked":["Double Energy","Ball Lightning+1"],"picked":"Seek","floor":48}],"player_experience":2400712,"relics_obtained":[{"floor":7.0,"key":"StoneCalendar"},{"floor":9.0,"key":"Symbiotic Virus"},{"floor":11.0,"key":"Odd Mushroom"},{"floor":14.0,"key":"FossilizedHelix"},{"floor":24.0,"key":"Torii"},{"floor":28.0,"key":"Kunai"},{"floor":30.0,"key":"MawBank"},{"floor":41,"key":"Mercury Hourglass"},{"floor":43,"key":"DataDisk"},{"floor":46,"key":"Pen Nib"}],"event_choices":[{"damage_healed":0.0,"max_hp_gain":0.0,"max_hp_loss":7.0,"gold_gain":0.0,"event_name":"Golden Idol","player_choice":"Lose Max HP","floor":3.0,"gold_loss":0.0,"damage_taken":0.0,"relics_obtained":["Golden Idol"]},{"damage_healed":16.0,"max_hp_gain":0.0,"max_hp_loss":0.0,"gold_gain":0.0,"event_name":"The Cleric","player_choice":"Healed","floor":10.0,"gold_loss":35.0,"damage_taken":0.0},{"damage_healed":0.0,"max_hp_gain":0.0,"max_hp_loss":0.0,"gold_gain":0.0,"event_name":"Mushrooms","player_choice":"Fought Mushrooms","floor":11.0,"gold_loss":0.0,"damage_taken":0.0},{"damage_healed":0.0,"max_hp_gain":0.0,"max_hp_loss":0.0,"gold_gain":0.0,"event_name":"Dead Adventurer","player_choice":"Searched \u00270\u0027 times","floor":13.0,"gold_loss":0.0,"damage_taken":0.0},{"damage_healed":0.0,"max_hp_gain":0.0,"max_hp_loss":32.0,"gold_gain":0.0,"event_name":"Ghosts","player_choice":"Became a Ghost","floor":21.0,"gold_loss":0.0,"damage_taken":0.0,"cards_obtained":["Ghostly","Ghostly","Ghostly"]},{"damage_healed":0.0,"max_hp_gain":0.0,"max_hp_loss":0.0,"gold_gain":0.0,"event_name":"Beggar","player_choice":"Ignored","floor":22.0,"gold_loss":0.0,"damage_taken":0.0},{"damage_healed":0.0,"max_hp_gain":5.0,"max_hp_loss":0.0,"gold_gain":0.0,"event_name":"Forgotten Altar","player_choice":"Shed Blood","floor":29.0,"gold_loss":0.0,"damage_taken":11.0},{"damage_healed":0,"gold_gain":0,"player_choice":"Upgrade","damage_taken":0,"relics_obtained":["Mark of the Bloom"],"max_hp_gain":0,"max_hp_loss":0,"event_name":"MindBloom","floor":38,"gold_loss":0,"cards_upgraded":["Strike_B","Strike_B","Strike_B","Strike_B","Defend_B","Defend_B","Defend_B","Defend_B","Zap","Dualcast","Loop","Genetic Algorithm","FTL","Echo Form","BootSequence","Sweeping Beam","Glacier","Hologram","Undo","FTL","Machine Learning","Conserve Battery"]},{"damage_healed":0,"gold_gain":0,"player_choice":"Paid","damage_taken":0,"relics_obtained":["Red Mask"],"max_hp_gain":0,"max_hp_loss":0,"event_name":"Tomb of Lord Red Mask","floor":42,"gold_loss":48},{"cards_removed":["Strike_B"],"damage_healed":0,"gold_gain":0,"player_choice":"Removed Attack","damage_taken":0,"max_hp_gain":0,"max_hp_loss":0,"event_name":"Falling","floor":44,"gold_loss":0}],"is_beta":false,"boss_relics":[{"not_picked":["Tiny House","Empty Cage"],"picked":"Ectoplasm"},{"not_picked":["White Beast Statue","Cursed Key"],"picked":"Eternal Feather"}],"items_purged_floors":[19],"is_endless":false,"potions_floor_spawned":[2,4,7,12,27,30,33,36,41,45],"killed_by":"Shield and Spear","ascension_level":20}