{"gold_per_floor":[118,128,143,143,163,190,190,217,291,310,340,340],"floor_reached":12,"playtime":2118,"items_purged":[],"score":244,"play_id":"65f017d9-7e4b-4f4f-bc06-d1d4da57ee40","local_time":"20190322145316","is_ascension_mode":true,"campfire_choices":[{"data":"Crippling Poison","floor":7,"key":"SMITH"}],"neow_cost":"NONE","seed_source_timestamp":478370177787993,"circlet_count":0,"master_deck":["AscendersBane","Defend_G","Defend_G","Defend_G","Defend_G","Defend_G","Strike_G","Strike_G","Strike_G","Strike_G","Strike_G","Survivor","Neutralize+1","Crippling Poison+1","Cloak And Dagger","Dagger Spray+1","Dodge and Roll","Cloak And Dagger","Bouncing Flask","Endless Agony","Dagger Spray"],"relics":["Ring of the Snake","Ice Cream","Prayer Wheel","Kunai","Happy Flower"],"potions_floor_usage":[6,8,11],"damage_taken":[{"damage":1,"enemies":"Small Slimes","floor":1,"turns":4},{"damage":0,"enemies":"Cultist","floor":2,"turns":5},{"damage":1,"enemies":"2 Louse","floor":3,"turns":3},{"damage":0,"enemies":"Blue Slaver","floor":5,"turns":6},{"damage":0,"enemies":"3 Sentries","floor":6,"turns":4},{"damage":47,"enemies":"Gremlin Nob","floor":8,"turns":5},{"damage":4,"enemies":"Red Slaver","floor":10,"turns":4},{"damage":4,"enemies":"Lagavulin","floor":11,"turns":8},{"damage":6,"enemies":"3 Louse","floor":12,"turns":1}],"seed_played":"-6580214009078964218","potions_obtained":[{"floor":1,"key":"Explosive Potion"},{"floor":2,"key":"PowerPotion"},{"floor":10,"key":"SpeedPotion"}],"is_trial":false,"path_per_floor":["M","M","M","?","M","E","R","E","T","M","E","M"],"character_chosen":"THE_SILENT","items_purchased":[],"campfire_rested":0,"item_purchase_floors":[],"current_hp_per_floor":[58,58,57,57,57,57,57,10,10,6,2,0],"gold":340,"neow_bonus":"UPGRADE_CARD","is_prod":false,"is_daily":false,"chose_seed":false,"campfire_upgraded":1,"win_rate":0,"timestamp":1553280796,"path_taken":["M","M","M","?","M","E","R","E","T","M","E","M"],"build_version":"2019-01-23","purchased_purges":0,"victory":false,"max_hp_per_floor":[66,66,66,66,66,66,66,66,66,66,66,66],"card_choices":[{"not_picked":["Eviscerate","Sucker Punch"],"picked":"Crippling Poison","floor":1},{"not_picked":["Masterful Stab","Dagger Spray"],"picked":"Cloak And Dagger","floor":2},{"not_picked":["Tactician","Deflect"],"picked":"Dagger Spray","floor":3},{"not_picked":["Quick Slash","Sucker Punch"],"picked":"Dodge and Roll","floor":5},{"not_picked":["Dagger Throw","Slice"],"picked":"Cloak And Dagger","floor":6},{"not_picked":["Choke","Catalyst"],"picked":"Bouncing Flask","floor":8},{"not_picked":["Flying Knee","Crippling Poison"],"picked":"Endless Agony","floor":10},{"not_picked":["Dodge and Roll","Flying Knee"],"picked":"Dagger Spray","floor":10},{"not_picked":["Prepared","Bane","Acrobatics"],"picked":"SKIP","floor":11}],"player_experience":1344346,"relics_obtained":[{"floor":6,"key":"Ice Cream"},{"floor":8,"key":"Prayer Wheel"},{"floor":9,"key":"Kunai"},{"floor":11,"key":"Happy Flower"}],"event_choices":[{"damage_healed":0,"gold_gain":0,"player_choice":"Grow","damage_taken":0,"max_hp_gain":0,"max_hp_loss":0,"event_name":"Living Wall","floor":4,"gold_loss":0,"cards_upgraded":["Dagger Spray"]}],"is_beta":false,"boss_relics":[],"items_purged_floors":[],"is_endless":false,"potions_floor_spawned":[1,2,5,10],"killed_by":"3 Louse","ascension_level":19}