{"gold_per_floor":[112,112,37,37,37,37,58,58,110,110,133,148,148,191,191,289,289,268,282,47,47,47,47,67,117,117,117,144,144,163,180,180,252,252,271,12,28,28,45,45,63,63,86,104,117,144,144,144,144,144],"floor_reached":51,"playtime":1905,"items_purged":["Strike_G"],"score":1175,"play_id":"af34cac0-baf5-41fe-8ed1-ea658cd33514","local_time":"20180814155422","is_ascension_mode":true,"campfire_choices":[{"data":"Neutralize","floor":6,"key":"SMITH"},{"data":"Footwork","floor":10,"key":"SMITH"},{"data":"A Thousand Cuts","floor":13,"key":"SMITH"},{"data":"Dodge and Roll","floor":15,"key":"SMITH"},{"data":"Malaise","floor":23,"key":"SMITH"},{"data":"Sucker Punch","floor":27,"key":"SMITH"},{"data":"Sucker Punch","floor":32,"key":"SMITH"},{"data":"A Thousand Cuts","floor":40,"key":"SMITH"},{"data":"Panache","floor":42,"key":"SMITH"},{"data":"Leg Sweep","floor":47,"key":"SMITH"},{"data":"Dodge and Roll","floor":49,"key":"SMITH"}],"neow_cost":"NONE","seed_source_timestamp":190975090876696,"circlet_count":0,"master_deck":["Defend_G","Defend_G","Defend_G","Defend_G","Defend_G","Strike_G","Strike_G","Strike_G","Survivor","Neutralize+1","AscendersBane","Sucker Punch+1","Footwork+1","Dodge and Roll+1","A Thousand Cuts+1","Escape Plan","Malaise+1","Dagger Throw","Dash","Escape Plan","Dodge and Roll+1","Sucker Punch+1","A Thousand Cuts+1","Panache+1","Cloak And Dagger","Escape Plan+1","Cloak And Dagger","Leg Sweep+1"],"relics":["Coffee Dripper","Bloody Idol","Bronze Scales","Pantograph","Eternal Feather","Gremlin Horn","Paper Crane","Blood Vial","Lizard Tail","FaceOfCleric","Boot","Singing Bowl"],"potions_floor_usage":[14,14,44,46],"damage_taken":[{"damage":7,"enemies":"2 Louse","floor":1,"turns":4},{"damage":0,"enemies":"Jaw Worm","floor":7,"turns":4},{"damage":2,"enemies":"Small Slimes","floor":11,"turns":4},{"damage":2,"enemies":"Exordium Thugs","floor":12,"turns":7},{"damage":10,"enemies":"Gremlin Nob","floor":14,"turns":5},{"damage":14,"enemies":"Slime Boss","floor":16,"turns":12},{"damage":15,"enemies":"2 Thieves","floor":18,"turns":5},{"damage":4,"enemies":"3 Byrds","floor":19,"turns":3},{"damage":10,"enemies":"Snake Plant","floor":24,"turns":4},{"damage":0,"enemies":"Centurion and Healer","floor":30,"turns":8},{"damage":4,"enemies":"Snecko","floor":31,"turns":7},{"damage":20,"enemies":"Collector","floor":33,"turns":14},{"damage":13,"enemies":"3 Darklings","floor":35,"turns":6},{"damage":0,"enemies":"3 Shapes","floor":37,"turns":6},{"damage":0,"enemies":"Maw","floor":39,"turns":10},{"damage":33,"enemies":"Transient","floor":41,"turns":5},{"damage":24,"enemies":"Jaw Worm Horde","floor":44,"turns":5},{"damage":26,"enemies":"3 Darklings","floor":45,"turns":4},{"damage":43,"enemies":"Nemesis","floor":46,"turns":9},{"damage":36,"enemies":"Time Eater","floor":50,"turns":23}],"seed_played":"-293547149923642473","potions_obtained":[{"floor":7,"key":"GamblersBrew"},{"floor":11,"key":"Energy Potion"},{"floor":12,"key":"Block Potion"},{"floor":18,"key":"Fire Potion"},{"floor":19,"key":"Swift Potion"},{"floor":46,"key":"GhostInAJar"}],"is_trial":false,"path_per_floor":["M","?","?","?","$","R","M","?","T","R","M","M","R","E","R","B",null,"M","M","$","T","?","R","M","?","T","R","T","?","M","M","R","B",null,"M","$","M","?","M","R","M","R","T","M","M","E","R","?","R","B"],"character_chosen":"THE_SILENT","items_purchased":["Infinite Blades","Escape Plan","Panache"],"campfire_rested":0,"item_purchase_floors":[20,20,36],"current_hp_per_floor":[52,52,52,43,43,43,43,43,43,43,41,39,39,29,29,40,55,40,36,36,36,36,48,38,38,38,50,50,50,57,60,60,45,56,50,50,57,57,61,61,34,49,54,38,20,25,40,40,55,30],"gold":144,"neow_bonus":"BOSS_RELIC","is_prod":false,"is_daily":false,"chose_seed":false,"campfire_upgraded":11,"win_rate":0,"timestamp":1534287262,"path_taken":["M","?","?","?","$","R","M","?","T","R","?","M","R","E","R","BOSS","M","M","$","?","?","R","M","?","T","R","?","?","?","M","R","BOSS","M","$","M","?","M","R","M","R","T","M","M","E","R","?","R","BOSS"],"build_version":"2018-08-13v2","purchased_purges":1,"victory":true,"max_hp_per_floor":[66,60,60,60,60,60,60,60,60,60,60,60,60,60,60,60,60,60,60,60,60,60,60,60,60,60,60,60,60,60,60,60,60,60,60,60,60,60,61,61,62,62,62,63,64,65,65,65,65,66],"card_choices":[{"not_picked":["Quick Slash","Blade Dance"],"picked":"Sucker Punch","floor":1},{"not_picked":["Flying Knee","Predator"],"picked":"Footwork","floor":7},{"not_picked":["Reflex","Flying Knee"],"picked":"Dodge and Roll","floor":11},{"not_picked":["Cloak And Dagger","Predator"],"picked":"A Thousand Cuts","floor":12},{"not_picked":["Eviscerate","Expertise"],"picked":"Escape Plan","floor":14},{"not_picked":["Unload","Burst"],"picked":"Malaise","floor":16},{"not_picked":["Slice","Concentrate"],"picked":"Dagger Throw","floor":18},{"not_picked":["Backflip","PiercingWail"],"picked":"Dash","floor":19},{"not_picked":["Quick Slash+1","Slice"],"picked":"Dodge and Roll","floor":24},{"not_picked":["Underhanded Strike","Deadly Poison","Accuracy"],"picked":"SKIP","floor":30},{"not_picked":["Blade Dance","Dagger Spray"],"picked":"Sucker Punch","floor":31},{"not_picked":["Adrenaline","Burst"],"picked":"A Thousand Cuts","floor":33},{"not_picked":["Infinite Blades","Outmaneuver","Quick Slash+1"],"picked":"SKIP","floor":35},{"not_picked":["Tactician","Setup"],"picked":"Cloak And Dagger","floor":37},{"not_picked":["Slice","Blade Dance","Night Terror"],"picked":"SKIP","floor":39},{"not_picked":["Slice","Reflex"],"picked":"Escape Plan+1","floor":41},{"not_picked":["Riddle With Holes","Accuracy","Deadly Poison+1"],"picked":"SKIP","floor":44},{"not_picked":["Masterful Stab+1","Escape Plan"],"picked":"Cloak And Dagger","floor":45},{"not_picked":["Deadly Poison","Flying Knee"],"picked":"Leg Sweep","floor":46}],"player_experience":882250,"relics_obtained":[{"floor":9,"key":"Bronze Scales"},{"floor":14,"key":"Pantograph"},{"floor":21,"key":"Gremlin Horn"},{"floor":26,"key":"Paper Crane"},{"floor":28,"key":"Blood Vial"},{"floor":43,"key":"Boot"},{"floor":46,"key":"Singing Bowl"}],"event_choices":[{"event_name":"Golden Idol","player_choice":"Lose Max HP","floor":2,"damage_taken":0},{"event_name":"The Cleric","player_choice":"Card Removal","floor":3,"damage_taken":0},{"event_name":"Wheel of Change","player_choice":"Damage","floor":4,"damage_taken":0},{"event_name":"Shining Light","player_choice":"Ignored","floor":8,"damage_taken":0},{"event_name":"Addict","player_choice":"Ignored","floor":22,"damage_taken":0},{"event_name":"Nest","player_choice":"Stole From Cult","floor":25,"damage_taken":0},{"event_name":"Forgotten Altar","player_choice":"Gave Idol","floor":29,"damage_taken":0},{"event_name":"FaceTrader","player_choice":"Trade","floor":38,"damage_taken":0},{"event_name":"Falling","player_choice":"Removed Power","floor":48,"damage_taken":0}],"is_beta":true,"boss_relics":[{"not_picked":["Runic Dome","Orrery"],"picked":"Eternal Feather"},{"not_picked":["Black Star","Snecko Eye"],"picked":"Lizard Tail"}],"items_purged_floors":[20],"is_endless":false,"potions_floor_spawned":[7,11,12,18,19,30,35,39,41,46],"ascension_level":16}