{"path_per_floor":["M","M","?","?","?","E","R","M","T","R","E","M","E","?","R","B",null,"M","$","?","?","?","R","E","$","T"],"character_chosen":"IRONCLAD","items_purchased":["Matryoshka","Hemokinesis","Whirlwind"],"gold_per_floor":[118,131,81,81,51,79,79,98,98,98,132,144,176,176,176,302,302,315,2,2,2,2,2,37,2,74],"floor_reached":27,"campfire_rested":0,"playtime":1645,"current_hp_per_floor":[72,72,72,60,60,50,50,65,65,65,66,66,61,61,61,49,87,73,73,73,73,73,73,37,37,37],"items_purged":[],"gold":74,"score":307,"play_id":"3efa5cd6-a0fe-464b-86e5-49409954d0f4","is_prod":false,"is_daily":false,"is_ascension_mode":true,"campfire_upgraded":4,"path_taken":["M","M","?","?","?","E","R","?","T","R","E","M","E","?","R","BOSS","M","?","?","?","?","R","E","$","T","E"],"build_version":"2018-02-08-PROD1","purchased_purges":1,"victory":false,"master_deck":["Strike_R","Strike_R","Strike_R","Strike_R","Defend_R","Defend_R","Defend_R","Defend_R","Bash+1","Battle Trance","Armaments+1","Inflame+1","Rupture+1","Rampage+1","Brutality+1","Combust+1","Combust+1","Uppercut","Hemokinesis+1","Metallicize+1","Clothesline+1","Whirlwind"],"max_hp_per_floor":[80,80,80,80,80,80,80,80,80,80,87,87,87,87,87,87,87,87,87,87,87,87,87,101,101,101],"relics":["Velvet Choker","Oddly Smooth Stone","Frozen Egg 2","Frozen Eye","Strawberry","Omamori","Golden Idol","Orrery","Matryoshka","Mango","Smiling Mask","Gremlin Horn"],"card_choices":[{"not_picked":["Havoc","Headbutt"],"picked":"Battle Trance"},{"not_picked":["Heavy Blade","Perfected Strike"],"picked":"Armaments"},{"not_picked":["Sword Boomerang","Brutality"],"picked":"Inflame"},{"not_picked":["Pommel Strike","Cleave"],"picked":"Rupture"},{"not_picked":["Disarm","Blood for Blood"],"picked":"Rampage"},{"not_picked":["Barricade","Juggernaut"],"picked":"Brutality"},{"not_picked":["Clash","Uppercut"],"picked":"Combust"},{"not_picked":["Inflame","Blood for Blood"],"picked":"Combust"},{"not_picked":["Shrug It Off","Armaments"],"picked":"Uppercut"},{"not_picked":["Seeing Red","Warcry"],"picked":"Clothesline"}],"player_experience":212499,"potions_floor_usage":[6,8,13,16,24],"damage_taken":[{"damage":8,"enemies":"Blue Slaver","floor":1,"turns":4},{"damage":0,"enemies":"Jaw Worm","floor":2,"turns":3},{"damage":10,"enemies":"Gremlin Nob","floor":6,"turns":3},{"damage":0,"enemies":"2 Louse","floor":8,"turns":6},{"damage":6,"enemies":"3 Sentries","floor":11,"turns":7},{"damage":0,"enemies":"2 Fungi Beasts","floor":12,"turns":3},{"damage":5,"enemies":"Lagavulin","floor":13,"turns":4},{"damage":12,"enemies":"Hexaghost","floor":16,"turns":6},{"damage":14,"enemies":"Shell Parasite","floor":18,"turns":5},{"damage":50,"enemies":"Slavers","floor":24,"turns":5},{"damage":40,"enemies":"Book of Stabbing","floor":27,"turns":4}],"event_choices":[{"event_name":"The Cleric","player_choice":"Card Removal","floor":3,"damage_taken":0},{"event_name":"Scrap Ooze","player_choice":"success","floor":4,"damage_taken":12},{"event_name":"The Woman in Blue","player_choice":"Bought 2 Potions","floor":5,"damage_taken":0},{"event_name":"Golden Idol","player_choice":"Take Wound","floor":14,"damage_taken":0},{"event_name":"Addict","player_choice":"Ignored","floor":20,"damage_taken":0},{"event_name":"Beggar","player_choice":"Ignored","floor":21,"damage_taken":0},{"event_name":"Match and Keep!","player_choice":"1 cards matched","floor":22,"damage_taken":0},{"event_name":"Match and Keep!","player_choice":"1 cards matched","floor":22,"damage_taken":0}],"boss_relics":[{"not_picked":["Philosopher\u0027s Stone","Astrolabe"],"picked":"Orrery"}],"potions_floor_spawned":[1,11,13,24],"seed_played":"-7474122833473327512","killed_by":"Book of Stabbing","ascension_level":3,"is_trial":false}