{"path_per_floor":["M","M","?","?","$","E","R","?","T","M","M","?","?","M","R","B",null,"M","?","?","?","M","R","M"],"character_chosen":"THE_SILENT","items_purchased":["Flash of Steel"],"gold_per_floor":[110,121,121,121,17,43,43,43,43,62,78,78,28,41,41,165,165,188,188,188,103,126,126,151],"floor_reached":25,"campfire_rested":2,"playtime":1084,"current_hp_per_floor":[63,46,39,39,39,26,47,47,47,47,47,47,47,38,38,8,51,24,24,39,39,8,21,23],"items_purged":[],"gold":151,"score":320,"play_id":"c9c924fa-a70f-4c3e-868a-01fec45b359c","is_prod":false,"is_daily":false,"is_ascension_mode":true,"campfire_upgraded":1,"path_taken":["M","M","?","?","?","E","R","?","T","M","?","?","?","M","R","BOSS","M","?","?","?","M","R","M","M"],"build_version":"2018-02-22-PROD2","purchased_purges":0,"victory":false,"master_deck":["Survivor","Neutralize","Slice","Dagger Throw","Masterful Stab","Choke+1","Sucker Punch","Prepared","Eviscerate","Poisoned Stab","Prepared","Footwork+1","Bouncing Flask","Flash of Steel","Night Terror","Tactician","Reflex","Catalyst","Well Laid Plans","Tools of the Trade","Dagger Spray+1","Bite","Bite","Bite","Bite","Bite","Acrobatics+1","PiercingWail+1"],"max_hp_per_floor":[70,70,70,70,70,70,70,70,70,70,70,65,65,65,65,65,65,65,45,45,45,45,45,45],"relics":["Pandora\u0027s Box","Ancient Tea Set","Peace Pipe","Golden Idol","White Beast Statue","Pen Nib"],"card_choices":[{"not_picked":["Sucker Punch","Acrobatics"],"picked":"Footwork"},{"not_picked":["Expertise","Slice"],"picked":"Bouncing Flask"},{"not_picked":["Dodge and Roll","Outmaneuver"],"picked":"Night Terror"},{"not_picked":["Eviscerate","Dagger Spray"],"picked":"Reflex"},{"not_picked":["Caltrops","Slice"],"picked":"Catalyst"},{"not_picked":["Accuracy","Prepared"],"picked":"Well Laid Plans"},{"not_picked":["After Image","Venomology"],"picked":"Tools of the Trade"},{"not_picked":["Deflect","Cloak And Dagger"],"picked":"Dagger Spray"},{"not_picked":["Choke","Dodge and Roll"],"picked":"Acrobatics"},{"not_picked":["Sucker Punch","Flying Knee"],"picked":"PiercingWail"}],"player_experience":398451,"potions_floor_usage":[11,16,18,24,24],"damage_taken":[{"damage":0,"enemies":"Small Slimes","floor":1,"turns":2},{"damage":17,"enemies":"Jaw Worm","floor":2,"turns":3},{"damage":13,"enemies":"Gremlin Nob","floor":6,"turns":3},{"damage":0,"enemies":"Cultist","floor":10,"turns":2},{"damage":0,"enemies":"3 Louse","floor":11,"turns":1},{"damage":9,"enemies":"Blue Slaver","floor":14,"turns":2},{"damage":30,"enemies":"Hexaghost","floor":16,"turns":4},{"damage":27,"enemies":"Chosen","floor":18,"turns":4},{"damage":41,"enemies":"Spheric Guardian","floor":22,"turns":5},{"damage":6,"enemies":"3 Cultists","floor":24,"turns":3},{"damage":26,"enemies":"Slaver and Parasite","floor":25,"turns":2}],"event_choices":[{"event_name":"Golden Wing","player_choice":"Card Removal","floor":3,"damage_taken":0},{"event_name":"Upgrade Shrine","player_choice":"Upgraded","floor":4,"damage_taken":0},{"event_name":"Match and Keep!","player_choice":"2 cards matched","floor":8,"damage_taken":0},{"event_name":"Golden Idol","player_choice":"Lose Max HP","floor":12,"damage_taken":0},{"event_name":"The Cleric","player_choice":"Card Removal","floor":13,"damage_taken":0},{"event_name":"Vampires","player_choice":"Became a vampire","floor":19,"damage_taken":0},{"event_name":"The Library","player_choice":"Heal","floor":20,"damage_taken":0},{"event_name":"Addict","player_choice":"Obtained Relic","floor":21,"damage_taken":0}],"boss_relics":[{"not_picked":["Philosopher\u0027s Stone","Velvet Choker"],"picked":"White Beast Statue"}],"potions_floor_spawned":[6,10,14,18,22,24],"seed_played":"2709189823194310301","killed_by":"Slaver and Parasite","ascension_level":6,"is_trial":false}