{"path_per_floor":["M","M","?","M","M","E","M","R","T","?","R","M","R","M","R","B",null,"M","$","M","?","$","E","R","?","T","M","M","?","R","M","R"],"character_chosen":"THE_SILENT","items_purchased":["Noxious Fumes","Ice Cream","Dash"],"gold_per_floor":[110,122,122,136,161,199,212,212,239,339,339,360,360,375,375,505,505,521,0,20,20,20,54,54,54,54,75,88,88,88,106,106],"floor_reached":33,"campfire_rested":3,"playtime":2369,"current_hp_per_floor":[69,67,65,61,55,23,7,26,26,26,45,45,45,45,45,43,65,63,63,63,63,63,55,55,55,55,50,50,34,34,5,24],"items_purged":["Strike_G"],"gold":106,"score":269,"play_id":"526b6d54-95c0-4a38-902e-650d80453ac4","is_prod":false,"is_daily":false,"is_ascension_mode":false,"campfire_upgraded":4,"path_taken":["M","M","?","M","?","E","M","R","T","?","R","M","R","M","R","BOSS","M","?","M","?","?","E","R","?","T","?","M","?","R","M","R","BOSS"],"build_version":"2018-02-15-PROD1","purchased_purges":1,"victory":false,"master_deck":["Defend_G","Defend_G","Defend_G","Defend_G","Defend_G","Strike_G","Strike_G","Strike_G","Strike_G","Survivor","Neutralize","Footwork","Caltrops","Deflect","Bouncing Flask+1","Bane","Burst+1","Corpse Explosion+1","Leg Sweep+1","Noxious Fumes+1","Dash","Terror","Heel Hook","Noxious Fumes","Caltrops"],"max_hp_per_floor":[70,70,65,65,65,65,65,65,65,65,65,65,65,65,65,65,65,65,65,65,65,65,65,65,65,65,65,65,65,65,65,65],"relics":["Ring of the Snake","Golden Idol","Bag of Marbles","Bag of Preparation","Runic Dome","Ice Cream","The Courier","Ancient Tea Set","Nilry\u0027s Codex"],"card_choices":[{"not_picked":["Dodge and Roll","Underhanded Strike"],"picked":"Footwork"},{"not_picked":["Deadly Poison","Crippling Poison"],"picked":"Caltrops"},{"not_picked":["Masterful Stab","Outmaneuver"],"picked":"Deflect"},{"not_picked":["Cloak And Dagger","Outmaneuver"],"picked":"Bouncing Flask"},{"not_picked":["Cloak And Dagger","Dagger Throw"],"picked":"Bane"},{"not_picked":["All Out Attack","Outmaneuver"],"picked":"Burst"},{"not_picked":["Night Terror","Adrenaline"],"picked":"Corpse Explosion"},{"not_picked":["Blade Dance","Prepared"],"picked":"Leg Sweep"},{"not_picked":["Venomology","Calculated Gamble"],"picked":"Terror"},{"not_picked":["Backstab","Flying Knee"],"picked":"Heel Hook"},{"not_picked":["Dagger Throw","Prepared"],"picked":"Noxious Fumes"},{"not_picked":["Backflip","Sucker Punch"],"picked":"Caltrops"}],"player_experience":322343,"potions_floor_usage":[5,6,16,23,23,23,28,33,33],"damage_taken":[{"damage":1,"enemies":"Jaw Worm","floor":1,"turns":5},{"damage":2,"enemies":"Cultist","floor":2,"turns":5},{"damage":4,"enemies":"Small Slimes","floor":4,"turns":4},{"damage":6,"enemies":"Exordium Thugs","floor":5,"turns":6},{"damage":32,"enemies":"Gremlin Nob","floor":6,"turns":7},{"damage":16,"enemies":"Lots of Slimes","floor":7,"turns":5},{"damage":0,"enemies":"Looter","floor":12,"turns":3},{"damage":0,"enemies":"Exordium Wildlife","floor":14,"turns":5},{"damage":2,"enemies":"The Guardian","floor":16,"turns":8},{"damage":2,"enemies":"Shell Parasite","floor":18,"turns":6},{"damage":0,"enemies":"Spheric Guardian","floor":20,"turns":3},{"damage":8,"enemies":"Book of Stabbing","floor":23,"turns":5},{"damage":5,"enemies":"Snake Plant","floor":27,"turns":4},{"damage":0,"enemies":"Centurion and Healer","floor":28,"turns":8},{"damage":29,"enemies":"3 Cultists","floor":31,"turns":5},{"damage":26,"enemies":"Automaton","floor":33,"turns":6}],"event_choices":[{"event_name":"Golden Idol","player_choice":"Lose Max HP","floor":3,"damage_taken":0},{"event_name":"Golden Shrine","player_choice":"Pray","floor":10,"damage_taken":0},{"event_name":"Beggar","player_choice":"Ignored","floor":21,"damage_taken":0},{"event_name":"Addict","player_choice":"Ignored","floor":25,"damage_taken":0},{"event_name":"Cursed Tome","player_choice":"Obtained Book","floor":29,"damage_taken":0}],"boss_relics":[{"not_picked":["Philosopher\u0027s Stone","Eternal Feather"],"picked":"Runic Dome"}],"potions_floor_spawned":[2,5,7,16,18,20,23,31],"seed_played":"-4000916136328470493","killed_by":"Automaton","ascension_level":0,"is_trial":false}