{"gold_per_floor":[118,78,89,101,115,115,147,147,223,256,256,256,272,287,287,361,361,381,381,399,419,419,469,493,493,493,493],"floor_reached":27,"playtime":1275,"items_purged":[],"score":496,"play_id":"350f928d-0d15-4d04-bc7e-714094ea47df","local_time":"20190426012928","is_ascension_mode":true,"campfire_choices":[{"data":"Zap","floor":6,"key":"SMITH"},{"data":"Dualcast","floor":8,"key":"SMITH"},{"data":"Echo Form","floor":11,"key":"SMITH"},{"floor":15,"key":"REST"}],"neow_cost":"NONE","seed_source_timestamp":285455138573946,"circlet_count":0,"master_deck":["AscendersBane","Strike_B","Strike_B","Strike_B","Defend_B","Defend_B","Defend_B","Defend_B","Zap+1","Dualcast+1","Leap","Ball Lightning","Ball Lightning","Cold Snap","Echo Form+1","Ball Lightning","Loop+1","Glacier","Thunder Strike","Coolheaded","Ghostly","Ghostly","Ghostly","Doom and Gloom+1","Beam Cell+1","Writhe"],"relics":["Cracked Core","Calipers","Frozen Egg 2","Anchor","Inserter","Oddly Smooth Stone","Pantograph"],"potions_floor_usage":[7,10,16,21,25],"damage_taken":[{"damage":0,"enemies":"Cultist","floor":1,"turns":4},{"damage":0,"enemies":"2 Louse","floor":3,"turns":4},{"damage":0,"enemies":"Small Slimes","floor":4,"turns":3},{"damage":0,"enemies":"Looter","floor":5,"turns":2},{"damage":0,"enemies":"3 Sentries","floor":7,"turns":2},{"damage":32,"enemies":"Gremlin Nob","floor":10,"turns":4},{"damage":0,"enemies":"Red Slaver","floor":13,"turns":2},{"damage":7,"enemies":"Large Slime","floor":14,"turns":4},{"damage":13,"enemies":"Slime Boss","floor":16,"turns":8},{"damage":12,"enemies":"Chosen","floor":18,"turns":5},{"damage":10,"enemies":"2 Thieves","floor":20,"turns":5},{"damage":16,"enemies":"3 Cultists","floor":21,"turns":5},{"damage":8,"enemies":"Colosseum Slavers","floor":25,"turns":6},{"damage":16,"enemies":"Book of Stabbing","floor":27,"turns":6}],"seed_played":"2937189670942675707","potions_obtained":[{"floor":2,"key":"SteroidPotion"},{"floor":2,"key":"PowerPotion"},{"floor":10,"key":"SteroidPotion"},{"floor":14,"key":"PowerPotion"},{"floor":16,"key":"Regen Potion"}],"is_trial":false,"path_per_floor":["M","?","M","M","M","R","E","R","T","E","R","?","M","M","R","B",null,"M","?","M","M","?","?","T","?","T","E"],"character_chosen":"DEFECT","items_purchased":[],"campfire_rested":1,"item_purchase_floors":[],"current_hp_per_floor":[64,64,64,64,64,64,64,64,64,32,32,25,25,18,39,26,60,48,35,25,9,9,9,9,16,16,0],"gold":493,"neow_bonus":"THREE_CARDS","is_prod":false,"is_daily":false,"chose_seed":false,"campfire_upgraded":3,"win_rate":0,"timestamp":1556256568,"path_taken":["M","?","?","M","?","R","E","R","T","E","R","?","M","M","R","BOSS","M","?","M","M","?","?","?","?","T","E"],"build_version":"2019-01-23","purchased_purges":0,"victory":false,"max_hp_per_floor":[71,71,71,71,71,71,71,71,71,71,71,71,71,71,71,71,71,71,35,35,35,35,35,35,35,35,35],"card_choices":[{"not_picked":["Stack","Redo"],"picked":"Leap","floor":0},{"not_picked":["Gash","Chill"],"picked":"Ball Lightning","floor":1},{"not_picked":["Leap","Barrage"],"picked":"Ball Lightning","floor":3},{"not_picked":["Skim","Barrage"],"picked":"Cold Snap","floor":4},{"not_picked":["Rebound","Conserve Battery","Streamline"],"picked":"SKIP","floor":5},{"not_picked":["Redo","Beam Cell"],"picked":"Echo Form","floor":7},{"not_picked":["Streamline","Steam"],"picked":"Ball Lightning","floor":10},{"not_picked":["Streamline","Hologram"],"picked":"Loop+1","floor":13},{"not_picked":["Rebound","Chill"],"picked":"Glacier","floor":14},{"not_picked":["Buffer+1","Amplify"],"picked":"Thunder Strike","floor":16},{"not_picked":["Conserve Battery","Streamline"],"picked":"Coolheaded","floor":18},{"not_picked":["Self Repair+1","Chill"],"picked":"Doom and Gloom+1","floor":20},{"not_picked":["Beam Cell+1","Compile Driver","Streamline"],"picked":"SKIP","floor":21},{"not_picked":["Compile Driver","Streamline"],"picked":"Beam Cell+1","floor":21}],"player_experience":1938719,"relics_obtained":[{"floor":7,"key":"Calipers"},{"floor":9,"key":"Frozen Egg 2"},{"floor":10,"key":"Anchor"},{"floor":26,"key":"Pantograph"}],"event_choices":[{"damage_healed":0,"gold_gain":0,"player_choice":"Bought 3 Potions","damage_taken":0,"max_hp_gain":0,"max_hp_loss":0,"event_name":"The Woman in Blue","floor":2,"gold_loss":0},{"cards_removed":["Strike_B"],"damage_healed":0,"gold_gain":0,"player_choice":"Card Removal","damage_taken":7,"max_hp_gain":0,"max_hp_loss":0,"event_name":"Golden Wing","floor":12,"gold_loss":0},{"damage_healed":0,"gold_gain":0,"player_choice":"Became a Ghost","damage_taken":0,"max_hp_gain":0,"max_hp_loss":36,"event_name":"Ghosts","floor":19,"gold_loss":0,"cards_obtained":["Ghostly","Ghostly","Ghostly"]},{"damage_healed":0,"gold_gain":0,"player_choice":"Opened","damage_taken":0,"relics_obtained":["Oddly Smooth Stone"],"max_hp_gain":0,"max_hp_loss":0,"event_name":"The Mausoleum","floor":22,"gold_loss":0,"cards_obtained":["Writhe"]},{"damage_healed":0,"gold_gain":50,"player_choice":"Stole From Cult","damage_taken":0,"max_hp_gain":0,"max_hp_loss":0,"event_name":"Nest","floor":23,"gold_loss":0},{"damage_healed":0,"gold_gain":0,"player_choice":"Fight","damage_taken":0,"max_hp_gain":0,"max_hp_loss":0,"event_name":"Colosseum","floor":25,"gold_loss":0},{"damage_healed":0,"gold_gain":0,"player_choice":"Fled From Nobs","damage_taken":0,"max_hp_gain":0,"max_hp_loss":0,"event_name":"Colosseum","floor":25,"gold_loss":0}],"is_beta":false,"boss_relics":[{"not_picked":["FrozenCore","Eternal Feather"],"picked":"Inserter"}],"items_purged_floors":[],"is_endless":false,"potions_floor_spawned":[5,10,14,16],"killed_by":"Book of Stabbing","ascension_level":20}