{"gold_per_floor":[114,126,27,27,46,46,21,52,52,80,95,114,140,64,64,138,138,157,157,157,175,175],"floor_reached":22,"playtime":708,"items_purged":["Strike_R"],"score":357,"play_id":"f9ade54f-ca97-4ec8-a3ce-ffb8c23b0337","local_time":"20190317174531","is_ascension_mode":true,"campfire_choices":[{"data":"Armaments","floor":6,"key":"SMITH"},{"data":"Limit Break","floor":15,"key":"SMITH"}],"neow_cost":"NONE","seed_source_timestamp":369135250928302,"circlet_count":0,"master_deck":["AscendersBane","Strike_R","Strike_R","Strike_R","Strike_R","Defend_R","Defend_R","Defend_R","Defend_R","Bash+1","Battle Trance","Armaments+1","Pommel Strike","Twin Strike","Limit Break+1","Combust","Evolve","Rupture","Feed","Regret","Normality","Decay","Headbutt+1","Ghostly","Ghostly","Ghostly","Exhume"],"relics":["Burning Blood","Bird Faced Urn","Bag of Marbles","Potion Belt","Calling Bell","Happy Flower","The Courier","Incense Burner"],"potions_floor_usage":[4,8,10,21,21],"damage_taken":[{"damage":3,"enemies":"Jaw Worm","floor":1,"turns":4},{"damage":0,"enemies":"Cultist","floor":2,"turns":3},{"damage":1,"enemies":"2 Louse","floor":5,"turns":2},{"damage":15,"enemies":"Lagavulin","floor":8,"turns":7},{"damage":34,"enemies":"Gremlin Nob","floor":10,"turns":4},{"damage":2,"enemies":"Exordium Wildlife","floor":11,"turns":3},{"damage":3,"enemies":"Looter","floor":12,"turns":3},{"damage":31,"enemies":"Lagavulin","floor":13,"turns":7},{"damage":39,"enemies":"Hexaghost","floor":16,"turns":9},{"damage":56,"enemies":"Shell Parasite","floor":18,"turns":7},{"damage":11,"enemies":"2 Thieves","floor":21,"turns":4},{"damage":31,"enemies":"Snake Plant","floor":22,"turns":4}],"seed_played":"4444351697017973055","potions_obtained":[{"floor":1,"key":"Explosive Potion"},{"floor":4,"key":"Fruit Juice"},{"floor":4,"key":"Block Potion"},{"floor":8,"key":"BloodPotion"},{"floor":10,"key":"SteroidPotion"}],"is_trial":false,"path_per_floor":["M","M","$","?","M","R","$","E","T","E","M","M","E","$","R","B",null,"M","?","?","M","M"],"character_chosen":"IRONCLAD","items_purchased":["Pommel Strike","Twin Strike","Rupture"],"campfire_rested":0,"item_purchase_floors":[3,7,14],"current_hp_per_floor":[71,75,75,80,80,80,80,71,71,51,57,62,41,41,41,14,64,20,20,20,20,0],"gold":175,"neow_bonus":"UPGRADE_CARD","is_prod":false,"is_daily":false,"chose_seed":false,"campfire_upgraded":2,"win_rate":0,"timestamp":1552859131,"path_taken":["M","M","$","?","M","R","?","E","T","E","M","?","E","$","R","BOSS","M","?","?","M","M"],"build_version":"2019-03-15","purchased_purges":1,"victory":false,"max_hp_per_floor":[75,75,75,80,80,80,80,80,80,80,80,80,80,80,80,80,80,80,40,40,43,43],"card_choices":[{"not_picked":["Shrug It Off","Headbutt"],"picked":"Battle Trance","floor":1},{"not_picked":["Dropkick","Second Wind"],"picked":"Armaments","floor":2},{"not_picked":["Flex","Armaments","Intimidate"],"picked":"SKIP","floor":5},{"not_picked":["Clothesline","Bloodletting"],"picked":"Limit Break","floor":8},{"not_picked":["Pommel Strike","Entrench"],"picked":"Combust","floor":10},{"not_picked":["Pummel","Heavy Blade","Havoc"],"picked":"SKIP","floor":11},{"not_picked":["Clash","Warcry"],"picked":"Evolve","floor":12},{"not_picked":["Wild Strike","Intimidate","Warcry"],"picked":"SKIP","floor":13},{"not_picked":["Impervious","Fiend Fire"],"picked":"Feed","floor":16},{"not_picked":["Intimidate","Flex"],"picked":"Headbutt+1","floor":18},{"not_picked":["Thunderclap","Headbutt"],"picked":"Exhume","floor":21}],"player_experience":2214367,"relics_obtained":[{"floor":8,"key":"Bird Faced Urn"},{"floor":10,"key":"Bag of Marbles"},{"floor":13,"key":"Potion Belt"},{"floor":17,"key":"Happy Flower"},{"floor":17,"key":"The Courier"},{"floor":17,"key":"Incense Burner"}],"event_choices":[{"damage_healed":0,"gold_gain":0,"player_choice":"Got Potions","damage_taken":0,"max_hp_gain":0,"max_hp_loss":0,"event_name":"Lab","floor":4,"gold_loss":0},{"damage_healed":0,"gold_gain":0,"player_choice":"Became a Ghost","damage_taken":0,"max_hp_gain":0,"max_hp_loss":40,"event_name":"Ghosts","floor":19,"gold_loss":0,"cards_obtained":["Ghostly","Ghostly","Ghostly"]},{"damage_healed":0,"gold_gain":0,"player_choice":"Ignored","damage_taken":0,"max_hp_gain":0,"max_hp_loss":0,"event_name":"The Mausoleum","floor":20,"gold_loss":0}],"is_beta":true,"boss_relics":[{"not_picked":["Eternal Feather","Orrery"],"picked":"Calling Bell"}],"items_purged_floors":[3],"is_endless":false,"potions_floor_spawned":[1,8,10,12],"killed_by":"Snake Plant","ascension_level":15}