{"gold_per_floor":[114,114,84,105,121,121,140,184,184,200,200,276,276,5,5,103,103,126,126,146,164,30,30,49,65,65,89,89,89,102,102],"floor_reached":31,"playtime":1798,"items_purged":[],"score":478,"play_id":"5ed89271-28c9-46e2-a63e-0adbc7824c4f","local_time":"20190319025015","is_ascension_mode":true,"campfire_choices":[{"data":"Carnage","floor":6,"key":"SMITH"},{"data":"Bash","floor":11,"key":"SMITH"},{"data":"Disarm","floor":13,"key":"SMITH"},{"data":"Clothesline","floor":15,"key":"SMITH"},{"floor":23,"key":"REST"},{"data":"Demon Form","floor":29,"key":"SMITH"}],"neow_cost":"TEN_PERCENT_HP_LOSS","seed_source_timestamp":0,"circlet_count":0,"master_deck":["AscendersBane","Strike_R","Strike_R","Strike_R","Strike_R","Strike_R","Defend_R","Defend_R","Defend_R","Defend_R","Bash+1","Carnage+1","Pommel Strike","Heavy Blade","Clothesline+1","Disarm+1","Demon Form+1","Havoc","Battle Trance+1","Havoc+1","Whirlwind+1"],"special_seed":0,"relics":["Burning Blood","Pocketwatch","Golden Idol","The Courier","Unceasing Top","Thread and Needle","Dead Branch","Velvet Choker","Strawberry","Self Forming Clay"],"potions_floor_usage":[8,12,16,24,27,30,31],"damage_taken":[{"damage":10.0,"enemies":"Small Slimes","floor":1.0,"turns":4.0},{"damage":4.0,"enemies":"Jaw Worm","floor":4.0,"turns":3.0},{"damage":0,"enemies":"Cultist","floor":5,"turns":2},{"damage":10,"enemies":"3 Louse","floor":7,"turns":4},{"damage":6,"enemies":"Gremlin Nob","floor":8,"turns":3},{"damage":3,"enemies":"Looter","floor":10,"turns":2},{"damage":15,"enemies":"3 Sentries","floor":12,"turns":6},{"damage":39,"enemies":"The Guardian","floor":16,"turns":11},{"damage":2,"enemies":"Shell Parasite","floor":18,"turns":5},{"damage":38,"enemies":"Spheric Guardian","floor":20,"turns":6},{"damage":20,"enemies":"Centurion and Healer","floor":21,"turns":7},{"damage":13,"enemies":"Shelled Parasite and Fungi","floor":24,"turns":4},{"damage":11,"enemies":"Chosen and Byrds","floor":25,"turns":5},{"damage":8,"enemies":"Cultist and Chosen","floor":27,"turns":4},{"damage":20,"enemies":"Sentry and Sphere","floor":30,"turns":4},{"damage":61,"enemies":"Slavers","floor":31,"turns":5}],"seed_played":"-7639538243075998903","potions_obtained":[{"floor":3.0,"key":"FearPotion"},{"floor":3.0,"key":"BloodPotion"},{"floor":8,"key":"PowerPotion"},{"floor":10,"key":"LiquidBronze"},{"floor":20,"key":"Explosive Potion"},{"floor":21,"key":"SkillPotion"},{"floor":25,"key":"SkillPotion"},{"floor":30,"key":"PowerPotion"}],"is_trial":false,"path_per_floor":["M","?","?","M","M","R","M","E","T","M","R","?","R","$","R","B",null,"M","?","M","M","$","R","M","M","T","M","?","R","M","E"],"character_chosen":"IRONCLAD","items_purchased":["Dead Branch","Strawberry"],"campfire_rested":1,"item_purchase_floors":[14,22],"current_hp_per_floor":[64,64,64,66,68,68,64,64,64,67,67,58,58,58,58,25,57,61,61,29,15,22,44,37,32,32,30,75,75,61,0],"gold":102,"neow_bonus":"ONE_RARE_RELIC","is_prod":false,"is_daily":false,"chose_seed":false,"campfire_upgraded":5,"win_rate":0,"timestamp":1552978215,"path_taken":["M","?","?","M","?","R","M","E","T","M","R","?","R","$","R","BOSS","M","?","M","M","?","R","M","M","T","M","?","R","M","E"],"build_version":"2019-01-23","purchased_purges":0,"victory":false,"max_hp_per_floor":[68,68,68,68,68,68,68,68,68,68,68,68,68,68,68,68,68,68,68,68,68,75,75,75,75,75,75,75,75,75,75],"card_choices":[{"not_picked":["Warcry","Intimidate"],"picked":"Carnage","floor":1.0},{"not_picked":["Headbutt","Warcry"],"picked":"Pommel Strike","floor":4.0},{"not_picked":["Iron Wave","Clash","Heavy Blade"],"picked":"SKIP","floor":5},{"not_picked":["Iron Wave","Clash"],"picked":"Heavy Blade","floor":5},{"not_picked":["Sever Soul","True Grit"],"picked":"Clothesline","floor":7},{"not_picked":["Second Wind","Bloodletting","Rage"],"picked":"SKIP","floor":8},{"not_picked":["Metallicize","Shrug It Off"],"picked":"Shockwave","floor":10},{"not_picked":["Sever Soul","Body Slam"],"picked":"Disarm","floor":12},{"not_picked":["Bludgeon","Juggernaut"],"picked":"Demon Form","floor":16},{"not_picked":["True Grit","Dual Wield","Warcry"],"picked":"SKIP","floor":18},{"not_picked":["Clash","Carnage"],"picked":"Havoc","floor":20},{"not_picked":["Carnage","Iron Wave"],"picked":"Battle Trance+1","floor":21},{"not_picked":["True Grit","Spot Weakness"],"picked":"Havoc+1","floor":24},{"not_picked":["Heavy Blade","Corruption","True Grit"],"picked":"SKIP","floor":25},{"not_picked":["Sword Boomerang","Sever Soul"],"picked":"Whirlwind+1","floor":27},{"not_picked":["Clash","Cleave","Inflame"],"picked":"SKIP","floor":30}],"player_experience":1249135,"relics_obtained":[{"floor":8,"key":"The Courier"},{"floor":9,"key":"Unceasing Top"},{"floor":12,"key":"Thread and Needle"},{"floor":26,"key":"Self Forming Clay"}],"event_choices":[{"damage_healed":0.0,"max_hp_gain":0.0,"max_hp_loss":0.0,"gold_gain":0.0,"event_name":"Golden Idol","player_choice":"Take Wound","floor":2.0,"gold_loss":0.0,"damage_taken":0.0,"relics_obtained":["Golden Idol"],"cards_obtained":["Injury"]},{"damage_healed":0.0,"max_hp_gain":0.0,"max_hp_loss":0.0,"gold_gain":0.0,"event_name":"The Woman in Blue","player_choice":"Bought 2 Potions","floor":3.0,"gold_loss":0.0,"damage_taken":0.0},{"damage_healed":0,"gold_gain":0,"player_choice":"Searched \u00271\u0027 times","damage_taken":0,"max_hp_gain":0,"max_hp_loss":0,"event_name":"Dead Adventurer","floor":12,"gold_loss":0},{"cards_removed":["Injury"],"damage_healed":0,"gold_gain":0,"player_choice":"Purged","damage_taken":0,"max_hp_gain":0,"max_hp_loss":0,"event_name":"Purifier","floor":19,"gold_loss":0},{"cards_removed":["Shockwave"],"damage_healed":45,"gold_gain":0,"player_choice":"Offered Uncommon","damage_taken":0,"max_hp_gain":0,"max_hp_loss":0,"event_name":"Bonfire Elementals","floor":28,"gold_loss":0}],"is_beta":false,"boss_relics":[{"not_picked":["Coffee Dripper","Black Blood"],"picked":"Velvet Choker"}],"items_purged_floors":[],"is_endless":false,"potions_floor_spawned":[5,8,10,20,21,25,30],"killed_by":"Slavers","ascension_level":20}