{"gold_per_floor":[15,28,45,11,23,23,48,48,48,48,48],"floor_reached":11,"playtime":4940,"items_purged":[],"score":102,"play_id":"85edc617-5fad-4d9e-8a81-de1aab2015b7","local_time":"20190314225442","is_ascension_mode":true,"campfire_choices":[{"data":"Zap","floor":6,"key":"SMITH"},{"data":"Dualcast","floor":8,"key":"SMITH"}],"neow_cost":"NO_GOLD","seed_source_timestamp":124278273080038,"circlet_count":0,"master_deck":["Strike_B","Strike_B","Strike_B","Defend_B","Defend_B","Defend_B","Defend_B","Zap+1","Dualcast+1","Biased Cognition","Go for the Eyes","Defragment","Conserve Battery","Hello World","Cold Snap","Rainbow"],"relics":["Cracked Core","Meat on the Bone","Torii"],"potions_floor_usage":[],"damage_taken":[{"damage":4,"enemies":"Jaw Worm","floor":1,"turns":4},{"damage":22,"enemies":"Small Slimes","floor":2,"turns":4},{"damage":0,"enemies":"Cultist","floor":3,"turns":3},{"damage":2,"enemies":"Large Slime","floor":5,"turns":7},{"damage":36,"enemies":"3 Sentries","floor":7,"turns":8},{"damage":0,"enemies":"Lots of Slimes","floor":11,"turns":1}],"seed_played":"9074548922976355138","potions_obtained":[{"floor":2,"key":"Poison Potion"}],"is_trial":false,"path_per_floor":["M","M","M","?","M","R","E","R","T","?","M"],"character_chosen":"DEFECT","items_purchased":[],"campfire_rested":0,"item_purchase_floors":[],"current_hp_per_floor":[64,42,42,42,40,40,4,4,4,4,4],"gold":48,"neow_bonus":"THREE_RARE_CARDS","is_prod":false,"is_daily":false,"chose_seed":false,"campfire_upgraded":2,"win_rate":0,"timestamp":1552618482,"path_taken":["M","M","M","?","M","R","E","R","T","?","M"],"build_version":"2019-01-23","purchased_purges":0,"victory":false,"max_hp_per_floor":[75,75,75,75,75,75,75,75,75,75,75],"card_choices":[{"not_picked":["Meteor Strike","Echo Form"],"picked":"Biased Cognition","floor":0},{"not_picked":["Chill","Streamline"],"picked":"Go for the Eyes","floor":1},{"not_picked":["Stack","Cold Snap"],"picked":"Defragment","floor":2},{"not_picked":["Go for the Eyes","Blizzard"],"picked":"Conserve Battery","floor":3},{"not_picked":["Conserve Battery","Barrage"],"picked":"Hello World","floor":5},{"not_picked":["Leap","Defragment"],"picked":"Cold Snap","floor":7}],"player_experience":1117780,"relics_obtained":[{"floor":7,"key":"Meat on the Bone"},{"floor":9,"key":"Torii"}],"event_choices":[{"damage_healed":0,"gold_gain":0,"player_choice":"Left Gold","damage_taken":0,"max_hp_gain":0,"max_hp_loss":0,"event_name":"World of Goop","floor":4,"gold_loss":34},{"damage_healed":0,"gold_gain":0,"cards_transformed":["Strike_B"],"player_choice":"Transformed","damage_taken":0,"max_hp_gain":0,"max_hp_loss":0,"event_name":"Transmorgrifier","floor":10,"gold_loss":0,"cards_obtained":["Rainbow"]}],"is_beta":false,"boss_relics":[],"items_purged_floors":[],"is_endless":false,"potions_floor_spawned":[2],"killed_by":"Lots of Slimes","ascension_level":8}