{"gold_per_floor":[110,127,139,289,289,322,336,365,365,365],"floor_reached":10,"playtime":281,"items_purged":[],"score":148,"play_id":"6723ea7c-d26d-40a9-ac91-8882fa74504e","local_time":"20190314020425","is_ascension_mode":true,"campfire_choices":[],"neow_cost":"NONE","seed_source_timestamp":53900134324763,"circlet_count":0,"master_deck":["AscendersBane","Strike_R","Strike_R","Strike_R","Strike_R","Strike_R","Defend_R","Defend_R","Defend_R","Defend_R","Bash","Clothesline","Cleave","Clothesline","Immolate","True Grit","Thunderclap"],"relics":["Burning Blood","NeowsBlessing","Dodecahedron","Sundial","Charon\u0027s Ashes"],"potions_floor_usage":[6],"damage_taken":[{"damage":0,"enemies":"Cultist","floor":1,"turns":1},{"damage":0,"enemies":"Small Slimes","floor":2,"turns":1},{"damage":0,"enemies":"2 Louse","floor":3,"turns":1},{"damage":24,"enemies":"Gremlin Nob","floor":6,"turns":4},{"damage":0,"enemies":"2 Fungi Beasts","floor":7,"turns":2},{"damage":25,"enemies":"3 Sentries","floor":8,"turns":4},{"damage":45,"enemies":"Lagavulin","floor":10,"turns":6}],"seed_played":"-4872213944441251331","potions_obtained":[{"floor":1,"key":"Explosive Potion"}],"is_trial":false,"path_per_floor":["M","M","M","?","?","E","M","E","T","E"],"character_chosen":"IRONCLAD","items_purchased":[],"campfire_rested":0,"item_purchase_floors":[],"current_hp_per_floor":[74,75,75,75,75,57,63,44,44,0],"gold":365,"neow_bonus":"THREE_ENEMY_KILL","is_prod":false,"is_daily":false,"chose_seed":false,"campfire_upgraded":0,"win_rate":0,"timestamp":1552543465,"path_taken":["M","M","?","?","?","E","M","E","T","E"],"build_version":"2019-01-23","purchased_purges":0,"victory":false,"max_hp_per_floor":[75,75,75,75,75,75,75,75,75,75],"card_choices":[{"not_picked":["Entrench","Twin Strike"],"picked":"Clothesline","floor":1},{"not_picked":["Burning Pact","Headbutt"],"picked":"Cleave","floor":2},{"not_picked":["Havoc","Blood for Blood"],"picked":"Clothesline","floor":3},{"not_picked":["Infernal Blade","Havoc"],"picked":"Immolate","floor":6},{"not_picked":["Twin Strike","Sword Boomerang"],"picked":"True Grit","floor":7},{"not_picked":["Armaments","Disarm"],"picked":"Thunderclap","floor":8}],"player_experience":1109244,"relics_obtained":[{"floor":6,"key":"Dodecahedron"},{"floor":8,"key":"Sundial"},{"floor":9,"key":"Charon\u0027s Ashes"}],"event_choices":[{"damage_healed":0,"gold_gain":150,"player_choice":"AGREE","damage_taken":0,"max_hp_gain":0,"max_hp_loss":0,"event_name":"Liars Game","floor":4,"gold_loss":0,"cards_obtained":["Doubt"]},{"cards_removed":["Doubt"],"damage_healed":0,"gold_gain":0,"player_choice":"Forget","damage_taken":0,"max_hp_gain":0,"max_hp_loss":0,"event_name":"Living Wall","floor":5,"gold_loss":0}],"is_beta":false,"boss_relics":[],"items_purged_floors":[],"is_endless":false,"potions_floor_spawned":[1],"killed_by":"Lagavulin","ascension_level":18}