{"gold_per_floor":[119,194,213,228,208,208,242,242,242,257,207,61,77,77,77,167,167,191,191,113,113,131,131,152,152,233,18,18,18,18,58,58,148,148,161,161,26,49,64,64,14,0,0,0,13,346,381,401,401,401,401,401,401,17,17],"floor_reached":55,"playtime":6361,"items_purged":["Strike_B","Strike_B","Strike_B","Strike_B","Dualcast"],"score":1872,"play_id":"17db38c7-7e2c-4635-b953-f1942d3bffb2","local_time":"20190509123236","is_ascension_mode":true,"campfire_choices":[{"data":"Zap","floor":6,"key":"SMITH"},{"data":"Leap","floor":8,"key":"SMITH"},{"data":"Doom and Gloom","floor":15,"key":"SMITH"},{"data":"Ghostly","floor":23,"key":"SMITH"},{"data":"Ghostly","floor":25,"key":"SMITH"},{"data":"Redo","floor":29,"key":"SMITH"},{"data":"Buffer","floor":32,"key":"SMITH"},{"data":"Loop","floor":40,"key":"SMITH"},{"data":"Ghostly","floor":44,"key":"SMITH"},{"floor":49,"key":"RECALL"},{"data":"Defragment","floor":53,"key":"SMITH"}],"neow_cost":"NONE","seed_source_timestamp":179894414341203,"circlet_count":0,"master_deck":["AscendersBane","Defend_B+1","Defend_B","Defend_B","Defend_B","Zap+1","Doom and Gloom+1","Ball Lightning","Leap+1","Compile Driver+1","Self Repair","Capacitor","Cold Snap","Buffer+1","Compile Driver+1","Leap","Ghostly+1","Ghostly+1","Ghostly+1","Undo","Redo+1","RitualDagger","Core Surge","Echo Form","Undo+1","Dark Shackles+1","Coolheaded","Hologram","Loop+1","Go for the Eyes+1","Chill+1","Defragment+1","Defragment","Consume","Finesse"],"relics":["Cracked Core","Smiling Mask","Symbiotic Virus","Art of War","Nuclear Battery","Enchiridion","Strange Spoon","Boot","Inserter","Red Mask","Gremlin Horn","Whetstone","War Paint"],"potions_floor_usage":[7,7,16,16,35,55,55],"damage_taken":[{"damage":8,"enemies":"Small Slimes","floor":1,"turns":3},{"damage":7,"enemies":"Jaw Worm","floor":3,"turns":3},{"damage":6,"enemies":"Cultist","floor":4,"turns":4},{"damage":8,"enemies":"Gremlin Nob","floor":7,"turns":3},{"damage":1,"enemies":"Exordium Thugs","floor":10,"turns":3},{"damage":1,"enemies":"Large Slime","floor":13,"turns":3},{"damage":5,"enemies":"The Guardian","floor":16,"turns":8},{"damage":12,"enemies":"2 Thieves","floor":18,"turns":4},{"damage":2,"enemies":"Spheric Guardian","floor":22,"turns":4},{"damage":0,"enemies":"Snake Plant","floor":24,"turns":5},{"damage":3,"enemies":"Gremlin Leader","floor":31,"turns":6},{"damage":12,"enemies":"Collector","floor":33,"turns":14},{"damage":22,"enemies":"3 Darklings","floor":35,"turns":7},{"damage":0,"enemies":"Orb Walker","floor":38,"turns":3},{"damage":12,"enemies":"Jaw Worm Horde","floor":39,"turns":5},{"damage":0,"enemies":"Transient","floor":45,"turns":6},{"damage":0,"enemies":"Nemesis","floor":47,"turns":9},{"damage":0,"enemies":"4 Shapes","floor":48,"turns":8},{"damage":2,"enemies":"Donu and Deca","floor":50,"turns":17},{"damage":17,"enemies":"Time Eater","floor":51,"turns":17},{"damage":41,"enemies":"Shield and Spear","floor":55,"turns":8}],"seed_played":"-4500241614993836216","potions_obtained":[{"floor":4,"key":"AttackPotion"},{"floor":5,"key":"SkillPotion"},{"floor":7,"key":"FearPotion"},{"floor":10,"key":"Fire Potion"},{"floor":13,"key":"Regen Potion"},{"floor":24,"key":"Block Potion"},{"floor":35,"key":"SpeedPotion"},{"floor":38,"key":"SneckoOil"},{"floor":45,"key":"PowerPotion"}],"is_trial":false,"path_per_floor":["M","?","M","M","?","R","E","R","T","M","$","$","M","?","R","B",null,"M","?","$","?","M","R","M","R","T","$","?","R","?","E","R","B",null,"M","?","$","M","M","R","$","?","T","R","M","?","E","M","R","B","B",null,"R","$","E"],"character_chosen":"DEFECT","items_purchased":["Capacitor","Cold Snap","Leap","Strange Spoon","Coolheaded","Hologram","Defragment","Consume","War Paint","Finesse"],"campfire_rested":0,"item_purchase_floors":[12,12,20,27,37,37,54,54,54,54],"current_hp_per_floor":[56,45,38,32,32,32,24,24,24,23,23,23,29,5,5,22,59,54,33,33,33,35,35,35,35,35,35,29,29,22,26,26,21,35,27,27,27,34,36,36,36,36,36,36,40,40,40,40,40,40,37,39,39,39,0],"gold":17,"neow_bonus":"RANDOM_COMMON_RELIC","is_prod":false,"is_daily":false,"chose_seed":false,"campfire_upgraded":10,"win_rate":0,"timestamp":1557430356,"path_taken":["M","?","M","M","?","R","E","R","T","?","?","$","M","?","R","BOSS","M","?","$","?","M","R","?","R","T","$","?","R","?","E","R","BOSS","M","?","$","M","M","R","$","?","T","R","M","?","E","M","R","BOSS","BOSS","R","$","E"],"build_version":"2019-05-07","purchased_purges":5,"victory":false,"max_hp_per_floor":[71,71,71,71,71,71,71,71,71,71,71,71,71,71,71,71,71,71,71,71,35,35,35,35,35,35,35,35,35,40,40,40,40,40,40,40,40,40,40,40,40,40,40,40,40,40,40,40,40,40,40,40,40,40,40],"card_choices":[{"not_picked":["Stack","Ball Lightning"],"picked":"Doom and Gloom","floor":1},{"not_picked":["Darkness","Storm"],"picked":"Ball Lightning","floor":3},{"not_picked":["Stack","Go for the Eyes"],"picked":"Leap","floor":4},{"not_picked":["Go for the Eyes","Aggregate"],"picked":"Compile Driver","floor":7},{"not_picked":["Hologram","Compile Driver"],"picked":"Self Repair","floor":10},{"not_picked":["Hello World","Turbo","Stack"],"picked":"SKIP","floor":13},{"not_picked":["Creative AI","Hyperbeam"],"picked":"Buffer","floor":16},{"not_picked":["Scrape","Go for the Eyes+1"],"picked":"Compile Driver","floor":18},{"not_picked":["Reprogram","Ball Lightning"],"picked":"Undo","floor":22},{"not_picked":["Static Discharge","Go for the Eyes"],"picked":"Redo","floor":24},{"not_picked":["Conserve Battery","Redo"],"picked":"Core Surge","floor":31},{"not_picked":["Hyperbeam","Thunder Strike"],"picked":"Echo Form","floor":33},{"not_picked":["Skim","Turbo"],"picked":"Undo+1","floor":35},{"not_picked":["Chrysalis","Violence"],"picked":"Dark Shackles","floor":36},{"not_picked":["Reprogram","Barrage+1"],"picked":"Loop","floor":38},{"not_picked":["Lockon","Barrage","Gash+1"],"picked":"SKIP","floor":39},{"not_picked":["Streamline","Leap"],"picked":"Go for the Eyes+1","floor":45},{"not_picked":["Conserve Battery","Melter+1"],"picked":"Chill+1","floor":47},{"not_picked":["Reboot","Reinforced Body"],"picked":"Defragment","floor":48}],"player_experience":6301477,"relics_obtained":[{"floor":7,"key":"Symbiotic Virus"},{"floor":9,"key":"Art of War"},{"floor":19,"key":"Enchiridion"},{"floor":31,"key":"Boot"},{"floor":43,"key":"Gremlin Horn"},{"floor":47,"key":"Whetstone"}],"event_choices":[{"damage_healed":0,"gold_gain":75,"player_choice":"Gather Gold","damage_taken":11,"max_hp_gain":0,"max_hp_loss":0,"event_name":"World of Goop","floor":2,"gold_loss":0},{"damage_healed":0,"gold_gain":0,"player_choice":"Bought 1 Potion","damage_taken":0,"max_hp_gain":0,"max_hp_loss":0,"event_name":"The Woman in Blue","floor":5,"gold_loss":0},{"damage_healed":0,"gold_gain":0,"player_choice":"Take Damage","damage_taken":24,"relics_obtained":["Golden Idol"],"max_hp_gain":0,"max_hp_loss":0,"event_name":"Golden Idol","floor":14,"gold_loss":0},{"damage_healed":0,"gold_gain":0,"player_choice":"Obtained Book","damage_taken":21,"max_hp_gain":0,"max_hp_loss":0,"event_name":"Cursed Tome","floor":19,"gold_loss":0},{"damage_healed":0,"gold_gain":0,"player_choice":"Became a Ghost","damage_taken":0,"max_hp_gain":0,"max_hp_loss":36,"event_name":"Ghosts","floor":21,"gold_loss":0,"cards_obtained":["Ghostly","Ghostly","Ghostly"]},{"damage_healed":0,"gold_gain":0,"player_choice":"Joined the Cult","damage_taken":6,"max_hp_gain":0,"max_hp_loss":0,"event_name":"Nest","floor":28,"gold_loss":0,"cards_obtained":["RitualDagger"]},{"damage_healed":0,"gold_gain":0,"player_choice":"Shed Blood","damage_taken":12,"max_hp_gain":5,"max_hp_loss":0,"event_name":"Forgotten Altar","floor":30,"gold_loss":0},{"damage_healed":0,"gold_gain":0,"player_choice":"Memory 1","damage_taken":0,"max_hp_gain":0,"max_hp_loss":0,"event_name":"SensoryStone","floor":36,"gold_loss":0},{"damage_healed":0,"gold_gain":0,"player_choice":"Paid","damage_taken":0,"relics_obtained":["Red Mask"],"max_hp_gain":0,"max_hp_loss":0,"event_name":"Tomb of Lord Red Mask","floor":42,"gold_loss":14},{"damage_healed":0,"gold_gain":333,"player_choice":"Gave Idol","damage_taken":0,"max_hp_gain":0,"max_hp_loss":0,"event_name":"The Moai Head","floor":46,"relics_lost":["Golden Idol"],"gold_loss":0}],"is_beta":true,"boss_relics":[{"not_picked":["Tiny House","Lizard Tail"],"picked":"Nuclear Battery"},{"not_picked":["Empty Cage","Runic Dome"],"picked":"Inserter"}],"items_purged_floors":[11,12,20,37,41],"is_endless":false,"potions_floor_spawned":[4,7,10,13,24,35,38,45],"killed_by":"Shield and Spear","ascension_level":20}