{"path_per_floor":["M","?","?","M","M","R","$","R","T","M","R","$","M","?","R","B",null,"M","?","M","M","?","R","M","R","T","R","?","$","M","?","R","B",null,"M","?","M","?","$","R","M","R","T","T","M","M","M"],"character_chosen":"THE_SILENT","items_purchased":["Bouncing Flask"],"gold_per_floor":[99,99,99,99,99,99,99,99,99,99,99,25,25,0,0,0,0,0,0,0,0,0,0,0,0,0,0,0,0,0,0,0,0,0,0,0,0,0,0,0,0,0,0,0,0,0,0,0],"floor_reached":48,"campfire_rested":1,"playtime":1635,"current_hp_per_floor":[70,75,75,74,74,74,74,74,74,69,69,69,69,69,69,49,75,75,75,65,49,49,49,34,34,34,34,34,34,29,15,39,17,80,80,80,76,76,76,76,50,50,50,50,50,33,22,0],"items_purged":[],"gold":0,"score":472,"play_id":"0d9ffbea-5c2d-4d74-a981-7d6bfbab7427","local_time":"20180408150640","is_prod":false,"is_daily":false,"is_ascension_mode":false,"campfire_upgraded":9,"timestamp":1523214400,"path_taken":["M","?","?","?","M","R","$","R","T","M","R","$","?","?","R","BOSS","M","?","M","M","?","R","M","R","T","R","?","?","?","?","R","BOSS","M","?","M","?","$","R","M","R","T","?","M","?","M","M"],"build_version":"2018-04-05v2","purchased_purges":0,"victory":false,"master_deck":["Defend_G","Defend_G","Defend_G","Defend_G","Defend_G","Strike_G","Strike_G","Strike_G","Strike_G","Survivor+1","Neutralize+1","Deadly Poison+1","Malaise+1","Catalyst+1","Bouncing Flask+1","Crippling Poison+1","Catalyst+1","Blur+1","Catalyst+1","Expertise+1","Bane+1","Blur+1"],"max_hp_per_floor":[70,75,75,75,75,75,75,75,75,75,75,75,75,75,75,75,75,75,75,75,75,75,75,75,75,75,75,75,75,75,80,80,80,80,80,80,80,80,80,80,80,80,80,80,80,80,80,80],"relics":["Ectoplasm"],"card_choices":[{"not_picked":["Acrobatics","Underhanded Strike"],"picked":"Deadly Poison","floor":4},{"not_picked":["Dagger Throw","Quick Slash"],"picked":"Malaise","floor":5},{"not_picked":["Concentrate","Backflip"],"picked":"Catalyst","floor":10},{"not_picked":["Dodge and Roll","Acrobatics"],"picked":"Crippling Poison","floor":13},{"not_picked":["Bouncing Flask","Deflect"],"picked":"Catalyst","floor":18},{"not_picked":["Backflip","Endless Agony"],"picked":"Blur","floor":35},{"not_picked":["Leg Sweep","Dash"],"picked":"Catalyst","floor":37},{"not_picked":["Accuracy","Deadly Poison"],"picked":"Expertise","floor":45},{"not_picked":["Escape Plan","Poisoned Stab"],"picked":"Bane","floor":46},{"not_picked":["Deflect","Slice"],"picked":"Blur","floor":47}],"player_experience":758716,"potions_floor_usage":[21,30,33,35,37],"damage_taken":[{"damage":0,"enemies":"2 Louse","floor":1,"turns":3},{"damage":1,"enemies":"Jaw Worm","floor":4,"turns":4},{"damage":0,"enemies":"Cultist","floor":5,"turns":3},{"damage":5,"enemies":"Gremlin Gang","floor":10,"turns":6},{"damage":0,"enemies":"3 Louse","floor":13,"turns":4},{"damage":20,"enemies":"Hexaghost","floor":16,"turns":9},{"damage":0,"enemies":"Spheric Guardian","floor":18,"turns":3},{"damage":10,"enemies":"3 Byrds","floor":20,"turns":5},{"damage":16,"enemies":"Centurion and Healer","floor":21,"turns":6},{"damage":15,"enemies":"Snake Plant","floor":24,"turns":3},{"damage":5,"enemies":"Cultist and Chosen","floor":30,"turns":4},{"damage":22,"enemies":"Champ","floor":33,"turns":5},{"damage":0,"enemies":"3 Shapes","floor":35,"turns":5},{"damage":4,"enemies":"Orb Walker","floor":37,"turns":5},{"damage":26,"enemies":"3 Darklings","floor":41,"turns":6},{"damage":0,"enemies":"Maw","floor":45,"turns":2},{"damage":17,"enemies":"Sphere and 2 Shapes","floor":46,"turns":8},{"damage":11,"enemies":"4 Shapes","floor":47,"turns":9},{"damage":25,"enemies":"3 Darklings","floor":48,"turns":4}],"event_choices":[{"event_name":"Big Fish","player_choice":"Donut","floor":2,"damage_taken":0},{"event_name":"Golden Idol","player_choice":"Ignored","floor":3,"damage_taken":0},{"event_name":"World of Goop","player_choice":"Left","floor":14,"damage_taken":0},{"event_name":"Beggar","player_choice":"Ignored","floor":19,"damage_taken":0},{"event_name":"The Lab","player_choice":"Got Potions","floor":22,"damage_taken":0},{"event_name":"Drug Dealer","player_choice":"Ignored","floor":28,"damage_taken":0},{"event_name":"Forgotten Altar","player_choice":"Shed Blood","floor":31,"damage_taken":0},{"event_name":"Tomb of Lord Red Mask","player_choice":"Ignored","floor":38,"damage_taken":0}],"boss_relics":[{"not_picked":["Orrery","Tiny House","Pandora\u0027s Box"]},{"not_picked":["Orrery","Tiny House","Pandora\u0027s Box"]}],"potions_floor_spawned":[10,16,20,24,35,46],"seed_played":"7337791750050323476","killed_by":"3 Darklings","ascension_level":0,"is_trial":false}