{"gold_per_floor":[111,186,34,44,56,56,72,72,72,72,99,99,109,140,140,215,215,230,240,258,258,533,533,549,549,575,225,244,244,271,69,69,145,145,160,172,172,187,187,187],"floor_reached":40,"playtime":3449,"items_purged":["Strike_B","Regret","Strike_B"],"score":882,"play_id":"611e9aa9-a540-450c-9e81-71d687e576d4","local_time":"20190509154040","is_ascension_mode":true,"campfire_choices":[{"data":"Zap","floor":6,"key":"SMITH"},{"data":"Defragment","floor":8,"key":"SMITH"},{"data":"Conserve Battery","floor":10,"key":"SMITH"},{"data":"Chill","floor":15,"key":"SMITH"},{"floor":23,"key":"REST"},{"floor":25,"key":"REST"},{"data":"Loop","floor":29,"key":"SMITH"},{"floor":32,"key":"REST"}],"neow_cost":"NONE","seed_source_timestamp":15356129917341,"circlet_count":0,"master_deck":["AscendersBane","Strike_B","Strike_B","Defend_B","Defend_B","Defend_B","Defend_B","Zap+1","Dualcast","Conserve Battery+1","Defragment+1","Ball Lightning","Chill+1","Ball Lightning","Cold Snap","Echo Form","Sweeping Beam+1","Loop+1","Cold Snap","Barrage","Darkness","Electrodynamics","Coolheaded","BootSequence","Capacitor"],"relics":["Cracked Core","NeowsBlessing","Pen Nib","Cables","Du-Vu Doll","Sozu","Vajra","Strawberry","Pocketwatch","Inserter"],"potions_floor_usage":[11,28,30],"damage_taken":[{"damage":0,"enemies":"Small Slimes","floor":1,"turns":1},{"damage":0,"enemies":"Jaw Worm","floor":4,"turns":1},{"damage":0,"enemies":"2 Louse","floor":5,"turns":1},{"damage":4,"enemies":"Red Slaver","floor":7,"turns":3},{"damage":32,"enemies":"Gremlin Nob","floor":11,"turns":4},{"damage":0,"enemies":"Lots of Slimes","floor":13,"turns":4},{"damage":5,"enemies":"Lagavulin","floor":14,"turns":5},{"damage":6,"enemies":"The Guardian","floor":16,"turns":8},{"damage":13,"enemies":"Spheric Guardian","floor":18,"turns":4},{"damage":17,"enemies":"Shell Parasite","floor":19,"turns":4},{"damage":26,"enemies":"Shelled Parasite and Fungi","floor":20,"turns":6},{"damage":11,"enemies":"Centurion and Healer","floor":24,"turns":5},{"damage":8,"enemies":"Sentry and Sphere","floor":28,"turns":4},{"damage":25,"enemies":"Slavers","floor":30,"turns":6},{"damage":13,"enemies":"Champ","floor":33,"turns":13},{"damage":21,"enemies":"Orb Walker","floor":35,"turns":4},{"damage":29,"enemies":"3 Darklings","floor":36,"turns":3},{"damage":27,"enemies":"Spire Growth","floor":38,"turns":4},{"damage":47,"enemies":"Nemesis","floor":40,"turns":5}],"seed_played":"-2952501252579594864","potions_obtained":[{"floor":7,"key":"PowerPotion"},{"floor":14,"key":"Fire Potion"},{"floor":16,"key":"LiquidBronze"}],"is_trial":false,"path_per_floor":["M","?","$","M","M","R","M","R","T","R","E","?","M","E","R","B",null,"M","M","M","?","?","R","M","R","T","$","M","R","E","$","R","B",null,"M","M","?","M","?","E"],"character_chosen":"DEFECT","items_purchased":["Defragment","Loop","Strawberry","Cold Snap","Darkness"],"campfire_rested":3,"item_purchase_floors":[3,27,27,27,31],"current_hp_per_floor":[64,53,53,53,53,53,49,49,49,49,17,40,40,35,35,29,61,48,31,5,5,5,26,15,36,36,43,35,35,10,10,33,20,64,43,14,64,37,37,0],"gold":187,"neow_bonus":"THREE_ENEMY_KILL","is_prod":false,"is_daily":false,"chose_seed":false,"campfire_upgraded":5,"win_rate":0,"timestamp":1557409240,"path_taken":["M","?","$","M","M","R","M","R","T","R","E","?","M","E","R","BOSS","M","M","M","?","?","R","?","R","T","$","?","R","E","$","R","BOSS","M","M","?","M","?","E"],"build_version":"2019-01-23","purchased_purges":3,"victory":false,"max_hp_per_floor":[71,71,71,71,71,71,71,71,71,71,71,71,71,71,71,71,71,71,71,71,71,71,71,71,71,71,78,78,78,78,78,78,78,78,78,78,64,64,64,64],"card_choices":[{"not_picked":["Redo","Turbo"],"picked":"Conserve Battery","floor":1},{"not_picked":["Glacier","Sweeping Beam"],"picked":"Ball Lightning","floor":4},{"not_picked":["Heatsinks","Barrage","Rip and Tear"],"picked":"SKIP","floor":5},{"not_picked":["Redo","Scrape","Steam"],"picked":"SKIP","floor":7},{"not_picked":["Compile Driver","Turbo"],"picked":"Chill","floor":11},{"not_picked":["Hello World","Steam Power"],"picked":"Ball Lightning","floor":13},{"not_picked":["Heatsinks","Gash"],"picked":"Cold Snap","floor":14},{"not_picked":["Meteor Strike","Amplify"],"picked":"Echo Form","floor":16},{"not_picked":["Barrage","Hello World","Leap"],"picked":"SKIP","floor":18},{"not_picked":["Gash","Streamline","Sweeping Beam"],"picked":"SKIP","floor":19},{"not_picked":["Double Energy","Static Discharge","Recycle"],"picked":"SKIP","floor":20},{"not_picked":["Melter","Undo+1"],"picked":"Sweeping Beam+1","floor":24},{"not_picked":["Turbo","Gash"],"picked":"Barrage","floor":28},{"not_picked":["All For One","Go for the Eyes","Steam"],"picked":"SKIP","floor":30},{"not_picked":["Thunder Strike","Echo Form"],"picked":"Electrodynamics","floor":33},{"not_picked":["Turbo","Cold Snap"],"picked":"Coolheaded","floor":35},{"not_picked":["Sweeping Beam+1","Ball Lightning+1"],"picked":"BootSequence","floor":36},{"not_picked":["Hologram","Streamline"],"picked":"Capacitor","floor":38}],"player_experience":341907,"relics_obtained":[{"floor":9,"key":"Pen Nib"},{"floor":11,"key":"Cables"},{"floor":14,"key":"Du-Vu Doll"},{"floor":26,"key":"Vajra"},{"floor":30,"key":"Pocketwatch"}],"event_choices":[{"damage_healed":0,"gold_gain":75,"player_choice":"Gather Gold","damage_taken":11,"max_hp_gain":0,"max_hp_loss":0,"event_name":"World of Goop","floor":2,"gold_loss":0},{"damage_healed":23,"gold_gain":0,"player_choice":"Banana","damage_taken":0,"max_hp_gain":0,"max_hp_loss":0,"event_name":"Big Fish","floor":12,"gold_loss":0},{"damage_healed":0,"gold_gain":0,"player_choice":"Ignored","damage_taken":0,"max_hp_gain":0,"max_hp_loss":0,"event_name":"Vampires","floor":21,"gold_loss":0},{"damage_healed":0,"gold_gain":275,"player_choice":"Desecrate","damage_taken":0,"max_hp_gain":0,"max_hp_loss":0,"event_name":"Golden Shrine","floor":22,"gold_loss":0,"cards_obtained":["Regret"]},{"damage_healed":64,"gold_gain":0,"player_choice":"Heal","damage_taken":0,"max_hp_gain":0,"max_hp_loss":14,"event_name":"The Moai Head","floor":37,"gold_loss":0},{"damage_healed":0,"gold_gain":0,"player_choice":"Ignored","damage_taken":0,"max_hp_gain":0,"max_hp_loss":0,"event_name":"Tomb of Lord Red Mask","floor":39,"gold_loss":0}],"is_beta":false,"boss_relics":[{"not_picked":["Cursed Key","Orrery"],"picked":"Sozu"},{"not_picked":["Astrolabe","Philosopher\u0027s Stone"],"picked":"Inserter"}],"items_purged_floors":[3,27,31],"is_endless":false,"potions_floor_spawned":[7,14,16,19,24,30],"killed_by":"Nemesis","ascension_level":20}