{"gold_per_floor":[109,129,146,173,25,59,59,90,141,176,126,126],"floor_reached":12,"playtime":664,"items_purged":["Defend_B"],"score":163,"play_id":"a6bb7960-a379-46a3-adc8-986f56b2a7a3","local_time":"20190324003037","is_ascension_mode":true,"campfire_choices":[{"data":"Self Repair","floor":7,"key":"SMITH"}],"neow_cost":"NONE","seed_source_timestamp":600900707881723,"circlet_count":0,"master_deck":["AscendersBane","Strike_B","Strike_B","Strike_B","Defend_B","Defend_B","Defend_B","Zap","Dualcast","Loop","Self Repair+1","Auto Shields","Go for the Eyes","Seek","Chill","Conserve Battery"],"relics":["Cracked Core","Lantern","Smiling Mask","Bottled Lightning","Incense Burner","Matryoshka"],"potions_floor_usage":[8,8,12],"damage_taken":[{"damage":5,"enemies":"Cultist","floor":1,"turns":4},{"damage":2,"enemies":"2 Louse","floor":2,"turns":3},{"damage":10,"enemies":"Small Slimes","floor":3,"turns":5},{"damage":34,"enemies":"3 Sentries","floor":6,"turns":8},{"damage":6,"enemies":"Gremlin Nob","floor":8,"turns":4},{"damage":14,"enemies":"3 Sentries","floor":10,"turns":11},{"damage":27,"enemies":"Gremlin Nob","floor":12,"turns":3}],"seed_played":"4093862051955119900","potions_obtained":[{"floor":3,"key":"Poison Potion"},{"floor":8,"key":"FearPotion"}],"is_trial":false,"path_per_floor":["M","M","M","T","$","E","R","E","T","E","?","E"],"character_chosen":"DEFECT","items_purchased":["Go for the Eyes","Block Potion"],"campfire_rested":0,"item_purchase_floors":[5,5],"current_hp_per_floor":[59,57,54,54,54,27,27,31,31,27,27,0],"gold":126,"neow_bonus":"RANDOM_COMMON_RELIC","is_prod":false,"is_daily":false,"chose_seed":false,"campfire_upgraded":1,"win_rate":0,"timestamp":1553401837,"path_taken":["M","M","M","?","$","E","R","E","T","E","?","E"],"build_version":"2019-01-23","purchased_purges":1,"victory":false,"max_hp_per_floor":[71,71,71,71,71,71,71,71,71,71,71,71],"card_choices":[{"not_picked":["Redo","Hello World"],"picked":"Loop","floor":1},{"not_picked":["Compile Driver","Ball Lightning"],"picked":"Self Repair","floor":2},{"not_picked":["Compile Driver","Sweeping Beam"],"picked":"Auto Shields","floor":3},{"not_picked":["Doom and Gloom","Reprogram"],"picked":"Seek","floor":6},{"not_picked":["Turbo","Auto Shields"],"picked":"Chill","floor":8},{"not_picked":["Fusion","Steam"],"picked":"Conserve Battery","floor":10}],"player_experience":1379487,"relics_obtained":[{"floor":4,"key":"Smiling Mask"},{"floor":6,"key":"Bottled Lightning"},{"floor":8,"key":"Incense Burner"},{"floor":10,"key":"Matryoshka"}],"event_choices":[{"cards_removed":["Strike_B"],"damage_healed":0,"gold_gain":0,"player_choice":"Card Removal","damage_taken":0,"max_hp_gain":0,"max_hp_loss":0,"event_name":"The Cleric","floor":11,"gold_loss":50}],"is_beta":false,"boss_relics":[],"items_purged_floors":[5],"is_endless":false,"potions_floor_spawned":[3,8],"killed_by":"Gremlin Nob","ascension_level":14}