{"path_per_floor":["M","?","?","?","M","R","E","R","T","?","T","E","M","M","R","B",null,"M","?","$","M","M","M","$","?","T","R","?","M","R","M","R","B",null,"M","M","?","M"],"character_chosen":"IRONCLAD","items_purchased":["Matryoshka","Poison Potion"],"gold_per_floor":[117,117,117,117,136,136,172,172,172,172,172,203,227,245,245,371,371,371,371,56,56,56,56,4,4,4,4,4,4,4,4,4,4,4,4,4,4,4],"floor_reached":39,"campfire_rested":0,"playtime":977,"current_hp_per_floor":[80,80,60,44,50,50,56,56,56,56,56,58,64,66,66,27,80,80,80,80,78,69,61,61,56,56,56,56,56,56,47,47,28,56,47,37,37,36],"items_purged":["Defend_R"],"gold":4,"score":442,"play_id":"c59878d0-6478-40b7-9203-8c641437dfa9","local_time":"20180312224046","is_prod":false,"is_daily":false,"is_ascension_mode":false,"campfire_upgraded":6,"timestamp":1520908846,"path_taken":["M","?","?","?","?","R","E","R","T","?","?","E","?","M","R","BOSS","M","?","$","M","?","M","$","?","T","R","?","M","R","?","R","BOSS","M","M","?","M","M"],"build_version":"2018-03-09","purchased_purges":1,"victory":false,"master_deck":["Defend_R","Defend_R","Bash+1","Clash+1","Offering","Double Tap+1","Uppercut+1","Demon Form+1","Inflame+1","Clothesline+1","Sword Boomerang+1","Bite","Bite","Bite","Bite","Bite+1","Clash+1","Limit Break","Sever Soul+1"],"max_hp_per_floor":[80,80,80,80,80,80,80,80,80,80,80,80,80,80,80,80,80,80,80,80,80,80,80,80,56,56,56,56,56,56,56,56,56,56,56,56,56,56],"relics":["Burning Blood","NeowsBlessing","Golden Idol","Calipers","Frozen Eye","Unceasing Top","Sundial","Ectoplasm","Matryoshka","Whetstone","Ice Cream","Lizard Tail"],"card_choices":[{"not_picked":["Pummel","Sentinel"],"picked":"Clash"},{"not_picked":["Disarm","Hemokinesis"],"picked":"Clothesline"},{"not_picked":["Clothesline","Warcry"],"picked":"Double Tap"},{"not_picked":["Intimidate","Twin Strike"],"picked":"Uppercut"},{"not_picked":["Juggernaut","Dark Embrace"],"picked":"Demon Form"},{"not_picked":["Pommel Strike","Armaments"],"picked":"Inflame"},{"not_picked":["Power Through","Body Slam"],"picked":"Clothesline"},{"not_picked":["Evolve","Twin Strike"],"picked":"Sword Boomerang"},{"not_picked":["Perfected Strike","Clothesline"],"picked":"Clash"},{"not_picked":["Barricade","Immolate"],"picked":"Limit Break"},{"not_picked":["Cleave","Feel No Pain"],"picked":"Sever Soul"}],"player_experience":484435,"potions_floor_usage":[14,16,23,23,31,33,39],"damage_taken":[{"damage":0,"enemies":"Jaw Worm","floor":1,"turns":1},{"damage":0,"enemies":"Small Slimes","floor":5,"turns":1},{"damage":0,"enemies":"3 Sentries","floor":7,"turns":2},{"damage":4,"enemies":"Gremlin Nob","floor":12,"turns":2},{"damage":0,"enemies":"2 Louse","floor":13,"turns":1},{"damage":4,"enemies":"Blue Slaver","floor":14,"turns":1},{"damage":45,"enemies":"The Guardian","floor":16,"turns":6},{"damage":0,"enemies":"Spheric Guardian","floor":18,"turns":2},{"damage":8,"enemies":"Shell Parasite","floor":21,"turns":2},{"damage":15,"enemies":"Snecko","floor":22,"turns":3},{"damage":14,"enemies":"Centurion and Healer","floor":23,"turns":3},{"damage":12,"enemies":"Cultist and Chosen","floor":29,"turns":4},{"damage":17,"enemies":"Chosen and Byrds","floor":31,"turns":3},{"damage":44,"enemies":"Collector","floor":33,"turns":5},{"damage":15,"enemies":"Orb Walker","floor":35,"turns":2},{"damage":24,"enemies":"3 Shapes","floor":36,"turns":3},{"damage":42,"enemies":"3 Darklings","floor":38,"turns":4},{"damage":46,"enemies":"4 Shapes","floor":39,"turns":4}],"event_choices":[{"event_name":"Living Wall","player_choice":"Forget","floor":2,"damage_taken":0},{"event_name":"Golden Idol","player_choice":"Take Damage","floor":3,"damage_taken":0},{"event_name":"Shining Light","player_choice":"Entered Light","floor":4,"damage_taken":0},{"event_name":"Match and Keep!","player_choice":"1 cards matched","floor":10,"damage_taken":0},{"event_name":"Match and Keep!","player_choice":"0 cards matched","floor":19,"damage_taken":0},{"event_name":"Vampires","player_choice":"Became a vampire","floor":25,"damage_taken":0},{"event_name":"Golden Shrine","player_choice":"Skipped","floor":28,"damage_taken":0}],"boss_relics":[{"not_picked":["Tiny House","Runic Pyramid"],"picked":"Ectoplasm"},{"not_picked":["Calling Bell","Mark of Pain"],"picked":"Lizard Tail"}],"potions_floor_spawned":[1,12,16,21,23,33,38],"seed_played":"-3347721240479956745","killed_by":"4 Shapes","ascension_level":0,"is_trial":false}