{"path_per_floor":["M","$","M","?","?","R","E","M","T","R","M","?","M","$","R","B",null,"M","?","?","$","M","R","?","R","T","M","$","M","E","M","R"],"character_chosen":"IRONCLAD","items_purchased":["Burning Pact","Flash of Steel","Metallicize","Mercury Hourglass","Warcry"],"gold_per_floor":[113,38,54,54,54,54,89,103,154,154,170,420,441,203,203,324,324,344,344,344,68,87,87,87,87,87,110,85,106,142,160,160],"floor_reached":33,"campfire_rested":0,"playtime":1168,"current_hp_per_floor":[78,77,77,70,70,70,71,71,71,71,66,66,62,62,62,59,68,67,49,49,49,45,45,45,45,45,39,39,30,38,35,35],"items_purged":["Parasite","Regret"],"gold":160,"score":461,"play_id":"8745b14d-f014-44e7-86f6-4d750ef1b80c","local_time":"20180317194117","is_prod":false,"is_daily":false,"is_ascension_mode":true,"campfire_upgraded":6,"timestamp":1521330077,"path_taken":["M","$","M","?","?","R","E","?","T","R","M","?","M","$","R","BOSS","M","?","?","$","M","R","?","R","T","M","$","?","E","M","R","BOSS"],"build_version":"2018-03-15v3","purchased_purges":3,"victory":false,"master_deck":["Defend_R","Defend_R","Defend_R","Bash","Clash+1","Flame Barrier+1","Rampage+1","Bloodletting","Clash","Immolate","Burning Pact","Flash of Steel+1","Offering","Bite","Bite","Bite","Bite","Bite","Metallicize+1","Pommel Strike+1","Warcry","Armaments+1","Shrug It Off+1"],"max_hp_per_floor":[80,77,77,77,71,71,71,71,71,71,71,71,71,71,71,71,71,71,49,49,49,49,49,49,49,49,49,49,49,49,49,49],"relics":["Burning Blood","NeowsBlessing","Golden Idol","Bronze Scales","Lantern","Question Card","Vajra","Mercury Hourglass","Anchor","Champion Belt"],"card_choices":[{"not_picked":["Combust","Warcry"],"picked":"Clash"},{"not_picked":["Reckless Charge","Clothesline"],"picked":"Flame Barrier"},{"not_picked":["Warcry","Pommel Strike"],"picked":"Rampage"},{"not_picked":["Sever Soul","Wild Strike"],"picked":"Bloodletting"},{"not_picked":["Wild Strike","Rupture"],"picked":"Clash"},{"not_picked":["Rupture","Body Slam"],"picked":"Immolate"},{"not_picked":["Limit Break","Feed"],"picked":"Offering"},{"not_picked":["Iron Wave","Warcry","Ghostly Armor"],"picked":"Armaments"},{"not_picked":["Armaments","Entrench","Thunderclap"],"picked":"Shrug It Off"}],"player_experience":542012,"potions_floor_usage":[16,18,31,31,33,33],"damage_taken":[{"damage":0,"enemies":"Small Slimes","floor":1,"turns":1},{"damage":0,"enemies":"Jaw Worm","floor":3,"turns":1},{"damage":0,"enemies":"Gremlin Nob","floor":7,"turns":1},{"damage":1,"enemies":"Cultist","floor":8,"turns":4},{"damage":11,"enemies":"Exordium Thugs","floor":11,"turns":4},{"damage":10,"enemies":"Looter","floor":13,"turns":2},{"damage":9,"enemies":"Hexaghost","floor":16,"turns":7},{"damage":7,"enemies":"Shell Parasite","floor":18,"turns":3},{"damage":16,"enemies":"2 Thieves","floor":22,"turns":3},{"damage":18,"enemies":"Snecko","floor":27,"turns":4},{"damage":23,"enemies":"Sentry and Sphere","floor":29,"turns":4},{"damage":10,"enemies":"Gremlin Leader","floor":30,"turns":4},{"damage":11,"enemies":"Centurion and Healer","floor":31,"turns":3},{"damage":69,"enemies":"Collector","floor":33,"turns":7}],"event_choices":[{"event_name":"Golden Wing","player_choice":"Card Removal","floor":4,"damage_taken":0},{"event_name":"Golden Idol","player_choice":"Lose Max HP","floor":5,"damage_taken":0},{"event_name":"Golden Shrine","player_choice":"Desecrate","floor":12,"damage_taken":0},{"event_name":"Vampires","player_choice":"Became a vampire","floor":19,"damage_taken":0},{"event_name":"The Mausoleum","player_choice":"Yes","floor":20,"damage_taken":0},{"event_name":"The Library","player_choice":"Read","floor":24,"damage_taken":0}],"boss_relics":[{"not_picked":["Velvet Choker","Calling Bell"],"picked":"Question Card"}],"potions_floor_spawned":[7,11,13,27,30,31],"seed_played":"8761034878816330364","killed_by":"Collector","ascension_level":10,"is_trial":false}