{"gold_per_floor":[119,135,147,46,65,98,98,128,128,128,153,171,196,196,196,293,293,263,275,291,291,291,291,255,26,51,61,125,40,40,53,53,53],"floor_reached":33,"playtime":7485,"items_purged":["Strike_R"],"score":324,"play_id":"aaa89704-f610-4deb-907d-a092b5ce7de9","local_time":"20190510211149","is_ascension_mode":true,"campfire_choices":[{"data":"Armaments","floor":7,"key":"SMITH"},{"data":"Bash","floor":10,"key":"SMITH"},{"data":"True Grit","floor":15,"key":"SMITH"},{"data":"Armaments","floor":23,"key":"SMITH"},{"data":"Feel No Pain","floor":32,"key":"SMITH"}],"neow_cost":"NONE","seed_source_timestamp":755530433835840,"circlet_count":0,"master_deck":["Defend_R","Defend_R","Defend_R","Defend_R","Bash+1","Wild Strike","Shrug It Off","Clothesline","Armaments+1","Headbutt","Offering","True Grit+1","Pommel Strike","Body Slam","Feed","Power Through","Havoc","Armaments+1","Spot Weakness","True Grit+1","Bite","Bite","Bite","Bite","Bite","Battle Trance","Feel No Pain+1","Feed","Feel No Pain","Immolate","Spot Weakness+1"],"relics":["Burning Blood","Boot","Vajra","Champion Belt","Pantograph","Odd Mushroom","Darkstone Periapt","Orrery","Happy Flower","Tiny Chest","Oddly Smooth Stone"],"potions_floor_usage":[8,11,16,18,28,28,33,33],"damage_taken":[{"damage":1,"enemies":"Cultist","floor":1,"turns":3},{"damage":10,"enemies":"Small Slimes","floor":2,"turns":4},{"damage":3,"enemies":"Jaw Worm","floor":3,"turns":3},{"damage":9,"enemies":"Large Slime","floor":5,"turns":5},{"damage":41,"enemies":"Lagavulin","floor":6,"turns":9},{"damage":11,"enemies":"3 Sentries","floor":8,"turns":6},{"damage":16,"enemies":"The Mushroom Lair","floor":11,"turns":4},{"damage":0,"enemies":"Blue Slaver","floor":12,"turns":4},{"damage":16,"enemies":"Lagavulin","floor":13,"turns":8},{"damage":13,"enemies":"Hexaghost","floor":16,"turns":12},{"damage":10,"enemies":"2 Thieves","floor":18,"turns":5},{"damage":50,"enemies":"3 Byrds","floor":19,"turns":9},{"damage":2,"enemies":"Centurion and Healer","floor":20,"turns":10},{"damage":15,"enemies":"Cultist and Chosen","floor":27,"turns":8},{"damage":58,"enemies":"Gremlin Leader","floor":28,"turns":11},{"damage":12,"enemies":"3 Cultists","floor":31,"turns":5},{"damage":67,"enemies":"Collector","floor":33,"turns":9}],"seed_played":"3571608566602405813","potions_obtained":[{"floor":1,"key":"Ancient Potion"},{"floor":2,"key":"PowerPotion"},{"floor":5,"key":"Swift Potion"},{"floor":12,"key":"SpeedPotion"},{"floor":13,"key":"SkillPotion"},{"floor":20,"key":"EssenceOfSteel"},{"floor":28,"key":"Fire Potion"}],"is_trial":false,"path_per_floor":["M","M","M","$","M","E","R","E","T","R","?","M","E","?","R","B",null,"M","M","M","?","?","R","$","$","T","M","E","?","?","M","R","B"],"character_chosen":"IRONCLAD","items_purchased":["Armaments","Battle Trance","Feel No Pain","Feed","Fire Potion"],"campfire_rested":0,"item_purchase_floors":[4,24,25,25,25],"current_hp_per_floor":[80,76,79,79,76,41,41,36,36,36,26,32,22,22,22,40,80,76,36,43,43,43,43,43,43,43,56,27,27,27,32,32,0],"gold":53,"neow_bonus":"RANDOM_COMMON_RELIC","is_prod":false,"is_daily":false,"chose_seed":false,"campfire_upgraded":5,"win_rate":0,"timestamp":1557537109,"path_taken":["M","M","M","?","?","E","R","E","T","R","?","M","E","?","R","BOSS","M","M","M","?","?","R","?","$","T","M","E","?","?","M","R","BOSS"],"build_version":"2019-01-23","purchased_purges":1,"victory":false,"max_hp_per_floor":[80,80,80,80,80,80,80,80,80,80,80,80,80,80,80,80,80,80,84,87,87,60,60,60,60,60,60,60,60,60,63,63,63],"card_choices":[{"not_picked":["Intimidate","Hemokinesis"],"picked":"Wild Strike","floor":1},{"not_picked":["Thunderclap","Seeing Red"],"picked":"Shrug It Off","floor":2},{"not_picked":["Thunderclap","Sword Boomerang"],"picked":"Clothesline","floor":3},{"not_picked":["Wild Strike","Cleave"],"picked":"Headbutt","floor":5},{"not_picked":["Seeing Red","Headbutt"],"picked":"Offering","floor":6},{"not_picked":["Dark Embrace","Infernal Blade"],"picked":"True Grit","floor":8},{"not_picked":["Perfected Strike","Evolve"],"picked":"Pommel Strike","floor":12},{"not_picked":["Anger","Brutality"],"picked":"Body Slam","floor":13},{"not_picked":["Dark Embrace","Exhume"],"picked":"Feed","floor":16},{"not_picked":["Sword Boomerang","Combust"],"picked":"Power Through","floor":17},{"not_picked":["Armaments","Second Wind"],"picked":"Havoc","floor":17},{"not_picked":["Sword Boomerang","Perfected Strike"],"picked":"Armaments","floor":17},{"not_picked":["Clothesline","Dual Wield"],"picked":"Spot Weakness","floor":18},{"not_picked":["Iron Wave","Burning Pact+1"],"picked":"True Grit+1","floor":19},{"not_picked":["Headbutt","Reckless Charge","Cleave+1"],"picked":"SKIP","floor":20},{"not_picked":["Clothesline","Power Through"],"picked":"Feel No Pain","floor":27},{"not_picked":["Sword Boomerang","Wild Strike"],"picked":"Immolate","floor":28},{"not_picked":["Perfected Strike","Warcry+1"],"picked":"Spot Weakness+1","floor":31}],"player_experience":174337,"relics_obtained":[{"floor":6,"key":"Vajra"},{"floor":8,"key":"Champion Belt"},{"floor":9,"key":"Pantograph"},{"floor":11,"key":"Odd Mushroom"},{"floor":13,"key":"Darkstone Periapt"},{"floor":26,"key":"Happy Flower"},{"floor":28,"key":"Tiny Chest"}],"event_choices":[{"damage_healed":0,"gold_gain":0,"player_choice":"Fought Mushrooms","damage_taken":0,"max_hp_gain":0,"max_hp_loss":0,"event_name":"Mushrooms","floor":11,"gold_loss":0},{"damage_healed":0,"gold_gain":0,"player_choice":"Ignored","damage_taken":0,"max_hp_gain":0,"max_hp_loss":0,"event_name":"Liars Game","floor":14,"gold_loss":0},{"damage_healed":0,"gold_gain":0,"player_choice":"Ignored","damage_taken":0,"max_hp_gain":0,"max_hp_loss":0,"event_name":"Ghosts","floor":21,"gold_loss":0},{"damage_healed":0,"gold_gain":0,"player_choice":"Became a vampire","damage_taken":0,"max_hp_gain":0,"max_hp_loss":27,"event_name":"Vampires","floor":22,"gold_loss":0,"cards_obtained":["Bite","Bite","Bite","Bite","Bite"]},{"damage_healed":0,"gold_gain":0,"player_choice":"Obtained Relic","damage_taken":0,"relics_obtained":["Oddly Smooth Stone"],"max_hp_gain":0,"max_hp_loss":0,"event_name":"Addict","floor":29,"gold_loss":85},{"damage_healed":0,"gold_gain":0,"player_choice":"0 cards matched","damage_taken":0,"max_hp_gain":0,"max_hp_loss":0,"event_name":"Match and Keep!","floor":30,"gold_loss":0,"cards_obtained":[]}],"is_beta":false,"boss_relics":[{"not_picked":["Mark of Pain","Calling Bell"],"picked":"Orrery"}],"items_purged_floors":[4],"is_endless":false,"potions_floor_spawned":[1,2,5,12,13,20,28],"killed_by":"Collector","ascension_level":1}