{"gold_per_floor":[116,135,135,11,23,23,39,67,67,67,82,82,117,130,130,205,205,217,217,54,66,85,85,85,115,115,60,74,74,24,49,49,124,124,141,141,141,40,40,65,65,100,125,20,38,38,365,365,365,365,365],"floor_reached":51,"playtime":3213,"items_purged":["Strike_R","Strike_R","Strike_R"],"score":1608,"play_id":"19fc27e1-43a6-4485-b3d4-16e0df79e210","local_time":"20190503143115","is_ascension_mode":true,"campfire_choices":[{"data":"Armaments","floor":6.0,"key":"SMITH"},{"data":"Flash of Steel","floor":10.0,"key":"SMITH"},{"data":"True Grit","floor":12.0,"key":"SMITH"},{"data":"Juggernaut","floor":15.0,"key":"SMITH"},{"data":"Fiend Fire","floor":23.0,"key":"SMITH"},{"floor":32.0,"key":"REST"},{"data":"Clothesline","floor":41.0,"key":"SMITH"},{"floor":46.0,"key":"RECALL"},{"data":"Shrug It Off","floor":49.0,"key":"SMITH"}],"neow_cost":"TEN_PERCENT_HP_LOSS","seed_source_timestamp":0,"circlet_count":0,"master_deck":["AscendersBane","Defend_R","Defend_R","Defend_R","Defend_R+1","Bash+1","Headbutt","Armaments+1","Flash of Steel+1","Anger","Battle Trance+1","Juggernaut+1","True Grit+1","Clothesline+1","Fiend Fire+1","Feed","Necronomicurse","Shrug It Off+1","Sword Boomerang+1","Ghostly","Ghostly","Ghostly","Corruption+1","Feed","Shrug It Off+1","Sword Boomerang+1","True Grit+1"],"special_seed":0,"relics":["Burning Blood","Ginger","War Paint","Mummified Hand","Shuriken","Black Star","Darkstone Periapt","Anchor","Necronomicon","Juzu Bracelet","Bag of Preparation","FossilizedHelix","Smiling Mask","Mango","Lantern","Busted Crown","Unceasing Top","Molten Egg 2","Gremlin Horn","Oddly Smooth Stone","StoneCalendar","Old Coin"],"potions_floor_usage":[],"damage_taken":[{"damage":0.0,"enemies":"2 Louse","floor":1.0,"turns":4.0},{"damage":6.0,"enemies":"Cultist","floor":2.0,"turns":3.0},{"damage":0.0,"enemies":"Jaw Worm","floor":5.0,"turns":3.0},{"damage":6.0,"enemies":"Looter","floor":7.0,"turns":3.0},{"damage":42.0,"enemies":"Gremlin Nob","floor":8.0,"turns":4.0},{"damage":7.0,"enemies":"Gremlin Gang","floor":11.0,"turns":3.0},{"damage":13.0,"enemies":"Lagavulin","floor":13.0,"turns":6.0},{"damage":6.0,"enemies":"Exordium Thugs","floor":14.0,"turns":3.0},{"damage":4.0,"enemies":"The Guardian","floor":16.0,"turns":10.0},{"damage":14.0,"enemies":"2 Thieves","floor":18.0,"turns":4.0},{"damage":13.0,"enemies":"Chosen","floor":21.0,"turns":4.0},{"damage":16.0,"enemies":"Snake Plant","floor":22.0,"turns":4.0},{"damage":21.0,"enemies":"Gremlin Leader","floor":25.0,"turns":4.0},{"damage":0.0,"enemies":"Chosen and Byrds","floor":28.0,"turns":5.0},{"damage":15.0,"enemies":"Book of Stabbing","floor":31.0,"turns":6.0},{"damage":25.0,"enemies":"Automaton","floor":33.0,"turns":10.0},{"damage":0.0,"enemies":"Orb Walker","floor":35.0,"turns":4.0},{"damage":0.0,"enemies":"Reptomancer","floor":40.0,"turns":3.0},{"damage":0.0,"enemies":"Nemesis","floor":42.0,"turns":7.0},{"damage":0.0,"enemies":"3 Darklings","floor":45.0,"turns":6.0},{"damage":0.0,"enemies":"Reptomancer","floor":47.0,"turns":5.0},{"damage":2.0,"enemies":"Time Eater","floor":50.0,"turns":8.0},{"damage":68,"enemies":"Donu and Deca","floor":51,"turns":7}],"seed_played":"-2574670282139701033","potions_obtained":[{"floor":5.0,"key":"Strength Potion"},{"floor":14.0,"key":"SteroidPotion"},{"floor":16.0,"key":"BloodPotion"},{"floor":18.0,"key":"PowerPotion"},{"floor":28.0,"key":"BloodPotion"},{"floor":31.0,"key":"GamblersBrew"},{"floor":40.0,"key":"EssenceOfSteel"},{"floor":47.0,"key":"AttackPotion"}],"is_trial":false,"path_per_floor":["M","M","?","$","M","R","M","E","T","R","M","R","E","M","R","B",null,"M","T","$","M","M","R","?","E","T","?","M","?","$","E","R","B",null,"M","?","?","$","?","E","R","E","T","$","M","R","E","?","R","B","B"],"character_chosen":"IRONCLAD","items_purchased":["Flash of Steel","Anger","Anchor","Shrug It Off","Swift Potion"],"campfire_rested":1,"item_purchase_floors":[4,4,20,38,44],"current_hp_per_floor":[68,68,68,68,68,68,68,32,32,32,31,31,24,24,24,26,58,53,53,53,49,39,39,24,9,9,9,19,19,19,28,44,25,48,57,57,57,57,57,59,59,59,59,59,62,62,62,62,62,62,0],"gold":365,"neow_bonus":"ONE_RARE_RELIC","is_prod":false,"is_daily":false,"chose_seed":false,"campfire_upgraded":7,"win_rate":0,"timestamp":1556908275,"path_taken":["M","M","?","$","M","R","?","E","T","R","M","R","E","M","R","BOSS","M","?","$","M","?","R","?","E","T","?","M","?","$","E","R","BOSS","M","?","?","$","?","E","R","E","T","$","M","R","E","?","R","BOSS","BOSS"],"build_version":"2019-01-23","purchased_purges":3,"victory":false,"max_hp_per_floor":[68,68,68,68,68,68,68,68,68,68,68,68,68,68,68,68,68,71,71,71,74,74,74,80,80,80,80,84,42,42,56,56,56,56,59,59,59,59,59,59,59,59,59,59,62,62,62,62,62,62,62],"card_choices":[{"not_picked":["Heavy Blade","Infernal Blade"],"picked":"Headbutt","floor":1.0},{"not_picked":["Heavy Blade","Fire Breathing"],"picked":"Armaments","floor":2.0},{"not_picked":["Clothesline","Clash"],"picked":"Battle Trance","floor":5.0},{"not_picked":["Hemokinesis","Blood for Blood"],"picked":"Juggernaut","floor":7.0},{"not_picked":["Combust","Hemokinesis"],"picked":"True Grit","floor":8.0},{"not_picked":["Intimidate","Havoc"],"picked":"Clothesline","floor":11.0},{"not_picked":["Cleave","Carnage"],"picked":"Fiend Fire","floor":13.0},{"not_picked":["Perfected Strike","Twin Strike","True Grit"],"picked":"SKIP","floor":14.0},{"not_picked":["Bludgeon","Brutality"],"picked":"Feed","floor":16.0},{"not_picked":["Infernal Blade","Wild Strike","Heavy Blade"],"picked":"SKIP","floor":18.0},{"not_picked":["Headbutt","Sword Boomerang","Pommel Strike"],"picked":"SKIP","floor":21.0},{"not_picked":["Twin Strike","Heavy Blade","Wild Strike"],"picked":"SKIP","floor":22.0},{"not_picked":["Metallicize","Sentinel"],"picked":"Shrug It Off+1","floor":25.0},{"not_picked":["Bloodletting","Disarm"],"picked":"Sword Boomerang+1","floor":28.0},{"not_picked":["Hemokinesis","Dropkick"],"picked":"Corruption+1","floor":31.0},{"not_picked":["Berserk","Barricade"],"picked":"Feed","floor":33.0},{"not_picked":["Cleave+1"],"picked":"SKIP","floor":35.0},{"not_picked":["Sword Boomerang"],"picked":"SKIP","floor":40.0},{"not_picked":[],"picked":"Sword Boomerang+1","floor":42.0},{"not_picked":["Hemokinesis+1"],"picked":"SKIP","floor":45.0},{"not_picked":[],"picked":"True Grit+1","floor":47.0}],"player_experience":2306852,"relics_obtained":[{"floor":8.0,"key":"War Paint"},{"floor":9.0,"key":"Mummified Hand"},{"floor":13.0,"key":"Shuriken"},{"floor":19.0,"key":"Darkstone Periapt"},{"floor":24.0,"key":"Necronomicon"},{"floor":25.0,"key":"Juzu Bracelet"},{"floor":25.0,"key":"Bag of Preparation"},{"floor":26.0,"key":"FossilizedHelix"},{"floor":31.0,"key":"Mango"},{"floor":31.0,"key":"Lantern"},{"floor":40.0,"key":"Unceasing Top"},{"floor":40.0,"key":"Molten Egg 2"},{"floor":42.0,"key":"Gremlin Horn"},{"floor":42.0,"key":"Oddly Smooth Stone"},{"floor":47.0,"key":"StoneCalendar"},{"floor":47.0,"key":"Old Coin"}],"event_choices":[{"damage_healed":0.0,"max_hp_gain":0.0,"max_hp_loss":0.0,"gold_gain":0.0,"event_name":"Upgrade Shrine","player_choice":"Upgraded","floor":3.0,"gold_loss":0.0,"damage_taken":0.0,"cards_upgraded":["Bash"]},{"damage_healed":0.0,"max_hp_gain":0.0,"max_hp_loss":0.0,"gold_gain":0.0,"event_name":"Cursed Tome","player_choice":"Obtained Book","floor":24.0,"gold_loss":0.0,"damage_taken":21.0},{"damage_healed":0.0,"max_hp_gain":0.0,"max_hp_loss":0.0,"gold_gain":0.0,"event_name":"WeMeetAgain","player_choice":"Paid Gold","floor":27.0,"gold_loss":55.0,"damage_taken":0.0,"relics_obtained":["Smiling Mask"]},{"damage_healed":0.0,"max_hp_gain":0.0,"max_hp_loss":42.0,"gold_gain":0.0,"event_name":"Ghosts","player_choice":"Became a Ghost","floor":29.0,"gold_loss":0.0,"damage_taken":0.0,"cards_obtained":["Ghostly","Ghostly","Ghostly"]},{"cards_removed":["Strike_R"],"damage_healed":0.0,"max_hp_gain":0.0,"max_hp_loss":0.0,"gold_gain":0.0,"event_name":"Falling","player_choice":"Removed Attack","floor":36.0,"gold_loss":0.0,"damage_taken":0.0},{"cards_removed":["Strike_R"],"damage_healed":0.0,"max_hp_gain":0.0,"max_hp_loss":0.0,"gold_gain":0.0,"event_name":"Wheel of Change","player_choice":"Card Removal","floor":37.0,"gold_loss":0.0,"damage_taken":0.0},{"damage_healed":0.0,"max_hp_gain":0.0,"max_hp_loss":0.0,"gold_gain":0.0,"event_name":"SensoryStone","player_choice":"Memory 1","floor":39.0,"gold_loss":0.0,"damage_taken":0.0},{"damage_healed":0.0,"max_hp_gain":0.0,"max_hp_loss":0.0,"gold_gain":0.0,"event_name":"SecretPortal","player_choice":"Ignored","floor":48.0,"gold_loss":0.0,"damage_taken":0.0}],"is_beta":false,"boss_relics":[{"not_picked":["Runic Pyramid","White Beast Statue"],"picked":"Black Star"},{"not_picked":["Eternal Feather","Runic Cube"],"picked":"Busted Crown"}],"items_purged_floors":[30,38,44],"is_endless":false,"potions_floor_spawned":[5,14,16,18,21,22,28,31,40,47],"killed_by":"Donu and Deca","ascension_level":20}