{"gold_per_floor":[118,138,138,155,79,109,109,144,144,158,158,178,210,226,226,302,302,317,317,329,329,347,347,672,672,672,9,9,29,29,60,60,134,134,146,224,242,1,17,17,46,46,46,46,46,64,74,74,74,74],"floor_reached":50,"playtime":2704,"items_purged":["Regret"],"score":1135,"play_id":"d6e38b19-390d-4384-a79b-bc85cbfb8215","local_time":"20190426044817","is_ascension_mode":true,"campfire_choices":[{"data":"A Thousand Cuts","floor":7,"key":"SMITH"},{"floor":11,"key":"REST"},{"data":"Noxious Fumes","floor":15,"key":"SMITH"},{"data":"Burst","floor":23,"key":"SMITH"},{"data":"After Image","floor":25,"key":"SMITH"},{"floor":28,"key":"REST"},{"data":"Wraith Form v2","floor":32,"key":"SMITH"},{"floor":40,"key":"REST"},{"floor":42,"key":"RECALL"},{"data":"Caltrops","floor":44,"key":"SMITH"},{"floor":49,"key":"REST"}],"neow_cost":"NONE","seed_source_timestamp":295955351010974,"circlet_count":0,"master_deck":["AscendersBane","Defend_G","Defend_G+1","Defend_G","Defend_G","Defend_G","Strike_G","Strike_G","Strike_G","Strike_G","Survivor","Neutralize","Dagger Spray","Slice","Neutralize","A Thousand Cuts+1","Blade Dance+1","Caltrops+1","After Image+1","Escape Plan","Noxious Fumes+1","Wraith Form v2+1","Dash","Burst+1","Footwork+1","Calculated Gamble+1","Choke+1","Backflip","Acrobatics","Corpse Explosion","Dodge and Roll","Decay","Well Laid Plans+1","PiercingWail+1","Doubt","Flying Knee","Prepared+1","Secret Weapon+1"],"relics":["Ring of the Snake","The Courier","War Paint","Pear","Blood Vial","Cursed Key","Old Coin","Potion Belt","Snake Skull","Singing Bowl","Vajra","Frozen Egg 2","Busted Crown","OrangePellets","Toxic Egg 2","Shuriken"],"potions_floor_usage":[2,6,6,6,8,16,16,20,29,31,31,33,33,39,41,50],"damage_taken":[{"damage":0,"enemies":"Small Slimes","floor":1,"turns":5},{"damage":0,"enemies":"Cultist","floor":2,"turns":4},{"damage":5,"enemies":"2 Louse","floor":4,"turns":4},{"damage":23,"enemies":"Lagavulin","floor":6,"turns":8},{"damage":43,"enemies":"Gremlin Nob","floor":8,"turns":5},{"damage":0,"enemies":"2 Fungi Beasts","floor":10,"turns":4},{"damage":13,"enemies":"Red Slaver","floor":12,"turns":4},{"damage":4,"enemies":"3 Sentries","floor":13,"turns":4},{"damage":9,"enemies":"Large Slime","floor":14,"turns":4},{"damage":8,"enemies":"Slime Boss","floor":16,"turns":7},{"damage":9,"enemies":"2 Thieves","floor":18,"turns":4},{"damage":10,"enemies":"Chosen","floor":20,"turns":6},{"damage":4,"enemies":"3 Cultists","floor":22,"turns":4},{"damage":35,"enemies":"Gremlin Leader","floor":24,"turns":7},{"damage":1,"enemies":"Centurion and Healer","floor":29,"turns":6},{"damage":5,"enemies":"Book of Stabbing","floor":31,"turns":6},{"damage":6,"enemies":"Automaton","floor":33,"turns":10},{"damage":2,"enemies":"Orb Walker","floor":35,"turns":4},{"damage":27,"enemies":"3 Darklings","floor":37,"turns":4},{"damage":20,"enemies":"Transient","floor":39,"turns":6},{"damage":27,"enemies":"Giant Head","floor":41,"turns":9},{"damage":35,"enemies":"Jaw Worm Horde","floor":46,"turns":4},{"damage":4,"enemies":"Spire Growth","floor":47,"turns":6},{"damage":41,"enemies":"Awakened One","floor":50,"turns":3}],"seed_played":"-4638211773582226725","potions_obtained":[{"floor":0,"key":"EntropicBrew"},{"floor":0,"key":"EssenceOfSteel"},{"floor":2,"key":"Strength Potion"},{"floor":13,"key":"Regen Potion"},{"floor":14,"key":"AttackPotion"},{"floor":18,"key":"Regen Potion"},{"floor":20,"key":"Weak Potion"},{"floor":24,"key":"EssenceOfSteel"},{"floor":30,"key":"Dexterity Potion"},{"floor":31,"key":"Regen Potion"},{"floor":39,"key":"Poison Potion"},{"floor":47,"key":"Explosive Potion"}],"is_trial":false,"path_per_floor":["M","M","?","M","$","E","R","E","T","M","R","M","E","M","R","B",null,"M","?","M","?","M","R","E","R","T","$","R","M","?","E","R","B",null,"M","T","M","$","M","R","E","R","T","R","?","M","M","?","R","B"],"character_chosen":"THE_SILENT","items_purchased":["Caltrops","Snake Skull","Singing Bowl","Vajra","Regen Potion","Block Potion","Backflip","OrangePellets","Well Laid Plans+1"],"campfire_rested":4,"item_purchase_floors":[5,27,27,27,27,27,27,38,38],"current_hp_per_floor":[59,59,59,54,54,46,46,3,13,13,35,22,18,11,11,20,62,55,33,40,56,54,54,21,21,21,21,45,46,46,60,60,71,80,80,80,57,57,41,67,42,42,42,42,42,9,9,9,35,0],"gold":74,"neow_bonus":"THREE_SMALL_POTIONS","is_prod":false,"is_daily":false,"chose_seed":false,"campfire_upgraded":6,"win_rate":0,"timestamp":1556268497,"path_taken":["M","M","?","M","$","E","R","E","T","M","R","M","E","M","R","BOSS","M","?","M","?","M","R","E","R","T","$","R","M","?","E","R","BOSS","M","?","M","$","M","R","E","R","T","R","?","?","M","?","R","BOSS"],"build_version":"2019-01-23","purchased_purges":1,"victory":false,"max_hp_per_floor":[66,66,66,66,66,66,66,66,76,76,76,76,76,76,76,76,76,76,81,81,81,81,81,81,81,81,81,81,81,81,83,83,83,83,83,83,85,85,87,87,87,87,87,87,87,87,89,89,89,89],"card_choices":[{"not_picked":["Deflect","Flying Knee"],"picked":"Dagger Spray","floor":1},{"not_picked":["Outmaneuver","Setup"],"picked":"Slice","floor":2},{"not_picked":["Bane","Deadly Poison"],"picked":"Blade Dance","floor":4},{"not_picked":["Bane","Expertise"],"picked":"After Image","floor":6},{"not_picked":["Predator","Quick Slash","Expertise"],"picked":"SKIP","floor":8},{"not_picked":["Riddle With Holes","Acrobatics"],"picked":"Escape Plan","floor":10},{"not_picked":["Dagger Spray","Prepared"],"picked":"Noxious Fumes","floor":12},{"not_picked":["Acrobatics","Sucker Punch"],"picked":"Wraith Form v2","floor":13},{"not_picked":["Accuracy","Riddle With Holes"],"picked":"Dash","floor":14},{"not_picked":["Bullet Time","Wraith Form v2"],"picked":"Burst","floor":16},{"not_picked":["Underhanded Strike","Bouncing Flask"],"picked":"Footwork+1","floor":18},{"not_picked":["Caltrops","Reflex"],"picked":"Calculated Gamble+1","floor":20},{"not_picked":["Sucker Punch","Calculated Gamble","Deadly Poison"],"picked":"SKIP","floor":22},{"not_picked":["Setup+1","Distraction"],"picked":"Choke+1","floor":24},{"not_picked":["Slice","Backstab"],"picked":"Acrobatics","floor":29},{"not_picked":["Deadly Poison","Skewer","Flying Knee"],"picked":"Singing Bowl","floor":31},{"not_picked":["Tools of the Trade+1","Glass Knife"],"picked":"Corpse Explosion","floor":33},{"not_picked":[],"picked":"Dodge and Roll","floor":35},{"not_picked":["Dagger Throw"],"picked":"Singing Bowl","floor":37},{"not_picked":["Distraction+1"],"picked":"Singing Bowl","floor":39},{"not_picked":[],"picked":"PiercingWail","floor":41},{"not_picked":[],"picked":"Prepared+1","floor":46},{"not_picked":["Heel Hook"],"picked":"Singing Bowl","floor":47},{"not_picked":[],"picked":"Secret Weapon+1","floor":48}],"player_experience":1944845,"relics_obtained":[{"floor":6,"key":"The Courier"},{"floor":8,"key":"War Paint"},{"floor":9,"key":"Pear"},{"floor":13,"key":"Blood Vial"},{"floor":24,"key":"Old Coin"},{"floor":26,"key":"Potion Belt"},{"floor":31,"key":"Frozen Egg 2"},{"floor":41,"key":"Toxic Egg 2"},{"floor":43,"key":"Shuriken"}],"event_choices":[{"damage_healed":0,"gold_gain":0,"player_choice":"2 cards matched","damage_taken":0,"max_hp_gain":0,"max_hp_loss":0,"event_name":"Match and Keep!","floor":3,"gold_loss":0,"cards_obtained":["Neutralize","A Thousand Cuts"]},{"damage_healed":0,"gold_gain":0,"player_choice":"Shed Blood","damage_taken":27,"max_hp_gain":5,"max_hp_loss":0,"event_name":"Forgotten Altar","floor":19,"gold_loss":0},{"damage_healed":16,"gold_gain":0,"player_choice":"Heal","damage_taken":0,"max_hp_gain":0,"max_hp_loss":0,"event_name":"The Library","floor":21,"gold_loss":0},{"damage_healed":0,"gold_gain":0,"player_choice":"Got Potions","damage_taken":0,"max_hp_gain":0,"max_hp_loss":0,"event_name":"Lab","floor":30,"gold_loss":0},{"damage_healed":0,"gold_gain":0,"cards_transformed":["Strike_G"],"player_choice":"Transformed","damage_taken":0,"max_hp_gain":0,"max_hp_loss":0,"event_name":"Transmorgrifier","floor":45,"gold_loss":0,"cards_obtained":["Flying Knee"]},{"damage_healed":0,"gold_gain":0,"player_choice":"Memory 1","damage_taken":0,"max_hp_gain":0,"max_hp_loss":0,"event_name":"SensoryStone","floor":48,"gold_loss":0}],"is_beta":false,"boss_relics":[{"not_picked":["Calling Bell","Ectoplasm"],"picked":"Cursed Key"},{"not_picked":["Coffee Dripper","Fusion Hammer"],"picked":"Busted Crown"}],"items_purged_floors":[27],"is_endless":false,"potions_floor_spawned":[2,4,13,14,18,20,24,31,39,47],"killed_by":"Awakened One","ascension_level":20}