{"gold_per_floor":[213,225,325,342,6,6,40,51,51,25,39,64,74,74,74,151,151,162,162,177,177,92,92,126,176,203,203,217,230,246,277,277,354,354,369,382,382,382,393,393],"floor_reached":40,"playtime":2165,"items_purged":[],"score":901,"play_id":"e8e6f027-3495-49a6-9ee7-371692699d5c","local_time":"20190403041936","is_ascension_mode":true,"campfire_choices":[{"data":"Barrage","floor":6,"key":"SMITH"},{"data":"Zap","floor":15,"key":"SMITH"},{"floor":23,"key":"REST"},{"floor":27,"key":"REST"},{"floor":32,"key":"REST"}],"neow_cost":"NONE","seed_source_timestamp":149890027155656,"circlet_count":0,"master_deck":["AscendersBane","Defend_B+1","Defend_B+1","Defend_B+1","Defend_B+1","Zap+1","Dualcast+1","Coolheaded+1","Barrage+1","Undo+1","Seek+1","Hologram+1","Ball Lightning+1","FTL+1","Echo Form+1","Consume+1","Bite+1","Bite+1","Bite+1","Bite+1","Bite+1","Cold Snap+1","BootSequence+1","Amplify+1","Turbo+1","Glacier+1","Writhe","Loop+1"],"relics":["FrozenCore","PreservedInsect","Vajra","Blue Candle","Kunai","Dodecahedron","Runic Dome","Ancient Tea Set","Blood Vial","Regal Pillow","Bronze Scales","Mark of the Bloom"],"potions_floor_usage":[7,8,12,16,18,31,31,35],"damage_taken":[{"damage":10,"enemies":"Small Slimes","floor":1,"turns":3},{"damage":0,"enemies":"Cultist","floor":2,"turns":3},{"damage":3,"enemies":"2 Louse","floor":4,"turns":2},{"damage":1,"enemies":"Gremlin Nob","floor":7,"turns":3},{"damage":11,"enemies":"Blue Slaver","floor":8,"turns":4},{"damage":1,"enemies":"Looter","floor":11,"turns":5},{"damage":7,"enemies":"3 Sentries","floor":12,"turns":4},{"damage":6,"enemies":"Lots of Slimes","floor":13,"turns":3},{"damage":13,"enemies":"Slime Boss","floor":16,"turns":8},{"damage":5,"enemies":"3 Byrds","floor":18,"turns":4},{"damage":22,"enemies":"2 Thieves","floor":20,"turns":4},{"damage":19,"enemies":"Book of Stabbing","floor":24,"turns":4},{"damage":12,"enemies":"Centurion and Healer","floor":28,"turns":5},{"damage":18,"enemies":"Chosen and Byrds","floor":29,"turns":7},{"damage":18,"enemies":"Snake Plant","floor":30,"turns":5},{"damage":31,"enemies":"Gremlin Leader","floor":31,"turns":6},{"damage":65,"enemies":"Automaton","floor":33,"turns":12},{"damage":45,"enemies":"3 Darklings","floor":35,"turns":6},{"damage":8,"enemies":"Orb Walker","floor":36,"turns":5},{"damage":20,"enemies":"Jaw Worm Horde","floor":39,"turns":6},{"damage":38,"enemies":"Reptomancer","floor":40,"turns":2}],"seed_played":"-990939294034826430","potions_obtained":[{"floor":1,"key":"Fire Potion"},{"floor":7,"key":"GamblersBrew"},{"floor":8,"key":"PowerPotion"},{"floor":11,"key":"Swift Potion"},{"floor":12,"key":"Ancient Potion"},{"floor":16,"key":"SkillPotion"},{"floor":20,"key":"SteroidPotion"},{"floor":33,"key":"Block Potion"}],"is_trial":false,"path_per_floor":["M","M","?","M","$","R","E","M","T","$","M","E","M","?","R","B",null,"M","?","M","?","?","R","E","?","T","R","M","M","M","E","R","B",null,"M","M","?","?","M","E"],"character_chosen":"DEFECT","items_purchased":["PreservedInsect","Vajra","Hologram"],"campfire_rested":3,"item_purchase_floors":[5,5,10],"current_hp_per_floor":[54,54,54,51,51,51,50,39,39,39,38,31,25,30,30,17,61,56,53,39,25,25,42,35,30,30,58,52,54,50,37,58,24,50,25,31,43,43,23,0],"gold":393,"neow_bonus":"HUNDRED_GOLD","is_prod":false,"is_daily":false,"chose_seed":false,"campfire_upgraded":2,"win_rate":0,"timestamp":1554279576,"path_taken":["M","M","?","?","$","R","E","M","T","?","M","E","?","?","R","BOSS","M","?","M","?","?","R","E","?","T","R","M","M","M","E","R","BOSS","M","?","?","?","M","E"],"build_version":"2019-01-23","purchased_purges":0,"victory":false,"max_hp_per_floor":[71,71,71,71,71,71,71,71,71,71,71,71,71,76,76,76,76,76,53,53,58,58,58,58,58,58,58,58,58,58,58,58,58,58,58,58,58,58,58,58],"card_choices":[{"not_picked":["Hello World","Streamline"],"picked":"Coolheaded","floor":1},{"not_picked":["Rebound","Gash"],"picked":"Barrage","floor":2},{"not_picked":["Turbo","Skim"],"picked":"Undo","floor":4},{"not_picked":["Redo","Sweeping Beam"],"picked":"Seek","floor":7},{"not_picked":["Leap","Chaos","Undo"],"picked":"SKIP","floor":8},{"not_picked":["Beam Cell","Coolheaded"],"picked":"Ball Lightning","floor":11},{"not_picked":["Hologram","Sweeping Beam"],"picked":"FTL","floor":12},{"not_picked":["Storm","Redo","Steam Power"],"picked":"SKIP","floor":13},{"not_picked":["Biased Cognition","Amplify"],"picked":"Echo Form","floor":16},{"not_picked":["Auto Shields+1","Leap"],"picked":"Consume","floor":18},{"not_picked":["Turbo","Barrage"],"picked":"Cold Snap","floor":20},{"not_picked":["Steam Power","Redo+1"],"picked":"BootSequence","floor":24},{"not_picked":["Conserve Battery","Scrape+1","Hologram"],"picked":"SKIP","floor":28},{"not_picked":["FTL","Fusion","Scrape"],"picked":"SKIP","floor":29},{"not_picked":["Turbo","FTL","Sweeping Beam"],"picked":"SKIP","floor":30},{"not_picked":["Aggregate","Reprogram+1","Redo"],"picked":"SKIP","floor":31},{"not_picked":["Electrodynamics","Core Surge"],"picked":"Amplify","floor":33},{"not_picked":["Double Energy","Beam Cell+1"],"picked":"Turbo+1","floor":35},{"not_picked":["Turbo","Steam Power"],"picked":"Glacier","floor":36},{"not_picked":["Redo+1","Ball Lightning"],"picked":"Loop+1","floor":39}],"player_experience":1556061,"relics_obtained":[{"floor":7,"key":"Blue Candle"},{"floor":9,"key":"Kunai"},{"floor":12,"key":"Dodecahedron"},{"floor":24,"key":"Blood Vial"},{"floor":26,"key":"Regal Pillow"},{"floor":31,"key":"Bronze Scales"}],"event_choices":[{"damage_healed":0,"gold_gain":100,"player_choice":"Gold","damage_taken":0,"max_hp_gain":0,"max_hp_loss":0,"event_name":"Wheel of Change","floor":3,"gold_loss":0},{"damage_healed":0,"gold_gain":0,"player_choice":"Donut","damage_taken":0,"max_hp_gain":5,"max_hp_loss":0,"event_name":"Big Fish","floor":14,"gold_loss":0},{"damage_healed":0,"gold_gain":0,"player_choice":"Became a vampire","damage_taken":0,"max_hp_gain":0,"max_hp_loss":23,"event_name":"Vampires","floor":19,"gold_loss":0,"cards_obtained":["Bite","Bite","Bite","Bite","Bite"]},{"damage_healed":0,"gold_gain":0,"player_choice":"Shed Blood","damage_taken":19,"max_hp_gain":5,"max_hp_loss":0,"event_name":"Forgotten Altar","floor":21,"gold_loss":0},{"damage_healed":0,"gold_gain":0,"player_choice":"Obtained Relic","damage_taken":0,"relics_obtained":["Ancient Tea Set"],"max_hp_gain":0,"max_hp_loss":0,"event_name":"Addict","floor":22,"gold_loss":85},{"damage_healed":0,"gold_gain":50,"player_choice":"Touch","damage_taken":5,"max_hp_gain":0,"max_hp_loss":0,"event_name":"FaceTrader","floor":25,"gold_loss":0},{"damage_healed":12,"gold_gain":0,"player_choice":"Writhe","damage_taken":0,"max_hp_gain":0,"max_hp_loss":0,"event_name":"Winding Halls","floor":37,"gold_loss":0,"cards_obtained":["Writhe"]},{"damage_healed":0,"gold_gain":0,"player_choice":"Upgrade","damage_taken":0,"relics_obtained":["Mark of the Bloom"],"max_hp_gain":0,"max_hp_loss":0,"event_name":"MindBloom","floor":38,"gold_loss":0,"cards_upgraded":["Defend_B","Defend_B","Defend_B","Defend_B","Dualcast","Coolheaded","Undo","Seek","Hologram","Ball Lightning","FTL","Echo Form","Consume","Bite","Bite","Bite","Bite","Bite","Cold Snap","BootSequence","Amplify","Glacier"]}],"is_beta":false,"boss_relics":[{"not_picked":["Calling Bell","Orrery"],"picked":"Runic Dome"},{"not_picked":["Pandora\u0027s Box","Astrolabe"],"picked":"FrozenCore"}],"items_purged_floors":[],"is_endless":false,"potions_floor_spawned":[1,7,8,11,12,16,20,28,29,33],"killed_by":"Reptomancer","ascension_level":20}