{"path_per_floor":["M","?","M","$","?","R","?","R","T","R","$","E","?","M","R","B",null,"M","?","$"],"character_chosen":"DEFECT","items_purchased":["Bandage Up","FTL","Gash"],"gold_per_floor":[113,93,105,3,60,60,60,60,84,84,3,34,11,26,26,150,150,173,173,139,94],"floor_reached":21,"campfire_rested":0,"playtime":410,"current_hp_per_floor":[34,34,29,29,29,29,29,29,29,29,29,23,23,29,29,10,54,23,7,7,0],"items_purged":[],"gold":94,"score":242,"play_id":"cf643997-cd4f-44e4-b38e-a401f07f0046","local_time":"20180504203510","is_prod":false,"is_daily":false,"chose_seed":false,"is_ascension_mode":true,"campfire_upgraded":4,"timestamp":1525491310,"path_taken":["M","?","?","$","?","R","?","R","T","R","$","E","?","?","R","BOSS","M","?","$","M"],"build_version":"2018-05-03","seed_source_timestamp":360969999866572,"purchased_purges":1,"victory":false,"master_deck":["Strike_B","Strike_B","Strike_B","Strike_B","Defend_B","Defend_B","Defend_B","Defend_B","Zap+1","Dualcast","All For One","Force Field","Sunder+1","Bandage Up+1","FTL","FTL+1","Ball Lightning","Thunder Strike","Cold Snap","Necronomicurse","Gash"],"max_hp_per_floor":[75,75,75,75,75,75,69,69,69,69,69,69,69,69,69,69,69,69,69,69,69],"relics":["Cracked Core","Golden Idol","DataDisk","Toxic Egg 2","Eternal Feather","Necronomicon"],"card_choices":[{"not_picked":["Fusion","Fission"],"picked":"All For One","floor":0},{"not_picked":["Steam Power","Barrage"],"picked":"Force Field","floor":1},{"not_picked":["Force Field","Steam Power"],"picked":"Sunder","floor":3},{"not_picked":["Hello World","Aggregate"],"picked":"FTL","floor":12},{"not_picked":["Beam Cell","Sweeping Beam"],"picked":"Ball Lightning","floor":14},{"not_picked":["Rainbow","All For One"],"picked":"Thunder Strike","floor":16},{"not_picked":["Lockon","Skim"],"picked":"Cold Snap","floor":18}],"player_experience":578140,"potions_floor_usage":[12,12,14,16,21,21],"damage_taken":[{"damage":0,"enemies":"Small Slimes","floor":1,"turns":3},{"damage":5,"enemies":"Cultist","floor":3,"turns":4},{"damage":18,"enemies":"Gremlin Nob","floor":12,"turns":3},{"damage":0,"enemies":"Jaw Worm","floor":14,"turns":1},{"damage":25,"enemies":"The Guardian","floor":16,"turns":8},{"damage":37,"enemies":"Shell Parasite","floor":18,"turns":4},{"damage":20,"enemies":"2 Thieves","floor":21,"turns":2}],"event_choices":[{"event_name":"The Woman in Blue","player_choice":"Bought 1 Potion","floor":2,"damage_taken":0},{"event_name":"Golden Wing","player_choice":"Gained Gold","floor":5,"damage_taken":0},{"event_name":"Golden Idol","player_choice":"Lose Max HP","floor":7,"damage_taken":0},{"event_name":"World of Goop","player_choice":"Left","floor":13,"damage_taken":0},{"event_name":"Cursed Tome","player_choice":"Obtained Book","floor":19,"damage_taken":0}],"boss_relics":[{"not_picked":["Tiny House","White Beast Statue"],"picked":"Eternal Feather"}],"potions_floor_spawned":[1,3,12,14,18],"seed_played":"-8690305595159114402","killed_by":"2 Thieves","ascension_level":8,"is_trial":false}