{"gold_per_floor":[118,30,30,43,57,57,90,110,136,136,136,159,182,213,213,307,370,393,343,76,90,106,106,106],"floor_reached":24,"playtime":1009,"items_purged":[],"score":416,"play_id":"f3be892a-c3ea-4fb3-8aca-4b31f234c386","local_time":"20190404061553","is_ascension_mode":true,"campfire_choices":[{"data":"Carnage","floor":6,"key":"SMITH"},{"data":"Perfected Strike","floor":10,"key":"SMITH"},{"data":"Uppercut","floor":15,"key":"SMITH"},{"data":"Shrug It Off","floor":23,"key":"SMITH"}],"neow_cost":"NONE","seed_source_timestamp":244426240618679,"circlet_count":0,"master_deck":["AscendersBane","Strike_R+1","Strike_R+1","Strike_R","Strike_R","Strike_R","Defend_R","Defend_R","Defend_R","Defend_R","Bash","Perfected Strike","Metallicize+1","Carnage+1","Metallicize","Perfected Strike+1","Shockwave","Shrug It Off+1","Uppercut+1","Demon Form","Clothesline","Body Slam+1","Perfected Strike+1"],"relics":["Burning Blood","Blood Vial","Omamori","PreservedInsect","Golden Idol","Bottled Lightning","Tiny House","Matryoshka"],"potions_floor_usage":[7,12,16,18,18,22],"damage_taken":[{"damage":3,"enemies":"2 Louse","floor":1,"turns":4},{"damage":12,"enemies":"Small Slimes","floor":4,"turns":4},{"damage":4,"enemies":"Jaw Worm","floor":5,"turns":3},{"damage":39,"enemies":"Lagavulin","floor":7,"turns":9},{"damage":10,"enemies":"Exordium Thugs","floor":8,"turns":5},{"damage":5,"enemies":"3 Louse","floor":12,"turns":4},{"damage":0,"enemies":"2 Fungi Beasts","floor":13,"turns":3},{"damage":4,"enemies":"3 Sentries","floor":14,"turns":5},{"damage":15,"enemies":"The Guardian","floor":16,"turns":10},{"damage":17,"enemies":"Shell Parasite","floor":18,"turns":4},{"damage":23,"enemies":"Chosen","floor":21,"turns":4},{"damage":13,"enemies":"Snake Plant","floor":22,"turns":4},{"damage":51,"enemies":"Shelled Parasite and Fungi","floor":24,"turns":8}],"seed_played":"-3230919852618384784","potions_obtained":[{"floor":4,"key":"Fire Potion"},{"floor":8,"key":"Energy Potion"},{"floor":13,"key":"Poison Potion"},{"floor":16,"key":"Regen Potion"},{"floor":17,"key":"PowerPotion"},{"floor":21,"key":"SkillPotion"}],"is_trial":false,"path_per_floor":["M","$","?","M","M","R","E","M","T","R","?","M","M","E","R","B",null,"M","?","$","M","M","R","M"],"character_chosen":"IRONCLAD","items_purchased":["Metallicize","Matryoshka"],"campfire_rested":0,"item_purchase_floors":[2,20],"current_hp_per_floor":[73,73,62,58,62,62,31,29,29,29,29,32,40,44,44,37,65,68,68,68,53,48,48,0],"gold":106,"neow_bonus":"RANDOM_COMMON_RELIC","is_prod":false,"is_daily":false,"chose_seed":false,"campfire_upgraded":4,"win_rate":0,"timestamp":1554372953,"path_taken":["M","$","?","M","M","R","E","M","T","R","?","M","M","E","R","BOSS","M","?","$","?","M","R","M"],"build_version":"2019-01-23","purchased_purges":0,"victory":false,"max_hp_per_floor":[75,75,75,75,75,75,75,75,75,75,68,68,68,68,68,68,73,73,73,73,73,73,73,73],"card_choices":[{"not_picked":["Wild Strike","Armaments"],"picked":"Perfected Strike","floor":1},{"not_picked":["Second Wind","Entrench"],"picked":"Carnage","floor":4},{"not_picked":["Armaments","Havoc"],"picked":"Metallicize","floor":5},{"not_picked":["Body Slam","Clash"],"picked":"Perfected Strike","floor":7},{"not_picked":["Barricade","Heavy Blade","Cleave"],"picked":"SKIP","floor":8},{"not_picked":["Anger","Seeing Red"],"picked":"Shockwave","floor":12},{"not_picked":["Body Slam","Seeing Red"],"picked":"Shrug It Off","floor":13},{"not_picked":["Sever Soul","Seeing Red"],"picked":"Uppercut","floor":14},{"not_picked":["Bludgeon","Brutality"],"picked":"Demon Form","floor":16},{"not_picked":["Clash","Warcry"],"picked":"Clothesline","floor":17},{"not_picked":["Heavy Blade","Shockwave"],"picked":"Body Slam+1","floor":18},{"not_picked":["Disarm","Evolve"],"picked":"Perfected Strike+1","floor":21},{"not_picked":["Armaments","Rage","Wild Strike"],"picked":"SKIP","floor":22}],"player_experience":1593130,"relics_obtained":[{"floor":7,"key":"PreservedInsect"},{"floor":14,"key":"Bottled Lightning"}],"event_choices":[{"damage_healed":0,"gold_gain":0,"player_choice":"Success","damage_taken":11,"relics_obtained":["Omamori"],"max_hp_gain":0,"max_hp_loss":0,"event_name":"Scrap Ooze","floor":3,"gold_loss":0},{"damage_healed":0,"gold_gain":0,"player_choice":"Lose Max HP","damage_taken":0,"relics_obtained":["Golden Idol"],"max_hp_gain":0,"max_hp_loss":7,"event_name":"Golden Idol","floor":11,"gold_loss":0},{"damage_healed":0,"gold_gain":0,"player_choice":"Upgraded Two","damage_taken":0,"max_hp_gain":0,"max_hp_loss":0,"event_name":"Designer","floor":19,"gold_loss":50,"cards_upgraded":["Metallicize","Strike_R"]}],"is_beta":false,"boss_relics":[{"not_picked":["Runic Pyramid","Runic Cube"],"picked":"Tiny House"}],"items_purged_floors":[],"is_endless":false,"potions_floor_spawned":[4,8,13,16,21],"killed_by":"Shelled Parasite and Fungi","ascension_level":20}