{"path_per_floor":["M","?","M","M","?","R","E","$","T","R","E","M","M","E","R","B",null,"M","M","$","M","M","R","?","R","T","R","M","M","M","?","R","B",null,"M","?","$","?","M","R","E","R","T","R","T","M","M","$","R"],"character_chosen":"IRONCLAD","items_purchased":["Omamori","Intimidate","Bag of Preparation","Prayer Wheel","Secret Weapon","Sadistic Nature"],"gold_per_floor":[112,112,130,147,322,322,352,84,110,110,145,156,167,200,200,300,300,318,328,30,43,59,59,59,59,84,84,94,104,120,120,120,218,218,234,234,45,90,109,109,140,140,140,140,195,206,224,40,40],"floor_reached":50,"campfire_rested":0,"playtime":4678,"current_hp_per_floor":[73,61,61,61,61,61,44,44,51,51,26,26,26,22,22,6,87,87,84,84,73,73,73,73,73,73,73,73,73,73,73,73,15,87,84,84,84,50,50,50,50,50,50,50,50,38,35,35,35],"items_purged":["Doubt"],"gold":40,"score":537,"play_id":"48011e30-0501-4639-a915-d037cde94902","is_prod":false,"is_daily":false,"is_ascension_mode":true,"campfire_upgraded":11,"path_taken":["M","?","M","M","?","R","E","$","T","R","E","M","?","E","R","BOSS","M","M","$","M","M","R","?","R","T","R","M","M","M","?","R","BOSS","M","?","$","?","M","R","E","R","T","R","?","M","M","?","R","BOSS"],"build_version":"2018-02-08-PROD1","purchased_purges":2,"victory":false,"master_deck":["Bash","Ghostly Armor","Rampage","Armaments+1","Flex+1","Armaments+1","Whirlwind","Whirlwind+1","Evolve+1","Shrug It Off","Pommel Strike+1","Thunderclap","Intimidate","Searing Blow","Uppercut","Clothesline","Searing Blow","Fiend Fire+1","Thunderclap+1","Seeing Red+1","Searing Blow","Power Through","Wild Strike+1","Clothesline+1","Double Tap+1","Secret Weapon+1","Sentinel+1","Battle Trance+1","Dual Wield+1","Warcry+1","Shrug It Off+1","Sadistic Nature+1"],"max_hp_per_floor":[80,80,80,80,80,80,80,80,87,87,87,87,87,87,87,87,87,87,87,87,87,87,87,87,87,87,87,87,87,87,87,87,87,87,87,87,87,87,87,87,87,87,87,87,87,87,87,87,87],"relics":["Pandora\u0027s Box","Gambling Chip","Pantograph","Omamori","Strawberry","Bag of Marbles","Ancient Tea Set","Sozu","Bag of Preparation","Prayer Wheel","Happy Flower","Cursed Key","Thread and Needle","Smiling Mask","Red Skull","Regal Pillow"],"card_choices":[{"not_picked":["Havoc","Anger"],"picked":"Evolve"},{"not_picked":["Twin Strike","Second Wind"],"picked":"Shrug It Off"},{"not_picked":["True Grit","Warcry"],"picked":"Pommel Strike"},{"not_picked":["Heavy Blade","Body Slam"],"picked":"Thunderclap"},{"not_picked":["Fiend Fire","Flame Barrier"],"picked":"Searing Blow"},{"not_picked":["Spot Weakness","Dropkick"],"picked":"Uppercut"},{"not_picked":["Pummel","Iron Wave"],"picked":"Clothesline"},{"not_picked":["Clash","Immolate"],"picked":"Searing Blow"},{"not_picked":["Feed","Double Tap"],"picked":"Fiend Fire"},{"not_picked":["Ghostly Armor","Armaments"],"picked":"Thunderclap"},{"not_picked":["Infernal Blade","Disarm"],"picked":"Seeing Red"},{"not_picked":["Intimidate","Carnage"],"picked":"Searing Blow"},{"not_picked":["Evolve","Rupture"],"picked":"Power Through"},{"not_picked":["True Grit","Reckless Charge"],"picked":"Wild Strike"},{"not_picked":["Heavy Blade","Uppercut"],"picked":"Clothesline"},{"not_picked":["Brutality","Barricade"],"picked":"Double Tap"},{"not_picked":["True Grit","Havoc"],"picked":"Sentinel"},{"not_picked":["True Grit","Ghostly Armor"],"picked":"Battle Trance"},{"not_picked":["True Grit","Shrug It Off"],"picked":"Dual Wield"},{"not_picked":["Metallicize","Headbutt"],"picked":"Warcry"},{"not_picked":["Heavy Blade","Clash"],"picked":"Shrug It Off"}],"player_experience":173500,"potions_floor_usage":[7,14,14],"damage_taken":[{"damage":7,"enemies":"Small Slimes","floor":1,"turns":3},{"damage":0,"enemies":"Cultist","floor":3,"turns":3},{"damage":0,"enemies":"2 Louse","floor":4,"turns":1},{"damage":17,"enemies":"3 Sentries","floor":7,"turns":6},{"damage":25,"enemies":"Lagavulin","floor":11,"turns":6},{"damage":0,"enemies":"2 Fungi Beasts","floor":12,"turns":1},{"damage":0,"enemies":"Large Slime","floor":13,"turns":3},{"damage":4,"enemies":"Gremlin Nob","floor":14,"turns":3},{"damage":41,"enemies":"Hexaghost","floor":16,"turns":8},{"damage":0,"enemies":"3 Byrds","floor":18,"turns":2},{"damage":3,"enemies":"Spheric Guardian","floor":19,"turns":3},{"damage":11,"enemies":"Slaver and Parasite","floor":21,"turns":4},{"damage":0,"enemies":"Snecko","floor":22,"turns":2},{"damage":0,"enemies":"Sentry and Sphere","floor":28,"turns":1},{"damage":0,"enemies":"3 Cultists","floor":29,"turns":1},{"damage":0,"enemies":"Snake Plant","floor":30,"turns":1},{"damage":72,"enemies":"Champ","floor":33,"turns":9},{"damage":3,"enemies":"3 Shapes","floor":35,"turns":1},{"damage":34,"enemies":"Mysterious Sphere","floor":38,"turns":5},{"damage":0,"enemies":"3 Darklings","floor":39,"turns":1},{"damage":0,"enemies":"2 Orb Walkers","floor":41,"turns":1},{"damage":12,"enemies":"Maw","floor":46,"turns":5},{"damage":3,"enemies":"4 Shapes","floor":47,"turns":1},{"damage":68,"enemies":"Awakened One","floor":50,"turns":11}],"event_choices":[{"event_name":"Scrap Ooze","player_choice":"success","floor":2,"damage_taken":12},{"event_name":"Liars Game","player_choice":"agreed","floor":5,"damage_taken":0},{"event_name":"Vampires","player_choice":"Ignored","floor":24,"damage_taken":0},{"event_name":"Back to Basics","player_choice":"Elegance","floor":31,"damage_taken":0},{"event_name":"Mysterious Sphere","player_choice":"Fight","floor":38,"damage_taken":0}],"boss_relics":[{"not_picked":["Orrery","Runic Pyramid"],"picked":"Sozu"},{"not_picked":["Calling Bell","Astrolabe"],"picked":"Cursed Key"}],"potions_floor_spawned":[1,11,13,19,21,29,39,47],"seed_played":"-7345173648691218569","killed_by":"Awakened One","ascension_level":3,"is_trial":false}