{"gold_per_floor":[368,418,429,24,24,24,62,62,62,62,80,80,104,123,123,123],"floor_reached":16,"playtime":5193,"items_purged":[],"score":200,"play_id":"66ee850b-4a9e-4e69-8548-a79eb2821b33","local_time":"20190426231943","is_ascension_mode":true,"campfire_choices":[{"data":"Bash","floor":6,"key":"SMITH"},{"data":"True Grit","floor":8,"key":"SMITH"},{"data":"Disarm","floor":12,"key":"SMITH"},{"data":"Armaments","floor":15,"key":"SMITH"}],"neow_cost":"TEN_PERCENT_HP_LOSS","seed_source_timestamp":360154048805629,"circlet_count":0,"master_deck":["AscendersBane","Strike_R","Strike_R+1","Strike_R","Strike_R","Strike_R+1","Defend_R","Defend_R","Defend_R","Defend_R","Bash+1","Heavy Blade","True Grit+1","Shrug It Off","Spot Weakness","Shrug It Off","Disarm+1","Armaments+1","Sword Boomerang"],"relics":["Burning Blood","ClockworkSouvenir","Golden Idol","Omamori","Matryoshka"],"potions_floor_usage":[7,13,13,16],"damage_taken":[{"damage":9,"enemies":"Jaw Worm","floor":1,"turns":6},{"damage":1,"enemies":"Small Slimes","floor":3,"turns":5},{"damage":17,"enemies":"3 Sentries","floor":7,"turns":6},{"damage":3,"enemies":"2 Louse","floor":11,"turns":4},{"damage":12,"enemies":"Gremlin Gang","floor":13,"turns":6},{"damage":8,"enemies":"Exordium Wildlife","floor":14,"turns":4},{"damage":25,"enemies":"Hexaghost","floor":16,"turns":9}],"seed_played":"-7402726695300492685","potions_obtained":[{"floor":3,"key":"Swift Potion"},{"floor":7,"key":"Regen Potion"},{"floor":14,"key":"Weak Potion"}],"is_trial":false,"path_per_floor":["M","?","M","$","?","R","E","R","T","?","M","R","M","M","R","B"],"character_chosen":"IRONCLAD","items_purchased":["Shrug It Off","Spot Weakness","ClockworkSouvenir","SteroidPotion"],"campfire_rested":0,"item_purchase_floors":[4,4,4,4],"current_hp_per_floor":[65,65,68,68,45,45,34,34,34,14,17,17,26,24,24,0],"gold":123,"neow_bonus":"TWO_FIFTY_GOLD","is_prod":false,"is_daily":false,"chose_seed":false,"campfire_upgraded":4,"win_rate":0,"timestamp":1556335183,"path_taken":["M","?","M","$","?","R","E","R","T","?","M","R","M","M","R","BOSS"],"build_version":"2019-01-23","purchased_purges":0,"victory":false,"max_hp_per_floor":[68,68,68,68,68,68,68,68,68,68,68,68,68,68,68,68],"card_choices":[{"not_picked":["Havoc","Rage"],"picked":"Heavy Blade","floor":1},{"not_picked":["Body Slam","Evolve"],"picked":"True Grit","floor":3},{"not_picked":["True Grit","Dark Embrace"],"picked":"Shrug It Off","floor":7},{"not_picked":["Shrug It Off","Intimidate"],"picked":"Disarm","floor":11},{"not_picked":["Flex","Twin Strike"],"picked":"Armaments","floor":13},{"not_picked":["Perfected Strike","Wild Strike"],"picked":"Sword Boomerang","floor":14}],"player_experience":1975464,"relics_obtained":[{"floor":7,"key":"Omamori"},{"floor":9,"key":"Matryoshka"}],"event_choices":[{"damage_healed":0,"gold_gain":50,"player_choice":"Gained Gold","damage_taken":0,"max_hp_gain":0,"max_hp_loss":0,"event_name":"Golden Wing","floor":2,"gold_loss":0},{"damage_healed":0,"gold_gain":0,"player_choice":"Take Damage","damage_taken":23,"relics_obtained":["Golden Idol"],"max_hp_gain":0,"max_hp_loss":0,"event_name":"Golden Idol","floor":5,"gold_loss":0},{"damage_healed":0,"gold_gain":0,"player_choice":"Entered Light","damage_taken":20,"max_hp_gain":0,"max_hp_loss":0,"event_name":"Shining Light","floor":10,"gold_loss":0,"cards_upgraded":["Strike_R","Strike_R"]}],"is_beta":false,"boss_relics":[],"items_purged_floors":[],"is_endless":false,"potions_floor_spawned":[3,7,14],"killed_by":"Hexaghost","ascension_level":20}