{"gold_per_floor":[109,109,159,174,191,191,218,231,231,231,306,306,306,14,14,90,90,110,110,110,87,27,62,74,74],"floor_reached":25,"playtime":1146,"items_purged":["Strike_G"],"score":538,"play_id":"59ccd430-a298-4bea-8ce3-fa8d4fe4f10c","local_time":"20190503235945","is_ascension_mode":true,"campfire_choices":[{"data":"Quick Slash","floor":6,"key":"SMITH"},{"data":"Skewer","floor":10,"key":"SMITH"},{"data":"Glass Knife","floor":13,"key":"SMITH"},{"floor":15,"key":"REST"}],"neow_cost":"NONE","seed_source_timestamp":310921564554918,"circlet_count":0,"master_deck":["AscendersBane","Defend_G","Defend_G","Defend_G","Defend_G","Defend_G","Strike_G","Strike_G","Strike_G","Survivor","Neutralize+1","Escape Plan","Quick Slash+1","Leg Sweep","Skewer+1","Cloak And Dagger","Glass Knife+1","Well Laid Plans","Adrenaline","Crippling Poison","Caltrops","Shame","Endless Agony","Deadly Poison"],"relics":["Ring of the Snake","Du-Vu Doll","The Courier","Mummified Hand","Lizard Tail","Question Card","Smiling Mask"],"potions_floor_usage":[7,23,23],"damage_taken":[{"damage":7,"enemies":"Small Slimes","floor":1,"turns":7},{"damage":7,"enemies":"Jaw Worm","floor":4,"turns":6},{"damage":0,"enemies":"Cultist","floor":5,"turns":5},{"damage":30,"enemies":"Gremlin Nob","floor":7,"turns":6},{"damage":0,"enemies":"Exordium Wildlife","floor":8,"turns":3},{"damage":0,"enemies":"The Guardian","floor":16,"turns":14},{"damage":21,"enemies":"Chosen","floor":18,"turns":5},{"damage":5,"enemies":"2 Thieves","floor":21,"turns":4},{"damage":37,"enemies":"Gremlin Leader","floor":23,"turns":7},{"damage":14,"enemies":"Shelled Parasite and Fungi","floor":24,"turns":8},{"damage":19,"enemies":"Snake Plant","floor":25,"turns":2}],"seed_played":"8222102537160145773","potions_obtained":[{"floor":4,"key":"Block Potion"},{"floor":5,"key":"SneckoOil"},{"floor":16,"key":"Weak Potion"},{"floor":18,"key":"Swift Potion"},{"floor":21,"key":"Poison Potion"}],"is_trial":false,"path_per_floor":["M","?","?","M","M","R","E","M","T","R","?","?","R","$","R","B",null,"M","?","?","M","$","E","M","M"],"character_chosen":"THE_SILENT","items_purchased":["Well Laid Plans","Mummified Hand"],"campfire_rested":1,"item_purchase_floors":[14,14],"current_hp_per_floor":[52,52,52,45,45,45,15,15,15,15,4,4,4,4,23,23,55,34,34,34,29,29,33,19,0],"gold":74,"neow_bonus":"UPGRADE_CARD","is_prod":false,"is_daily":false,"chose_seed":false,"campfire_upgraded":3,"win_rate":0,"timestamp":1556953185,"path_taken":["M","?","?","M","?","R","E","M","T","R","?","?","R","$","R","BOSS","M","?","?","M","$","E","M","M"],"build_version":"2019-04-23","purchased_purges":1,"victory":false,"max_hp_per_floor":[66,66,66,66,66,66,66,66,66,66,66,66,66,66,66,66,66,66,66,66,66,66,66,66,66],"card_choices":[{"not_picked":["Backflip","Setup"],"picked":"Escape Plan","floor":1},{"not_picked":["Leg Sweep","Cloak And Dagger"],"picked":"Quick Slash","floor":4},{"not_picked":["Accuracy","PiercingWail"],"picked":"Leg Sweep","floor":5},{"not_picked":["Quick Slash","Choke"],"picked":"Skewer","floor":7},{"not_picked":["Riddle With Holes","Escape Plan"],"picked":"Cloak And Dagger","floor":8},{"not_picked":["Storm of Steel","Grand Finale"],"picked":"Adrenaline","floor":16},{"not_picked":["Quick Slash","Bane"],"picked":"Crippling Poison","floor":18},{"not_picked":["Dagger Throw","Accuracy","Bane"],"picked":"Endless Agony","floor":21},{"not_picked":["Tactician","Blade Dance","Sucker Punch","Acrobatics"],"picked":"SKIP","floor":23},{"not_picked":["Acrobatics","Reflex","All Out Attack+1"],"picked":"Deadly Poison","floor":24}],"player_experience":6118864,"relics_obtained":[{"floor":7,"key":"Du-Vu Doll"},{"floor":9,"key":"The Courier"},{"floor":23,"key":"Smiling Mask"}],"event_choices":[{"damage_healed":0,"gold_gain":0,"player_choice":"Ignored","damage_taken":0,"max_hp_gain":0,"max_hp_loss":0,"event_name":"Liars Game","floor":2,"gold_loss":0},{"damage_healed":0,"gold_gain":50,"player_choice":"Pray","damage_taken":0,"max_hp_gain":0,"max_hp_loss":0,"event_name":"Golden Shrine","floor":3,"gold_loss":0},{"damage_healed":0,"gold_gain":75,"player_choice":"Gather Gold","damage_taken":11,"max_hp_gain":0,"max_hp_loss":0,"event_name":"World of Goop","floor":11,"gold_loss":0},{"damage_healed":0,"gold_gain":0,"cards_transformed":["Strike_G"],"player_choice":"Transformed","damage_taken":0,"max_hp_gain":0,"max_hp_loss":0,"event_name":"Transmorgrifier","floor":12,"gold_loss":0,"cards_obtained":["Glass Knife"]},{"damage_healed":0,"gold_gain":0,"player_choice":"Read","damage_taken":0,"max_hp_gain":0,"max_hp_loss":0,"event_name":"The Library","floor":19,"gold_loss":0,"cards_obtained":["Caltrops"]},{"damage_healed":0,"gold_gain":0,"player_choice":"Stole Relic","damage_taken":0,"relics_obtained":["Question Card"],"max_hp_gain":0,"max_hp_loss":0,"event_name":"Addict","floor":20,"gold_loss":0,"cards_obtained":["Shame"]}],"is_beta":true,"boss_relics":[{"not_picked":["WristBlade","HoveringKite"],"picked":"Lizard Tail"}],"items_purged_floors":[22],"is_endless":false,"potions_floor_spawned":[4,5,16,18,21],"killed_by":"Snake Plant","ascension_level":20}