{"path_per_floor":["M","$","?","$","M","R","E","R","T","?","M","R","E","?","R","B",null,"M","$","M","?","?","R","M","R","T","R","M","?","?","M","R","B",null,"M","?","M","?","?","?","$","R","T","R","M","R","M","M","R"],"character_chosen":"DEFECT","items_purchased":["Seek","Sweeping Beam","Apotheosis","Static Discharge"],"gold_per_floor":[109,30,30,3,18,18,49,49,102,102,116,116,146,146,146,241,241,254,41,60,60,60,60,71,71,71,71,87,87,87,100,100,196,196,209,209,219,219,219,219,151,151,151,151,167,167,187,197,197,197],"floor_reached":50,"campfire_rested":4,"playtime":1843,"current_hp_per_floor":[75,75,60,60,60,60,60,60,60,42,42,42,44,49,49,11,94,90,90,74,74,74,74,56,56,56,56,40,71,71,65,93,89,94,57,81,58,48,48,48,48,76,76,76,61,89,48,14,42,0],"items_purged":[],"gold":197,"score":518,"play_id":"41b1e295-a912-4e6b-96cd-428e184cbaac","local_time":"20180427203739","is_prod":false,"is_daily":false,"chose_seed":false,"is_ascension_mode":true,"campfire_upgraded":8,"timestamp":1524886659,"path_taken":["M","$","?","?","M","R","E","R","T","?","M","R","E","?","R","BOSS","M","$","M","?","?","R","?","R","T","R","M","?","?","M","R","BOSS","M","?","M","?","?","?","?","R","T","R","M","R","M","M","R","BOSS"],"build_version":"2018-04-26v2","seed_source_timestamp":183522623406406,"purchased_purges":0,"victory":false,"master_deck":["Strike_B+1","Strike_B+1","Strike_B+1","Strike_B+1","Defend_B+1","Defend_B+1","Defend_B+1","Defend_B+1","Zap+1","Dualcast+1","Leap+1","Seek","Sweeping Beam+1","Ball Lightning+1","Darkness+1","Echo Form+1","Ball Lightning","Apotheosis+1","Stack","Impulse+1","Double Energy","Capacitor","Nova","Skim","Thunder Strike+1","Jack Of All Trades+1","Secret Technique","Secret Technique","Static Discharge","Impulse","Ball Lightning+1"],"max_hp_per_floor":[75,75,75,75,75,75,75,75,75,75,75,75,89,94,94,94,94,94,94,94,94,94,94,94,94,94,94,94,94,94,94,94,94,94,94,94,94,94,94,94,94,94,94,94,94,94,94,94,94,94],"relics":["Cracked Core","NeowsBlessing","Ancient Tea Set","Omamori","Gremlin Horn","Mango","Nuclear Battery","Dodecahedron","Cursed Key"],"card_choices":[{"not_picked":["Axe Kick","Darkness"],"picked":"Leap","floor":1},{"not_picked":["Hello World","Barrage"],"picked":"Cold Snap","floor":7},{"not_picked":["Skim","Recycle"],"picked":"Ball Lightning","floor":11},{"not_picked":["Hologram","Go for the Eyes"],"picked":"Darkness","floor":13},{"not_picked":["Redo","Fusion"],"picked":"Echo Form","floor":16},{"not_picked":["Rebound","Barrage"],"picked":"Ball Lightning","floor":18},{"not_picked":["Axe Kick","Sweeping Beam"],"picked":"Stack","floor":20},{"not_picked":["Beam Cell","Cold Snap"],"picked":"Impulse","floor":24},{"not_picked":["Fission","Axe Kick"],"picked":"Double Energy","floor":28},{"not_picked":["Undo","Flux Capacitor"],"picked":"Capacitor","floor":31},{"not_picked":["Reboot","Rainbow"],"picked":"Nova","floor":33},{"not_picked":["Hologram","Cold Snap"],"picked":"Skim","floor":35},{"not_picked":["Gash","Hello World"],"picked":"Thunder Strike","floor":37},{"not_picked":["Flash of Steel","Swift Strike"],"picked":"Jack Of All Trades","floor":38},{"not_picked":["Dramatic Entrance","Mind Blast"],"picked":"Secret Technique","floor":38},{"not_picked":["Madness","Jack Of All Trades"],"picked":"Secret Technique","floor":38},{"not_picked":["Sweeping Beam","Turbo"],"picked":"Impulse","floor":45},{"not_picked":["Capacitor","Turbo"],"picked":"Ball Lightning","floor":47}],"player_experience":531824,"potions_floor_usage":[28,31,33,50,50],"damage_taken":[{"damage":0,"enemies":"2 Louse","floor":1,"turns":1},{"damage":0,"enemies":"Small Slimes","floor":5,"turns":1},{"damage":0,"enemies":"3 Sentries","floor":7,"turns":1},{"damage":0,"enemies":"Cultist","floor":11,"turns":3},{"damage":12,"enemies":"Gremlin Nob","floor":13,"turns":3},{"damage":38,"enemies":"The Guardian","floor":16,"turns":11},{"damage":4,"enemies":"Spheric Guardian","floor":18,"turns":3},{"damage":16,"enemies":"3 Byrds","floor":20,"turns":3},{"damage":18,"enemies":"Centurion and Healer","floor":24,"turns":5},{"damage":16,"enemies":"Sentry and Sphere","floor":28,"turns":4},{"damage":6,"enemies":"Snecko","floor":31,"turns":4},{"damage":4,"enemies":"Champ","floor":33,"turns":12},{"damage":37,"enemies":"3 Darklings","floor":35,"turns":5},{"damage":23,"enemies":"Orb Walker","floor":37,"turns":4},{"damage":15,"enemies":"Sphere and 2 Shapes","floor":45,"turns":6},{"damage":41,"enemies":"4 Shapes","floor":47,"turns":6},{"damage":34,"enemies":"Maw","floor":48,"turns":7},{"damage":57,"enemies":"Awakened One","floor":50,"turns":6}],"event_choices":[{"event_name":"Shining Light","player_choice":"Entered Light","floor":3,"damage_taken":0},{"event_name":"Scrap Ooze","player_choice":"success","floor":10,"damage_taken":18},{"event_name":"Big Fish","player_choice":"Donut","floor":14,"damage_taken":0},{"event_name":"Vampires","player_choice":"Ignored","floor":21,"damage_taken":0},{"event_name":"The Lab","player_choice":"Got Potions","floor":22,"damage_taken":0},{"event_name":"The Library","player_choice":"Heal","floor":29,"damage_taken":0},{"event_name":"Back to Basics","player_choice":"Simplicity","floor":30,"damage_taken":0},{"event_name":"Winding Halls","player_choice":"Writhe","floor":36,"damage_taken":0},{"event_name":"SensoryStone","player_choice":"Memory 3","floor":38,"damage_taken":0},{"event_name":"Upgrade Shrine","player_choice":"Upgraded","floor":39,"damage_taken":0}],"boss_relics":[{"not_picked":["Snecko Eye","Lizard Tail"],"picked":"Nuclear Battery"},{"not_picked":["Tiny House","Calling Bell"],"picked":"Cursed Key"}],"potions_floor_spawned":[13,16,24,35,48],"seed_played":"6795699595755148575","killed_by":"Awakened One","ascension_level":2,"is_trial":false}