{"gold_per_floor":[111,127,402,422,572,602,602,632,632,658,677,677,42,42,42,115,115,125,36,36,36,47,380,380,415,415,430,461,561,561,561,561,636,636,650,72,72,22,42,69,69,104,104,104,124,175,175,185,185,185,185,185,185,3,36,36],"floor_reached":56,"playtime":4896,"items_purged":["Regret","Strike_R+1","Strike_R+1"],"score":2154,"play_id":"6b4aa872-999a-4c41-b9d0-878ddbee36b1","local_time":"20190502131831","is_ascension_mode":true,"campfire_choices":[{"data":"Fiend Fire","floor":7.0,"key":"SMITH"},{"data":"True Grit","floor":12.0,"key":"SMITH"},{"floor":15.0,"key":"REST"},{"data":"Demon Form","floor":24.0,"key":"SMITH"},{"floor":32.0,"key":"REST"},{"floor":41.0,"key":"RECALL"},{"data":"Feel No Pain","floor":44.0,"key":"SMITH"},{"floor":49.0,"key":"REST"},{"data":"Limit Break","floor":53.0,"key":"SMITH"}],"neow_cost":"NONE","seed_source_timestamp":0,"circlet_count":0,"master_deck":["AscendersBane","Strike_R+1","Strike_R+1","Strike_R+1","Defend_R+1","Defend_R+1","Defend_R+1","Defend_R+1","Bash","Spot Weakness","Iron Wave","Fiend Fire+1","Shrug It Off","Offering","Feel No Pain+1","True Grit+1","Disarm","Demon Form+1","Power Through","Flame Barrier","Shrug It Off","Battle Trance","Burning Pact","Shrug It Off","Limit Break+1","Flame Barrier","RitualDagger","Exhume","Evolve","Shrug It Off","Offering","Battle Trance","Pummel","Evolve"],"special_seed":0,"relics":["Burning Blood","Bag of Marbles","Darkstone Periapt","Bronze Scales","Medical Kit","Oddly Smooth Stone","PreservedInsect","Mark of Pain","Old Coin","Smiling Mask","Bag of Preparation","Self Forming Clay","StoneCalendar","Paper Frog","Eternal Feather","Vajra","Sling","Mercury Hourglass","Juzu Bracelet","Torii","Nunchaku","Pen Nib"],"potions_floor_usage":[56,56],"damage_taken":[{"damage":9.0,"enemies":"Small Slimes","floor":1.0,"turns":4.0},{"damage":7.0,"enemies":"Cultist","floor":2.0,"turns":4.0},{"damage":11.0,"enemies":"2 Louse","floor":4.0,"turns":2.0},{"damage":29.0,"enemies":"Lagavulin","floor":6.0,"turns":7.0},{"damage":43.0,"enemies":"3 Sentries","floor":8.0,"turns":8.0},{"damage":6.0,"enemies":"Gremlin Nob","floor":10.0,"turns":2.0},{"damage":2.0,"enemies":"Exordium Wildlife","floor":11.0,"turns":4.0},{"damage":12.0,"enemies":"Hexaghost","floor":16.0,"turns":14.0},{"damage":3.0,"enemies":"Chosen","floor":18.0,"turns":7.0},{"damage":2.0,"enemies":"Shell Parasite","floor":22.0,"turns":7.0},{"damage":14.0,"enemies":"Slavers","floor":23.0,"turns":11.0},{"damage":6.0,"enemies":"Gremlin Leader","floor":25.0,"turns":1.0},{"damage":0.0,"enemies":"Snake Plant","floor":27.0,"turns":1.0},{"damage":16.0,"enemies":"Book of Stabbing","floor":28.0,"turns":4.0},{"damage":19.0,"enemies":"Colosseum Slavers","floor":29.0,"turns":6.0},{"damage":6.0,"enemies":"Colosseum Nobs","floor":29.0,"turns":3.0},{"damage":32.0,"enemies":"Champ","floor":33.0,"turns":8.0},{"damage":6.0,"enemies":"Orb Walker","floor":35.0,"turns":3.0},{"damage":22.0,"enemies":"3 Darklings","floor":39.0,"turns":7.0},{"damage":15.0,"enemies":"Reptomancer","floor":40.0,"turns":2.0},{"damage":6.0,"enemies":"Nemesis","floor":42.0,"turns":5.0},{"damage":12.0,"enemies":"Jaw Worm Horde","floor":45.0,"turns":6.0},{"damage":37.0,"enemies":"2 Orb Walkers","floor":46.0,"turns":5.0},{"damage":8.0,"enemies":"Sphere and 2 Shapes","floor":48.0,"turns":7.0},{"damage":25.0,"enemies":"Awakened One","floor":50.0,"turns":26.0},{"damage":40.0,"enemies":"Time Eater","floor":51.0,"turns":13.0},{"damage":79.0,"enemies":"Shield and Spear","floor":55.0,"turns":5.0},{"damage":19,"enemies":"The Heart","floor":56,"turns":3}],"seed_played":"1846994388230403954","potions_obtained":[{"floor":2.0,"key":"Fire Potion"},{"floor":6.0,"key":"Regen Potion"},{"floor":8.0,"key":"PowerPotion"},{"floor":10.0,"key":"Dexterity Potion"},{"floor":16.0,"key":"Swift Potion"},{"floor":18.0,"key":"Weak Potion"},{"floor":25.0,"key":"SkillPotion"},{"floor":29.0,"key":"Energy Potion"},{"floor":33.0,"key":"Ancient Potion"},{"floor":40.0,"key":"AttackPotion"}],"is_trial":false,"path_per_floor":["M","M","?","M","?","E","R","E","T","E","M","R","$","?","R","B",null,"M","$","?","$","M","E","R","E","T","M","E","?","?","?","R","B",null,"M","$","?","$","M","E","R","E","T","R","M","?","?","M","R","B","B",null,"R","$","E","B"],"character_chosen":"IRONCLAD","items_purchased":["Medical Kit","Oddly Smooth Stone","PreservedInsect","Flame Barrier","Vajra","Sling","Apotheosis","PowerPotion","Pummel"],"campfire_rested":3,"item_purchase_floors":[13,13,13,19,36,36,36,54,54],"current_hp_per_floor":[65,64,64,59,59,36,36,14,14,14,18,18,18,11,33,27,63,66,66,59,59,63,55,55,55,55,61,51,38,32,32,54,28,63,63,63,85,85,69,60,78,78,78,85,79,48,48,46,85,66,32,72,85,85,12,0],"gold":36,"neow_bonus":"THREE_CARDS","is_prod":false,"is_daily":false,"chose_seed":false,"campfire_upgraded":5,"win_rate":0,"timestamp":1556817511,"path_taken":["M","M","?","?","?","E","R","E","T","E","M","R","$","?","R","BOSS","M","$","?","?","M","E","R","E","T","M","E","?","?","?","R","BOSS","M","$","?","$","M","E","R","E","T","R","M","?","?","M","R","BOSS","BOSS","R","$","E","BOSS"],"build_version":"2019-01-23","purchased_purges":3,"victory":false,"max_hp_per_floor":[75,75,75,75,75,75,75,75,75,75,75,75,75,75,75,75,75,75,75,75,75,75,75,75,75,75,75,75,75,75,75,75,75,75,75,75,85,85,85,85,85,85,85,85,85,85,85,85,85,85,85,85,85,85,85,85],"card_choices":[{"not_picked":["Iron Wave","Anger"],"picked":"Spot Weakness","floor":0.0},{"not_picked":["Clash","Armaments"],"picked":"Iron Wave","floor":1.0},{"not_picked":["Spot Weakness","Anger"],"picked":"Fiend Fire","floor":2.0},{"not_picked":["Havoc","Iron Wave"],"picked":"Shrug It Off","floor":4.0},{"not_picked":["Corruption","Shrug It Off"],"picked":"Offering","floor":6.0},{"not_picked":["Armaments","Reckless Charge"],"picked":"Feel No Pain","floor":8.0},{"not_picked":["Iron Wave","Metallicize"],"picked":"True Grit","floor":10.0},{"not_picked":["Metallicize","True Grit"],"picked":"Disarm","floor":11.0},{"not_picked":["Bludgeon","Fiend Fire"],"picked":"Demon Form","floor":16.0},{"not_picked":["Perfected Strike","Thunderclap"],"picked":"Power Through","floor":18.0},{"not_picked":["Evolve","Wild Strike+1"],"picked":"Shrug It Off","floor":22.0},{"not_picked":["Uppercut","Shrug It Off"],"picked":"Battle Trance","floor":23.0},{"not_picked":["Whirlwind","Searing Blow"],"picked":"Burning Pact","floor":25.0},{"not_picked":["Spot Weakness","Sever Soul"],"picked":"Shrug It Off","floor":27.0},{"not_picked":["Clash","Thunderclap"],"picked":"Limit Break","floor":28.0},{"not_picked":["Iron Wave","Thunderclap"],"picked":"Flame Barrier","floor":29.0},{"not_picked":["Juggernaut","Double Tap"],"picked":"Exhume","floor":33.0},{"not_picked":["Clothesline","Twin Strike","Rampage"],"picked":"SKIP","floor":35.0},{"not_picked":["Twin Strike","Warcry"],"picked":"Evolve","floor":39.0},{"not_picked":["Cleave","Blood for Blood"],"picked":"Shrug It Off","floor":40.0},{"not_picked":["Shockwave+1","Body Slam"],"picked":"Offering","floor":42.0},{"not_picked":["Body Slam","Heavy Blade"],"picked":"Battle Trance","floor":45.0},{"not_picked":["Perfected Strike","Warcry","Double Tap"],"picked":"SKIP","floor":48.0},{"not_picked":["Rampage+1","Clothesline+1"],"picked":"Evolve","floor":55.0}],"player_experience":2252332,"relics_obtained":[{"floor":6.0,"key":"Bag of Marbles"},{"floor":8.0,"key":"Darkstone Periapt"},{"floor":10.0,"key":"Bronze Scales"},{"floor":23.0,"key":"Old Coin"},{"floor":25.0,"key":"Smiling Mask"},{"floor":26.0,"key":"Bag of Preparation"},{"floor":28.0,"key":"Self Forming Clay"},{"floor":29.0,"key":"StoneCalendar"},{"floor":29.0,"key":"Paper Frog"},{"floor":40.0,"key":"Mercury Hourglass"},{"floor":42.0,"key":"Juzu Bracelet"},{"floor":43.0,"key":"Torii"},{"floor":46.0,"key":"Nunchaku"},{"floor":55.0,"key":"Pen Nib"}],"event_choices":[{"damage_healed":0.0,"max_hp_gain":0.0,"max_hp_loss":0.0,"gold_gain":275.0,"event_name":"Golden Shrine","player_choice":"Desecrate","floor":3.0,"gold_loss":0.0,"damage_taken":0.0,"cards_obtained":["Regret"]},{"damage_healed":0.0,"max_hp_gain":0.0,"max_hp_loss":0.0,"gold_gain":150.0,"event_name":"Liars Game","player_choice":"AGREE","floor":5.0,"gold_loss":0.0,"damage_taken":0.0,"cards_obtained":["Doubt"]},{"cards_removed":["Doubt"],"damage_healed":0.0,"max_hp_gain":0.0,"max_hp_loss":0.0,"gold_gain":0.0,"event_name":"Golden Wing","player_choice":"Card Removal","floor":14.0,"gold_loss":0.0,"damage_taken":7.0},{"damage_healed":0.0,"max_hp_gain":0.0,"max_hp_loss":0.0,"gold_gain":0.0,"event_name":"Knowing Skull","player_choice":"","floor":20.0,"potions_obtained":[],"gold_loss":0.0,"damage_taken":7.0,"cards_obtained":[]},{"damage_healed":0.0,"max_hp_gain":0.0,"max_hp_loss":0.0,"gold_gain":0.0,"event_name":"Colosseum","player_choice":"Fight","floor":29.0,"gold_loss":0.0,"damage_taken":0.0},{"damage_healed":0.0,"max_hp_gain":0.0,"max_hp_loss":0.0,"gold_gain":0.0,"event_name":"Colosseum","player_choice":"Fought Nobs","floor":29.0,"gold_loss":0.0,"damage_taken":0.0},{"damage_healed":0.0,"max_hp_gain":0.0,"max_hp_loss":0.0,"gold_gain":0.0,"event_name":"Nest","player_choice":"Joined the Cult","floor":30.0,"gold_loss":0.0,"damage_taken":6.0,"cards_obtained":["RitualDagger"]},{"damage_healed":0.0,"max_hp_gain":0.0,"max_hp_loss":0.0,"gold_gain":0.0,"event_name":"Back to Basics","player_choice":"Simplicity","floor":31.0,"gold_loss":0.0,"damage_taken":0.0,"cards_upgraded":["Strike_R","Strike_R","Strike_R","Strike_R","Strike_R","Defend_R","Defend_R","Defend_R","Defend_R"]},{"cards_removed":["Apotheosis"],"damage_healed":12.0,"max_hp_gain":10.0,"max_hp_loss":0.0,"gold_gain":0.0,"event_name":"Bonfire Elementals","player_choice":"Offered Rare","floor":37.0,"gold_loss":0.0,"damage_taken":0.0},{"damage_healed":0.0,"max_hp_gain":0.0,"max_hp_loss":0.0,"gold_gain":0.0,"event_name":"Mysterious Sphere","player_choice":"Fight","floor":46.0,"gold_loss":0.0,"damage_taken":0.0},{"damage_healed":0.0,"max_hp_gain":0.0,"max_hp_loss":0.0,"gold_gain":0.0,"event_name":"SecretPortal","player_choice":"Ignored","floor":47.0,"gold_loss":0.0,"damage_taken":0.0}],"is_beta":false,"boss_relics":[{"not_picked":["Calling Bell","Velvet Choker"],"picked":"Mark of Pain"},{"not_picked":["Coffee Dripper","Lizard Tail"],"picked":"Eternal Feather"}],"items_purged_floors":[13,38,54],"is_endless":false,"potions_floor_spawned":[2,6,8,10,16,18,25,29,29,33,35,40,42],"killed_by":"The Heart","ascension_level":20}