{"gold_per_floor":[113,128,128,128,139,139,158,169,215,16,16,27,27,43,43,142,142,152,166,166,91,91,91,103,103],"floor_reached":25,"playtime":2203,"items_purged":["Defend_G"],"score":195,"play_id":"84ec69b4-cfcd-4638-9bd9-13d281695686","local_time":"20180929154509","is_ascension_mode":false,"campfire_choices":[{"floor":6,"key":"REST"},{"data":"Discovery","floor":11,"key":"SMITH"},{"floor":13,"key":"REST"},{"floor":15,"key":"REST"},{"data":"Corpse Explosion","floor":23,"key":"SMITH"}],"neow_cost":"","seed_source_timestamp":1304425971627759,"circlet_count":0,"master_deck":["Defend_G","Defend_G","Defend_G","Defend_G","Strike_G+1","Strike_G","Strike_G","Strike_G+1","Strike_G","Neutralize","Deadly Poison","Deadly Poison","Noxious Fumes","Bouncing Flask","Discovery+1","Dash","Poisoned Stab","Bane","Deadly Poison","Corpse Explosion+1","Backflip+1","Flash of Steel","Dagger Throw"],"relics":["Ring of the Snake","Potion Belt","White Beast Statue"],"potions_floor_usage":[19,24,25,25,25],"damage_taken":[{"damage":8,"enemies":"Jaw Worm","floor":1,"turns":7},{"damage":2,"enemies":"2 Louse","floor":2,"turns":3},{"damage":0,"enemies":"Cultist","floor":5,"turns":3},{"damage":16,"enemies":"Exordium Thugs","floor":7,"turns":5},{"damage":6,"enemies":"Blue Slaver","floor":8,"turns":4},{"damage":0,"enemies":"Large Slime","floor":12,"turns":4},{"damage":19,"enemies":"Lots of Slimes","floor":14,"turns":4},{"damage":21,"enemies":"The Guardian","floor":16,"turns":7},{"damage":33,"enemies":"Shell Parasite","floor":18,"turns":5},{"damage":15,"enemies":"3 Byrds","floor":19,"turns":3},{"damage":10,"enemies":"Snecko","floor":24,"turns":4},{"damage":45,"enemies":"Book of Stabbing","floor":25,"turns":5}],"seed_played":"7603248107579352713","potions_obtained":[{"floor":7,"key":"SpeedPotion"},{"floor":8,"key":"Dexterity Potion"},{"floor":16,"key":"SteroidPotion"},{"floor":18,"key":"Fruit Juice"},{"floor":19,"key":"Fire Potion"},{"floor":24,"key":"Block Potion"}],"is_trial":false,"path_per_floor":["M","M","?","?","M","R","M","M","T","$","R","M","R","M","R","B",null,"M","M","?","$","?","R","M"],"character_chosen":"THE_SILENT","items_purchased":["Discovery","Dash","Poisoned Stab"],"campfire_rested":3,"item_purchase_floors":[10,10,10],"current_hp_per_floor":[62,60,53,39,39,60,44,38,38,38,38,38,59,40,61,40,70,37,27,27,27,52,52,42,0],"gold":103,"neow_bonus":"","is_prod":false,"is_daily":false,"chose_seed":false,"campfire_upgraded":2,"win_rate":0,"timestamp":1538250309,"path_taken":["M","M","?","?","M","R","?","M","T","$","R","M","R","M","R","BOSS","M","M","?","$","?","R","M","E"],"build_version":"2018-09-27","purchased_purges":1,"victory":false,"max_hp_per_floor":[70,70,70,70,70,70,70,70,70,70,70,70,70,70,70,70,70,70,75,75,75,75,75,75,75],"card_choices":[{"not_picked":["Outmaneuver","Well Laid Plans"],"picked":"Deadly Poison","floor":1},{"not_picked":["PiercingWail","Deflect","Underhanded Strike"],"picked":"SKIP","floor":2},{"not_picked":["Sucker Punch","Flying Knee"],"picked":"Deadly Poison","floor":5},{"not_picked":["Prepared","All Out Attack"],"picked":"Noxious Fumes","floor":7},{"not_picked":["Dodge and Roll","Backflip"],"picked":"Bouncing Flask","floor":8},{"not_picked":["Adrenaline","Flying Knee"],"picked":"Bane","floor":12},{"not_picked":["Dagger Spray","Backflip"],"picked":"Deadly Poison","floor":14},{"not_picked":["Phantasmal Killer","Glass Knife"],"picked":"Corpse Explosion","floor":16},{"not_picked":["Dagger Spray","Endless Agony","Backflip"],"picked":"SKIP","floor":18},{"not_picked":["Dodge and Roll+1","Skewer"],"picked":"Backflip+1","floor":19},{"not_picked":["Sucker Punch","Quick Slash","Poisoned Stab"],"picked":"SKIP","floor":24}],"player_experience":128836,"relics_obtained":[{"floor":9,"key":"Potion Belt"}],"event_choices":[{"event_name":"Golden Wing","player_choice":"Card Removal","floor":3,"damage_taken":0},{"event_name":"Shining Light","player_choice":"Entered Light","floor":4,"damage_taken":0},{"event_name":"Match and Keep!","player_choice":"2 cards matched","floor":20,"damage_taken":0},{"event_name":"The Library","player_choice":"Heal","floor":22,"damage_taken":0}],"is_beta":false,"boss_relics":[{"not_picked":["Orrery","Ring of the Serpent"],"picked":"White Beast Statue"}],"items_purged_floors":[21],"is_endless":false,"potions_floor_spawned":[7,8,16,18,19,24],"killed_by":"Book of Stabbing","ascension_level":0}