{"gold_per_floor":[19,19,19,33,57,57,98,98,151,172,192,192],"floor_reached":12,"playtime":615,"items_purged":[],"score":160,"play_id":"bd8f9bd1-df30-4131-a591-965b05ed4e63","local_time":"20190412212848","is_ascension_mode":true,"campfire_choices":[{"data":"Bash","floor":6,"key":"SMITH"},{"data":"Rampage","floor":8,"key":"SMITH"}],"neow_cost":"NO_GOLD","seed_source_timestamp":97270871120731,"circlet_count":0,"master_deck":["AscendersBane","Strike_R","Strike_R","Strike_R","Strike_R","Strike_R","Defend_R","Defend_R","Defend_R","Defend_R","Bash+1","Shrug It Off","Rampage+1","Shrug It Off","Power Through","Limit Break","Perfected Strike"],"relics":["Burning Blood","Magic Flower","Golden Idol","CultistMask","Lantern","Centennial Puzzle"],"potions_floor_usage":[7,7],"damage_taken":[{"damage":19,"enemies":"Small Slimes","floor":1,"turns":5},{"damage":2,"enemies":"Jaw Worm","floor":4,"turns":9},{"damage":4,"enemies":"Cultist","floor":5,"turns":4},{"damage":41,"enemies":"3 Sentries","floor":7,"turns":10},{"damage":12,"enemies":"Large Slime","floor":10,"turns":6},{"damage":4,"enemies":"3 Louse","floor":11,"turns":4},{"damage":46,"enemies":"Gremlin Nob","floor":12,"turns":4}],"seed_played":"308394041867674460","potions_obtained":[{"floor":1,"key":"BloodPotion"},{"floor":5,"key":"SteroidPotion"}],"is_trial":false,"path_per_floor":["M","?","?","M","M","R","E","R","T","M","M","E"],"character_chosen":"IRONCLAD","items_purchased":[],"campfire_rested":0,"item_purchase_floors":[],"current_hp_per_floor":[58,32,32,39,44,44,23,23,23,20,25,0],"gold":192,"neow_bonus":"ONE_RARE_RELIC","is_prod":false,"is_daily":false,"chose_seed":false,"campfire_upgraded":2,"win_rate":0,"timestamp":1555118928,"path_taken":["M","?","?","M","M","R","E","R","T","M","?","E"],"build_version":"2019-01-23","purchased_purges":0,"victory":false,"max_hp_per_floor":[75,75,75,75,75,75,75,75,75,75,75,75],"card_choices":[{"not_picked":["Sever Soul","Sword Boomerang"],"picked":"Shrug It Off","floor":1},{"not_picked":["Sentinel","Sword Boomerang"],"picked":"Rampage","floor":4},{"not_picked":["True Grit","Havoc"],"picked":"Shrug It Off","floor":5},{"not_picked":["Cleave","Sword Boomerang"],"picked":"Power Through","floor":7},{"not_picked":["Cleave","Evolve"],"picked":"Limit Break","floor":10},{"not_picked":["Sword Boomerang","Whirlwind"],"picked":"Perfected Strike","floor":11}],"player_experience":1825464,"relics_obtained":[{"floor":7,"key":"Lantern"},{"floor":9,"key":"Centennial Puzzle"}],"event_choices":[{"damage_healed":0,"gold_gain":0,"player_choice":"Take Damage","damage_taken":26,"relics_obtained":["Golden Idol"],"max_hp_gain":0,"max_hp_loss":0,"event_name":"Golden Idol","floor":2,"gold_loss":0},{"damage_healed":0,"gold_gain":0,"player_choice":"Trade","damage_taken":0,"relics_obtained":["CultistMask"],"max_hp_gain":0,"max_hp_loss":0,"event_name":"FaceTrader","floor":3,"gold_loss":0}],"is_beta":false,"boss_relics":[],"items_purged_floors":[],"is_endless":false,"potions_floor_spawned":[1,5],"killed_by":"Gremlin Nob","ascension_level":20}