{"gold_per_floor":[109,184,16,16,28,40,65,65,65,65,76,76,76,88,88,167,167,177,137,152,33,45,45,60,60,83,118,118,130,130,149,149,223,223,236,251,173,0,0,35,35,61,88,88,105,135,135,146,146,146,146,146,146,59,93,93],"floor_reached":57,"playtime":2594,"items_purged":["Parasite"],"score":2774,"play_id":"e3dffa12-415b-4fb0-a7eb-a98e73574678","local_time":"20190409035507","is_ascension_mode":true,"campfire_choices":[{"data":"Bouncing Flask","floor":8,"key":"SMITH"},{"data":"Neutralize","floor":10,"key":"SMITH"},{"data":"Footwork","floor":13,"key":"SMITH"},{"data":"Catalyst","floor":15,"key":"SMITH"},{"data":"Crippling Poison","floor":23,"key":"SMITH"},{"data":"Catalyst","floor":25,"key":"SMITH"},{"data":"Footwork","floor":30,"key":"SMITH"},{"data":"Corpse Explosion","floor":32,"key":"SMITH"},{"data":"Burst","floor":41,"key":"SMITH"},{"floor":49,"key":"RECALL"},{"data":"Crippling Poison","floor":53,"key":"SMITH"}],"neow_cost":"NONE","seed_source_timestamp":666446041219088,"circlet_count":0,"master_deck":["AscendersBane","Defend_G","Defend_G","Defend_G","Defend_G","Defend_G","Strike_G","Strike_G","Strike_G","Strike_G","Survivor","Neutralize+1","Bouncing Flask+1","Poisoned Stab","Footwork+1","Corpse Explosion+1","PiercingWail","Catalyst+1","Dodge and Roll","Leg Sweep","Footwork+1","Crippling Poison+1","Catalyst+1","PiercingWail","Adrenaline","Crippling Poison+1","Burst+1"],"relics":["Ring of the Snake","Snake Skull","Mummified Hand","PreservedInsect","Coffee Dripper","Potion Belt","Darkstone Periapt","Busted Crown","Red Mask","Gambling Chip","Boot","Ancient Tea Set","Anchor"],"potions_floor_usage":[6,7,28,33,36,48,51,51,51,56,56,56],"damage_taken":[{"damage":2,"enemies":"2 Louse","floor":1,"turns":4},{"damage":3,"enemies":"Cultist","floor":5,"turns":4},{"damage":0,"enemies":"Small Slimes","floor":6,"turns":2},{"damage":22,"enemies":"3 Sentries","floor":7,"turns":11},{"damage":1,"enemies":"Looter","floor":11,"turns":3},{"damage":13,"enemies":"Lots of Slimes","floor":14,"turns":4},{"damage":18,"enemies":"The Guardian","floor":16,"turns":8},{"damage":21,"enemies":"Shell Parasite","floor":18,"turns":4},{"damage":0,"enemies":"Chosen","floor":20,"turns":3},{"damage":0,"enemies":"Snake Plant","floor":22,"turns":4},{"damage":0,"enemies":"Snecko","floor":24,"turns":3},{"damage":15,"enemies":"Book of Stabbing","floor":27,"turns":3},{"damage":0,"enemies":"3 Cultists","floor":28,"turns":2},{"damage":0,"enemies":"Snake Plant","floor":29,"turns":2},{"damage":0,"enemies":"Cultist and Chosen","floor":31,"turns":3},{"damage":3,"enemies":"Collector","floor":33,"turns":3},{"damage":0,"enemies":"Orb Walker","floor":35,"turns":3},{"damage":0,"enemies":"3 Shapes","floor":36,"turns":4},{"damage":4,"enemies":"Giant Head","floor":40,"turns":3},{"damage":0,"enemies":"Nemesis","floor":42,"turns":3},{"damage":0,"enemies":"Spire Growth","floor":45,"turns":1},{"damage":4,"enemies":"Reptomancer","floor":46,"turns":4},{"damage":1,"enemies":"Maw","floor":48,"turns":4},{"damage":29,"enemies":"Time Eater","floor":50,"turns":5},{"damage":22,"enemies":"Donu and Deca","floor":51,"turns":5},{"damage":5,"enemies":"Shield and Spear","floor":55,"turns":4},{"damage":40,"enemies":"The Heart","floor":56,"turns":4}],"seed_played":"1771010340498634972","potions_obtained":[{"floor":1,"key":"Explosive Potion"},{"floor":5,"key":"SmokeBomb"},{"floor":6,"key":"Block Potion"},{"floor":18,"key":"Explosive Potion"},{"floor":19,"key":"GhostInAJar"},{"floor":27,"key":"EntropicBrew"},{"floor":31,"key":"SpeedPotion"},{"floor":33,"key":"AttackPotion"},{"floor":35,"key":"Poison Potion"},{"floor":36,"key":"Poison Potion"}],"is_trial":false,"path_per_floor":["M","?","$","?","M","M","E","R","T","R","M","?","R","M","R","B",null,"M","?","M","$","M","R","M","R","T","E","M","M","R","M","R","B",null,"M","M","$","?","$","E","R","E","T","?","M","E","?","M","R","B","B",null,"R","$","E","B",null],"character_chosen":"THE_SILENT","items_purchased":["Snake Skull","Footwork","GhostInAJar","GamblersBrew"],"campfire_rested":0,"item_purchase_floors":[3,21,37,54],"current_hp_per_floor":[63,52,52,52,49,49,27,27,27,27,26,44,44,31,31,13,57,36,36,36,36,36,36,36,36,36,21,21,21,21,21,21,18,56,56,56,56,56,56,52,52,52,52,52,52,48,79,78,78,49,27,66,66,66,61,21],"gold":93,"neow_bonus":"TEN_PERCENT_HP_BONUS","is_prod":false,"is_daily":false,"chose_seed":false,"campfire_upgraded":10,"win_rate":0,"timestamp":1554796507,"path_taken":["M","?","$","?","M","M","E","R","T","R","?","?","R","M","R","BOSS","M","?","?","$","M","R","M","R","T","E","M","M","R","M","R","BOSS","M","M","$","?","$","E","R","E","T","?","M","E","?","?","R","BOSS","BOSS","R","$","E","BOSS"],"build_version":"2019-01-23","purchased_purges":1,"victory":true,"max_hp_per_floor":[72,72,72,72,72,72,72,72,72,72,72,72,72,72,72,72,72,72,72,72,69,69,69,69,69,69,69,69,69,69,69,69,69,69,69,69,69,69,69,69,69,69,69,69,69,69,79,79,79,79,79,79,79,79,79,79],"card_choices":[{"not_picked":["Deadly Poison","Blade Dance"],"picked":"Bouncing Flask","floor":1},{"not_picked":["Choke","Reflex"],"picked":"Poisoned Stab","floor":5},{"not_picked":["Backstab","Sucker Punch"],"picked":"Footwork","floor":6},{"not_picked":["Flying Knee","Expertise"],"picked":"Corpse Explosion","floor":7},{"not_picked":["Outmaneuver","Deflect"],"picked":"PiercingWail","floor":11},{"not_picked":["Reflex","Calculated Gamble"],"picked":"Catalyst","floor":14},{"not_picked":["Phantasmal Killer","Wraith Form v2"],"picked":"Adrenaline","floor":16},{"not_picked":["Setup","Predator"],"picked":"Dodge and Roll","floor":18},{"not_picked":["Predator","Outmaneuver"],"picked":"Leg Sweep","floor":20},{"not_picked":["Poisoned Stab+1","Concentrate"],"picked":"Crippling Poison","floor":22},{"not_picked":["Deflect","Outmaneuver"],"picked":"Catalyst","floor":24},{"not_picked":["Backstab+1","Quick Slash"],"picked":"PiercingWail","floor":27},{"not_picked":["Dagger Throw","Quick Slash"],"picked":"Adrenaline","floor":29},{"not_picked":["Outmaneuver","Masterful Stab"],"picked":"Crippling Poison","floor":31},{"not_picked":["Envenom","Doppelganger"],"picked":"Burst","floor":33},{"not_picked":["Poisoned Stab"],"picked":"SKIP","floor":35},{"not_picked":["Tactician"],"picked":"SKIP","floor":36},{"not_picked":["Flechettes"],"picked":"SKIP","floor":40},{"not_picked":["Envenom"],"picked":"SKIP","floor":42},{"not_picked":["Blade Dance"],"picked":"SKIP","floor":45},{"not_picked":["Underhanded Strike+1"],"picked":"SKIP","floor":46},{"not_picked":["Sucker Punch+1"],"picked":"SKIP","floor":48},{"not_picked":["Sucker Punch+1"],"picked":"SKIP","floor":48},{"not_picked":["Quick Slash"],"picked":"SKIP","floor":55}],"player_experience":1764741,"relics_obtained":[{"floor":7,"key":"Mummified Hand"},{"floor":9,"key":"PreservedInsect"},{"floor":26,"key":"Potion Belt"},{"floor":27,"key":"Darkstone Periapt"},{"floor":40,"key":"Gambling Chip"},{"floor":42,"key":"Boot"},{"floor":46,"key":"Ancient Tea Set"},{"floor":55,"key":"Anchor"}],"event_choices":[{"damage_healed":0,"gold_gain":75,"player_choice":"Gather Gold","damage_taken":11,"max_hp_gain":0,"max_hp_loss":0,"event_name":"World of Goop","floor":2,"gold_loss":0},{"damage_healed":0,"gold_gain":0,"player_choice":"0 cards matched","damage_taken":0,"max_hp_gain":0,"max_hp_loss":0,"event_name":"Match and Keep!","floor":4,"gold_loss":0,"cards_obtained":[]},{"damage_healed":18,"gold_gain":0,"player_choice":"Healed and dodged fight","damage_taken":0,"max_hp_gain":0,"max_hp_loss":0,"event_name":"Mushrooms","floor":12,"gold_loss":0,"cards_obtained":["Parasite"]},{"damage_healed":0,"gold_gain":0,"player_choice":"Bought 3 Potions","damage_taken":0,"max_hp_gain":0,"max_hp_loss":0,"event_name":"The Woman in Blue","floor":19,"gold_loss":0},{"damage_healed":0,"gold_gain":0,"player_choice":"Paid","damage_taken":0,"relics_obtained":["Red Mask"],"max_hp_gain":0,"max_hp_loss":0,"event_name":"Tomb of Lord Red Mask","floor":38,"gold_loss":173},{"cards_removed":["Strike_G"],"damage_healed":0,"gold_gain":0,"player_choice":"Removed Attack","damage_taken":0,"max_hp_gain":0,"max_hp_loss":0,"event_name":"Falling","floor":44,"gold_loss":0},{"cards_removed":["Adrenaline"],"damage_healed":21,"gold_gain":0,"player_choice":"Offered Rare","damage_taken":0,"max_hp_gain":10,"max_hp_loss":0,"event_name":"Bonfire Elementals","floor":47,"gold_loss":0}],"is_beta":false,"boss_relics":[{"not_picked":["Runic Dome","Empty Cage"],"picked":"Coffee Dripper"},{"not_picked":["Cursed Key","Astrolabe"],"picked":"Busted Crown"}],"items_purged_floors":[21],"is_endless":false,"potions_floor_spawned":[1,5,6,18,27,31,33,35,36,46],"ascension_level":20}