{"gold_per_floor":[109,42,42,58,58,84,97,97,97,108,108,128,128,143,143,143],"floor_reached":16,"playtime":1016,"items_purged":[],"score":102,"play_id":"79acfcb6-3bd4-4b55-9f0c-4f0d47262553","local_time":"20190511192529","is_ascension_mode":false,"campfire_choices":[{"data":"Bash","floor":8,"key":"SMITH"},{"data":"Pommel Strike","floor":13,"key":"SMITH"},{"floor":15,"key":"RECALL"}],"neow_cost":"NONE","seed_source_timestamp":1263574428091311,"circlet_count":0,"master_deck":["Strike_R","Strike_R","Strike_R","Strike_R","Strike_R","Defend_R+1","Defend_R","Defend_R","Defend_R+1","Bash+1","Shockwave+1","Impervious","Pommel Strike+1"],"special_seed":0,"relics":["Burning Blood","Sundial","Meat on the Bone"],"potions_floor_usage":[16,16],"damage_taken":[{"damage":1.0,"enemies":"Cultist","floor":1.0,"turns":3.0},{"damage":0,"enemies":"Small Slimes","floor":4,"turns":3},{"damage":50,"enemies":"3 Sentries","floor":6,"turns":12},{"damage":0,"enemies":"2 Louse","floor":7,"turns":3},{"damage":16,"enemies":"Exordium Wildlife","floor":10,"turns":5},{"damage":17,"enemies":"Gremlin Gang","floor":12,"turns":5},{"damage":9,"enemies":"Exordium Thugs","floor":14,"turns":6},{"damage":49,"enemies":"Hexaghost","floor":16,"turns":11}],"seed_played":"-1046805260016660599","potions_obtained":[{"floor":1.0,"key":"SpeedPotion"},{"floor":4,"key":"Swift Potion"},{"floor":12,"key":"Fire Potion"}],"is_trial":false,"path_per_floor":["M","$","?","M","?","E","M","R","T","M","$","M","R","M","R","B"],"character_chosen":"IRONCLAD","items_purchased":["Shockwave"],"campfire_rested":0,"item_purchase_floors":[2],"current_hp_per_floor":[88,88,88,88,70,26,32,32,32,34,34,35,35,44,44,0],"gold":143,"neow_bonus":"TEN_PERCENT_HP_BONUS","is_prod":false,"is_daily":false,"chose_seed":false,"campfire_upgraded":2,"win_rate":0,"timestamp":1557573929,"path_taken":["M","?","?","?","?","E","M","R","T","M","?","M","R","M","R","BOSS"],"build_version":"2019-01-23","purchased_purges":0,"victory":false,"max_hp_per_floor":[88,88,88,88,88,88,88,88,88,88,88,88,88,88,88,88],"card_choices":[{"not_picked":["Rampage","Rupture","Perfected Strike"],"picked":"SKIP","floor":1.0},{"not_picked":["Armaments","Clash","Thunderclap"],"picked":"SKIP","floor":4},{"not_picked":["Whirlwind","Thunderclap"],"picked":"Impervious","floor":6},{"not_picked":["Perfected Strike","Fire Breathing"],"picked":"Pommel Strike","floor":7},{"not_picked":["Perfected Strike","Bloodletting","Thunderclap"],"picked":"SKIP","floor":10},{"not_picked":["Wild Strike","Second Wind","Power Through"],"picked":"SKIP","floor":12},{"not_picked":["Body Slam","Second Wind","Clothesline"],"picked":"SKIP","floor":14}],"player_experience":513271,"relics_obtained":[{"floor":6,"key":"Sundial"},{"floor":9,"key":"Meat on the Bone"}],"event_choices":[{"damage_healed":0,"gold_gain":0,"player_choice":"Upgraded","damage_taken":0,"max_hp_gain":0,"max_hp_loss":0,"event_name":"Upgrade Shrine","floor":3,"gold_loss":0,"cards_upgraded":["Shockwave"]},{"damage_healed":0,"gold_gain":0,"player_choice":"Entered Light","damage_taken":18,"max_hp_gain":0,"max_hp_loss":0,"event_name":"Shining Light","floor":5,"gold_loss":0,"cards_upgraded":["Defend_R","Defend_R"]}],"is_beta":false,"boss_relics":[],"items_purged_floors":[],"is_endless":false,"potions_floor_spawned":[1,4,12],"killed_by":"Hexaghost","ascension_level":0}