{"path_per_floor":["M","$","?","M","M","E","R","?","T","M","$","M","R","?","R","B",null,"M","?","?","M","M"],"character_chosen":"IRONCLAD","items_purchased":[],"gold_per_floor":[117,42,42,57,74,99,99,99,123,137,37,49,49,49,49,153,153,167,167,167,182,193,193],"floor_reached":23,"campfire_rested":0,"playtime":348,"current_hp_per_floor":[79,79,84,79,79,71,71,71,71,79,79,57,57,57,57,11,85,78,62,46,44,28,28],"items_purged":["Defend_R","Defend_R"],"gold":193,"score":191,"play_id":"cfefd066-6d40-4034-8094-cc90ed796172","local_time":"20180414104344","is_prod":false,"is_daily":false,"chose_seed":false,"is_ascension_mode":false,"campfire_upgraded":3,"timestamp":1523727824,"path_taken":["M","$","?","M","M","E","R","?","T","M","$","M","R","?","R","BOSS","M","?","?","M","?","R"],"build_version":"2018-04-12","seed_source_timestamp":221966689553818,"purchased_purges":2,"victory":false,"master_deck":["Strike_R","Strike_R","Strike_R","Strike_R","Defend_R+1","Defend_R+1","Bash+1","Dropkick+1","Dropkick","Warcry+1","Necronomicurse"],"max_hp_per_floor":[80,80,85,85,85,85,85,85,85,85,85,85,85,85,85,85,85,85,90,90,90,90,90],"relics":["Burning Blood","War Paint","Blood Vial","Lizard Tail","Necronomicon"],"card_choices":[{"not_picked":["Battle Trance","Sentinel"],"picked":"Dropkick","floor":4},{"not_picked":["Warcry","Flex"],"picked":"Dropkick","floor":10},{"not_picked":["True Grit","Sword Boomerang"],"picked":"Warcry","floor":12}],"player_experience":462715,"potions_floor_usage":[6,10,16,16,18],"damage_taken":[{"damage":7,"enemies":"2 Louse","floor":1,"turns":3},{"damage":11,"enemies":"Jaw Worm","floor":4,"turns":3},{"damage":6,"enemies":"Cultist","floor":5,"turns":3},{"damage":14,"enemies":"Gremlin Nob","floor":6,"turns":4},{"damage":0,"enemies":"3 Louse","floor":10,"turns":1},{"damage":30,"enemies":"Exordium Wildlife","floor":12,"turns":3},{"damage":54,"enemies":"Hexaghost","floor":16,"turns":7},{"damage":13,"enemies":"Chosen","floor":18,"turns":4},{"damage":10,"enemies":"Spheric Guardian","floor":21,"turns":3},{"damage":24,"enemies":"Chosen and Byrds","floor":22,"turns":5}],"event_choices":[{"event_name":"Big Fish","player_choice":"Donut","floor":3,"damage_taken":0},{"event_name":"Dead Adventurer","player_choice":"Searched \u00270\u0027 times","floor":8,"damage_taken":0},{"event_name":"The Lab","player_choice":"Got Potions","floor":14,"damage_taken":0},{"event_name":"Forgotten Altar","player_choice":"Shed Blood","floor":19,"damage_taken":0},{"event_name":"Cursed Tome","player_choice":"Obtained Book","floor":20,"damage_taken":0}],"boss_relics":[{"not_picked":["Astrolabe","Mark of Pain"],"picked":"Lizard Tail"}],"potions_floor_spawned":[1,4,12,16,21,22],"seed_played":"173010767879790761","ascension_level":0,"is_trial":false}