{"path_per_floor":["M","?","?","$","M","R","M","M","T","$","?","M","T","M","R","B",null,"M","M","?","M","?","R","M","R","T","T","$","M","?","M","R"],"character_chosen":"THE_SILENT","items_purchased":["Deadly Poison","Bandage Up"],"gold_per_floor":[119,194,194,6,17,17,31,42,42,42,42,52,52,68,68,167,167,147,157,82,99,99,99,112,112,112,138,38,52,52,72,72,72],"floor_reached":33,"campfire_rested":0,"playtime":1322,"current_hp_per_floor":[70,59,59,59,60,60,60,58,58,58,58,61,61,58,58,46,70,65,67,67,63,63,63,42,42,42,42,42,38,25,22,22,0],"items_purged":["Strike_G","Strike_G"],"gold":72,"score":264,"play_id":"ade18753-ee9d-493a-bd83-d354e5bb5e93","local_time":"20180408194339","is_prod":false,"is_daily":false,"is_ascension_mode":false,"campfire_upgraded":5,"timestamp":1523231019,"path_taken":["M","?","?","$","?","R","M","M","T","$","?","?","?","M","R","BOSS","M","M","?","M","?","R","?","R","T","?","$","?","?","M","R","BOSS"],"build_version":"2018-04-05v2","purchased_purges":2,"victory":false,"master_deck":["Defend_G","Defend_G","Defend_G","Defend_G","Defend_G","Strike_G","Strike_G","Survivor","Neutralize+1","Malaise","Deadly Poison+1","Bandage Up","Malaise","Footwork","Caltrops+1","Deadly Poison+1","Bane+1","Dash+1","Catalyst+1"],"max_hp_per_floor":[70,70,70,70,70,70,70,70,70,70,70,70,70,70,70,70,70,70,70,70,70,70,70,70,70,70,70,70,70,75,75,75,75],"relics":["Sozu"],"card_choices":[{"not_picked":["Dagger Throw","Cloak And Dagger"],"picked":"Malaise","floor":1},{"not_picked":["Underhanded Strike","Acrobatics"],"picked":"Malaise","floor":7},{"not_picked":["Slice","Sucker Punch"],"picked":"Footwork","floor":8},{"not_picked":["Poisoned Stab","Escape Plan"],"picked":"Caltrops","floor":12},{"not_picked":["Acrobatics","Deflect"],"picked":"Deadly Poison","floor":14},{"not_picked":["PiercingWail","Deflect"],"picked":"Bane","floor":19},{"not_picked":["Slice","Envenom"],"picked":"Dash","floor":21},{"not_picked":["Prepared","Flying Knee"],"picked":"Catalyst","floor":24}],"player_experience":775195,"potions_floor_usage":[],"damage_taken":[{"damage":0,"enemies":"Cultist","floor":1,"turns":4},{"damage":3,"enemies":"Jaw Worm","floor":5,"turns":5},{"damage":0,"enemies":"2 Louse","floor":7,"turns":2},{"damage":6,"enemies":"Gremlin Gang","floor":8,"turns":6},{"damage":1,"enemies":"Blue Slaver","floor":12,"turns":6},{"damage":7,"enemies":"Exordium Thugs","floor":14,"turns":7},{"damage":16,"enemies":"The Guardian","floor":16,"turns":9},{"damage":9,"enemies":"2 Thieves","floor":18,"turns":5},{"damage":2,"enemies":"3 Byrds","floor":19,"turns":5},{"damage":7,"enemies":"Snecko","floor":21,"turns":5},{"damage":25,"enemies":"Sentry and Sphere","floor":24,"turns":7},{"damage":8,"enemies":"Slaver and Parasite","floor":29,"turns":6},{"damage":7,"enemies":"3 Cultists","floor":31,"turns":5},{"damage":28,"enemies":"Champ","floor":33,"turns":11}],"event_choices":[{"event_name":"World of Goop","player_choice":"Gather Gold","floor":2,"damage_taken":0},{"event_name":"Golden Idol","player_choice":"Ignored","floor":3,"damage_taken":0},{"event_name":"Match and Keep!","player_choice":"0 cards matched","floor":11,"damage_taken":0},{"event_name":"Beggar","player_choice":"Gave Gold","floor":20,"damage_taken":0},{"event_name":"Drug Dealer","player_choice":"Ignored","floor":22,"damage_taken":0},{"event_name":"Forgotten Altar","player_choice":"Shed Blood","floor":30,"damage_taken":0}],"boss_relics":[{"not_picked":["Black Star","White Beast Statue","Snecko Eye"]}],"potions_floor_spawned":[1,7,8,14,18,19,29,31],"seed_played":"-2077896035390915166","killed_by":"Champ","ascension_level":0,"is_trial":false}