{"gold_per_floor":[113,20,35,35,52,80,92,138,150,162,174],"floor_reached":11,"playtime":603,"items_purged":[],"score":162,"play_id":"07e066d8-ecda-4976-af9e-2ce20c814ea5","local_time":"20190429010026","is_ascension_mode":true,"campfire_choices":[{"data":"Disarm","floor":7.0,"key":"SMITH"},{"data":"Feel No Pain","floor":10.0,"key":"SMITH"}],"neow_cost":"NONE","seed_source_timestamp":543096837289978,"circlet_count":0,"master_deck":["AscendersBane","Strike_R","Strike_R","Strike_R","Strike_R","Defend_R","Defend_R","Defend_R","Defend_R","Bash","Shrug It Off","Feel No Pain+1","Cleave","Feel No Pain","Disarm+1","Warcry"],"special_seed":0,"relics":["Burning Blood","Anchor","MawBank","Turnip","Bottled Tornado"],"potions_floor_usage":[],"damage_taken":[{"damage":7.0,"enemies":"Cultist","floor":1.0,"turns":4.0},{"damage":2.0,"enemies":"Jaw Worm","floor":3.0,"turns":4.0},{"damage":0.0,"enemies":"2 Louse","floor":5.0,"turns":2.0},{"damage":50.0,"enemies":"Gremlin Nob","floor":6.0,"turns":6.0},{"damage":9.0,"enemies":"3 Sentries","floor":8.0,"turns":12.0},{"damage":51,"enemies":"Gremlin Gang","floor":11,"turns":4}],"seed_played":"-6859785931954445053","potions_obtained":[{"floor":3.0,"key":"Block Potion"}],"is_trial":false,"path_per_floor":["M","$","M","?","M","E","R","E","T","R","M"],"character_chosen":"IRONCLAD","items_purchased":["Feel No Pain","SteroidPotion"],"campfire_rested":0,"item_purchase_floors":[2,2],"current_hp_per_floor":[67,67,71,71,75,31,31,28,28,28,0],"gold":174,"neow_bonus":"RANDOM_COMMON_RELIC","is_prod":false,"is_daily":false,"chose_seed":false,"campfire_upgraded":2,"win_rate":0,"timestamp":1556514026,"path_taken":["M","$","M","?","M","E","R","E","T","R","M"],"build_version":"2019-01-23","purchased_purges":0,"victory":false,"max_hp_per_floor":[75,75,75,75,75,75,75,75,75,75,75],"card_choices":[{"not_picked":["Cleave","Perfected Strike"],"picked":"Shrug It Off","floor":1.0},{"not_picked":["Sword Boomerang","Ghostly Armor"],"picked":"Cleave","floor":3.0},{"not_picked":["Perfected Strike","Pummel"],"picked":"Feel No Pain","floor":5.0},{"not_picked":["Clothesline","Metallicize"],"picked":"Disarm","floor":6.0},{"not_picked":["Combust","Iron Wave"],"picked":"Warcry","floor":8.0}],"player_experience":2071063,"relics_obtained":[{"floor":6.0,"key":"MawBank"},{"floor":8.0,"key":"Turnip"},{"floor":9.0,"key":"Bottled Tornado"}],"event_choices":[{"cards_removed":["Strike_R"],"damage_healed":0.0,"max_hp_gain":0.0,"max_hp_loss":0.0,"gold_gain":0.0,"event_name":"Bonfire Elementals","player_choice":"Offered Basic","floor":4.0,"gold_loss":0.0,"damage_taken":0.0}],"is_beta":false,"boss_relics":[],"items_purged_floors":[],"is_endless":false,"potions_floor_spawned":[3,5],"killed_by":"Gremlin Gang","ascension_level":20}