{"gold_per_floor":[109,119,139,139,155,155,170,170,170,170],"floor_reached":10,"playtime":257,"items_purged":[],"score":120,"play_id":"ec5843d5-5465-46bd-8ac0-ecbad426410d","local_time":"20181121165727","is_ascension_mode":true,"campfire_choices":[{"data":"Mayhem","floor":6,"key":"SMITH"}],"neow_cost":"CURSE","seed_source_timestamp":593071391938854,"circlet_count":0,"master_deck":["AscendersBane","Defend_G","Defend_G","Defend_G","Defend_G","Defend_G","Strike_G","Strike_G","Strike_G","Strike_G","Strike_G","Survivor","Neutralize","Dramatic Entrance","Mayhem+1","Flying Knee","Well Laid Plans","Infinite Blades","Poisoned Stab","Dagger Spray"],"relics":["Ring of the Snake","Centennial Puzzle"],"potions_floor_usage":[5],"damage_taken":[{"damage":8,"enemies":"Small Slimes","floor":1,"turns":5},{"damage":3,"enemies":"Cultist","floor":2,"turns":4},{"damage":2,"enemies":"2 Louse","floor":3,"turns":3},{"damage":18,"enemies":"Exordium Thugs","floor":5,"turns":5},{"damage":11,"enemies":"3 Louse","floor":7,"turns":3},{"damage":52,"enemies":"Gremlin Nob","floor":10,"turns":4}],"seed_played":"-1959630743573957390","potions_obtained":[{"floor":1,"key":"Explosive Potion"},{"floor":3,"key":"FairyPotion"}],"is_trial":false,"path_per_floor":["M","M","M","?","M","R","M","?","T","E"],"character_chosen":"THE_SILENT","items_purchased":[],"campfire_rested":0,"item_purchase_floors":[],"current_hp_per_floor":[51,48,46,46,28,28,17,17,17,0],"gold":170,"neow_bonus":"RANDOM_COLORLESS_2","is_prod":false,"is_daily":false,"chose_seed":false,"campfire_upgraded":1,"win_rate":0,"timestamp":1542844647,"path_taken":["M","M","M","?","M","R","M","?","T","E"],"build_version":"2018-11-15","purchased_purges":0,"victory":false,"max_hp_per_floor":[66,66,66,66,66,66,66,66,66,66],"card_choices":[{"not_picked":["Expertise","Concentrate"],"picked":"Flying Knee","floor":1},{"not_picked":["Sucker Punch","Tactician"],"picked":"Well Laid Plans","floor":2},{"not_picked":["Outmaneuver","PiercingWail"],"picked":"Infinite Blades","floor":3},{"not_picked":["Slice","Acrobatics"],"picked":"Poisoned Stab","floor":5},{"not_picked":["Slice","Grand Finale"],"picked":"Dagger Spray","floor":7}],"player_experience":970719,"relics_obtained":[{"floor":9,"key":"Centennial Puzzle"}],"event_choices":[{"damage_healed":0,"gold_gain":0,"player_choice":"Ignored","damage_taken":0,"max_hp_gain":0,"max_hp_loss":0,"event_name":"Liars Game","floor":4,"gold_loss":0},{"cards_removed":["Writhe"],"damage_healed":0,"gold_gain":0,"player_choice":"Purged","damage_taken":0,"max_hp_gain":0,"max_hp_loss":0,"event_name":"Purifier","floor":8,"gold_loss":0}],"is_beta":true,"boss_relics":[],"items_purged_floors":[],"is_endless":false,"potions_floor_spawned":[1,3],"killed_by":"Gremlin Nob","ascension_level":20}