{"gold_per_floor":[114,55,55,15,34,34,66,82,107,107,122,122,153,171,171,247,247,267,286,286,303,303,303,317,99,156,156,156,186,200,18,18,97,147,166,177,177,187,187,187,216,216,289,319,336,348,348,365,365,365],"floor_reached":50,"playtime":1857,"items_purged":["Bite"],"score":1064,"play_id":"3315476f-e911-44a7-a02f-ba1eb9a49416","local_time":"20190322135723","is_ascension_mode":true,"campfire_choices":[{"data":"Bash","floor":6,"key":"SMITH"},{"data":"Disarm","floor":10,"key":"SMITH"},{"data":"Uppercut","floor":12,"key":"SMITH"},{"data":"True Grit","floor":15,"key":"SMITH"},{"floor":23,"key":"REST"},{"floor":27,"key":"REST"},{"data":"Rupture","floor":32,"key":"SMITH"},{"floor":40,"key":"RECALL"},{"floor":49,"key":"REST"}],"neow_cost":"NONE","seed_source_timestamp":188013395235989,"circlet_count":0,"master_deck":["AscendersBane","Defend_R","Defend_R","Defend_R","Defend_R","Bash+1","Spot Weakness","True Grit+1","Pummel","Carnage","Warcry","Disarm+1","Uppercut+1","Brutality","Shrug It Off","Reaper","Carnage+1","Feel No Pain+1","Bite","Bite","Bite","Clothesline","Corruption","Apotheosis","Pommel Strike","Feel No Pain","Feel No Pain","Rupture+1","Demon Form","Rupture+1","Shrug It Off","Flame Barrier","True Grit"],"relics":["Burning Blood","Bronze Scales","Strawberry","Vajra","The Courier","Snecko Eye","Tiny Chest","Ginger","Dream Catcher","Tiny House","Regal Pillow","Bottled Lightning","Sundial","Boot","Bag of Marbles"],"potions_floor_usage":[7,13,16,16,29,33,33,41,44,50],"damage_taken":[{"damage":14,"enemies":"Jaw Worm","floor":1,"turns":3},{"damage":0,"enemies":"Cultist","floor":5,"turns":3},{"damage":8,"enemies":"Gremlin Nob","floor":7,"turns":3},{"damage":1,"enemies":"2 Louse","floor":8,"turns":2},{"damage":11,"enemies":"2 Fungi Beasts","floor":11,"turns":4},{"damage":16,"enemies":"3 Sentries","floor":13,"turns":6},{"damage":8,"enemies":"Red Slaver","floor":14,"turns":2},{"damage":57,"enemies":"Slime Boss","floor":16,"turns":12},{"damage":31,"enemies":"Spheric Guardian","floor":18,"turns":4},{"damage":30,"enemies":"Shell Parasite","floor":19,"turns":4},{"damage":35,"enemies":"Cultist and Chosen","floor":21,"turns":8},{"damage":10,"enemies":"Sentry and Sphere","floor":24,"turns":4},{"damage":9,"enemies":"Gremlin Leader","floor":29,"turns":5},{"damage":18,"enemies":"Centurion and Healer","floor":30,"turns":8},{"damage":39,"enemies":"Automaton","floor":33,"turns":9},{"damage":22,"enemies":"Orb Walker","floor":35,"turns":4},{"damage":8,"enemies":"3 Darklings","floor":36,"turns":4},{"damage":19,"enemies":"Jaw Worm Horde","floor":38,"turns":4},{"damage":17,"enemies":"Giant Head","floor":41,"turns":7},{"damage":27,"enemies":"Nemesis","floor":44,"turns":9},{"damage":37,"enemies":"Spire Growth","floor":45,"turns":7},{"damage":8,"enemies":"Maw","floor":46,"turns":6},{"damage":50,"enemies":"Writhing Mass","floor":48,"turns":6},{"damage":68,"enemies":"Donu and Deca","floor":50,"turns":5}],"seed_played":"2685030676859414691","potions_obtained":[{"floor":1,"key":"SmokeBomb"},{"floor":3,"key":"EssenceOfSteel"},{"floor":3,"key":"AttackPotion"},{"floor":8,"key":"EssenceOfSteel"},{"floor":13,"key":"SpeedPotion"},{"floor":14,"key":"Swift Potion"},{"floor":16,"key":"SteroidPotion"},{"floor":19,"key":"AttackPotion"},{"floor":29,"key":"SkillPotion"},{"floor":33,"key":"SteroidPotion"},{"floor":34,"key":"Strength Potion"},{"floor":38,"key":"Dexterity Potion"},{"floor":41,"key":"Regen Potion"},{"floor":48,"key":"SkillPotion"}],"is_trial":false,"path_per_floor":["M","$","?","$","M","R","E","M","T","R","M","R","E","M","R","B",null,"M","M","?","M","?","R","M","$","T","R","?","E","M","$","R","B",null,"M","M","T","M","?","R","E","T","T","E","M","M","T","M","R","B"],"character_chosen":"IRONCLAD","items_purchased":["True Grit","Pummel","Apotheosis","Feel No Pain","Feel No Pain","Rupture"],"campfire_rested":3,"item_purchase_floors":[2,4,25,31,31,31],"current_hp_per_floor":[60,60,60,60,66,66,71,76,76,76,71,71,61,59,59,8,64,44,20,20,11,2,19,19,19,19,36,36,57,57,57,57,57,62,54,62,62,62,62,62,62,62,62,62,62,62,62,44,62,0],"gold":365,"neow_bonus":"RANDOM_COMMON_RELIC","is_prod":false,"is_daily":false,"chose_seed":false,"campfire_upgraded":5,"win_rate":0,"timestamp":1553288243,"path_taken":["M","$","?","$","M","R","E","M","T","R","M","R","E","M","R","BOSS","M","M","?","M","?","R","M","$","T","R","?","E","M","$","R","BOSS","M","M","?","M","?","R","E","?","T","E","M","M","?","?","R","BOSS"],"build_version":"2019-03-15","purchased_purges":1,"victory":false,"max_hp_per_floor":[75,75,75,75,75,75,82,82,82,82,82,82,82,82,82,82,82,82,82,57,57,57,57,57,57,57,57,57,57,57,57,57,57,62,62,62,62,62,62,62,62,62,62,62,62,62,62,62,62,62],"card_choices":[{"not_picked":["Clash","Warcry"],"picked":"Spot Weakness","floor":1},{"not_picked":["Rupture","Metallicize"],"picked":"Carnage","floor":5},{"not_picked":["Flex","Wild Strike"],"picked":"Warcry","floor":7},{"not_picked":["Pommel Strike","Dual Wield"],"picked":"Disarm","floor":8},{"not_picked":["Body Slam","Pommel Strike"],"picked":"Uppercut","floor":11},{"not_picked":["Rampage","Dropkick"],"picked":"Brutality","floor":13},{"not_picked":["Sword Boomerang","Warcry"],"picked":"Shrug It Off","floor":14},{"not_picked":["Brutality","Berserk"],"picked":"Reaper","floor":16},{"not_picked":["Twin Strike","Infernal Blade"],"picked":"Carnage+1","floor":18},{"not_picked":["Cleave","Sever Soul+1"],"picked":"Feel No Pain","floor":19},{"not_picked":["Wild Strike","Flex+1"],"picked":"Clothesline","floor":21},{"not_picked":["Clash","Pummel"],"picked":"Corruption","floor":24},{"not_picked":["Perfected Strike","Uppercut","Havoc"],"picked":"SKIP","floor":29},{"not_picked":["Sever Soul","Sword Boomerang"],"picked":"Pommel Strike","floor":30},{"not_picked":["Fiend Fire","Exhume"],"picked":"Demon Form","floor":33},{"not_picked":["Cleave","Rampage"],"picked":"Rupture+1","floor":34},{"not_picked":["Headbutt","Sword Boomerang"],"picked":"Heavy Blade","floor":35},{"not_picked":["Anger","Rupture+1","Sword Boomerang"],"picked":"SKIP","floor":36},{"not_picked":["Iron Wave","Warcry"],"picked":"Shrug It Off","floor":38},{"not_picked":["Anger+1","Body Slam","Clash"],"picked":"SKIP","floor":41},{"not_picked":["Wild Strike","Hemokinesis","Flex"],"picked":"SKIP","floor":44},{"not_picked":["Double Tap","Heavy Blade"],"picked":"Flame Barrier","floor":45},{"not_picked":["Uppercut","Body Slam","Blood for Blood+1"],"picked":"SKIP","floor":46},{"not_picked":["Flex","Iron Wave","Seeing Red"],"picked":"SKIP","floor":48},{"not_picked":["Sever Soul","Reckless Charge"],"picked":"True Grit","floor":49}],"player_experience":1170966,"relics_obtained":[{"floor":7,"key":"Strawberry"},{"floor":9,"key":"Vajra"},{"floor":13,"key":"The Courier"},{"floor":26,"key":"Tiny Chest"},{"floor":29,"key":"Dream Catcher"},{"floor":37,"key":"Regal Pillow"},{"floor":41,"key":"Bottled Lightning"},{"floor":42,"key":"Sundial"},{"floor":44,"key":"Boot"},{"floor":47,"key":"Bag of Marbles"}],"event_choices":[{"damage_healed":0,"gold_gain":0,"player_choice":"Got Potions","damage_taken":0,"max_hp_gain":0,"max_hp_loss":0,"event_name":"Lab","floor":3,"gold_loss":0},{"damage_healed":0,"gold_gain":0,"player_choice":"Became a vampire","damage_taken":0,"max_hp_gain":0,"max_hp_loss":25,"event_name":"Vampires","floor":20,"gold_loss":0,"cards_obtained":["Bite","Bite","Bite","Bite","Bite"]},{"damage_healed":0,"gold_gain":0,"player_choice":"Stopped","damage_taken":9,"max_hp_gain":0,"max_hp_loss":0,"event_name":"Cursed Tome","floor":22,"gold_loss":0},{"cards_removed":["Bite"],"damage_healed":0,"gold_gain":0,"player_choice":"Gave Card","damage_taken":0,"relics_obtained":["Ginger"],"max_hp_gain":0,"max_hp_loss":0,"event_name":"WeMeetAgain","floor":28,"gold_loss":0},{"cards_removed":["Heavy Blade"],"damage_healed":0,"gold_gain":0,"player_choice":"Removed Attack","damage_taken":0,"max_hp_gain":0,"max_hp_loss":0,"event_name":"Falling","floor":39,"gold_loss":0}],"is_beta":true,"boss_relics":[{"not_picked":["Sozu","Orrery"],"picked":"Snecko Eye"},{"not_picked":["Empty Cage","Calling Bell"],"picked":"Tiny House"}],"items_purged_floors":[25],"is_endless":false,"potions_floor_spawned":[1,8,11,13,14,16,19,29,33,38,41,48],"killed_by":"Donu and Deca","ascension_level":20}