{"path_per_floor":["M","M","M","?","M","R","E","$","T","?","?","R","M","M","R","B",null,"M","$","?","M","M","R"],"character_chosen":"IRONCLAD","items_purchased":["Ghostly Armor","Bag of Marbles","Finesse"],"gold_per_floor":[114,130,149,149,162,162,192,6,33,33,33,33,56,72,72,191,191,191,92,92,92,92,92],"floor_reached":24,"campfire_rested":0,"playtime":1540,"current_hp_per_floor":[48,52,56,49,52,52,51,51,51,51,51,51,57,56,56,33,98,91,91,75,70,22,22],"items_purged":[],"gold":92,"score":253,"play_id":"fb3af257-919d-4b13-a13d-b3fe6c55e3e5","is_prod":false,"is_daily":false,"is_ascension_mode":true,"campfire_upgraded":4,"path_taken":["M","M","M","?","M","R","E","$","T","?","?","R","M","?","R","BOSS","M","$","?","M","M","R","M"],"build_version":"2018-02-08-PROD1","purchased_purges":2,"victory":false,"master_deck":["Strike_R","Strike_R","Strike_R","Strike_R","Defend_R","Defend_R","Defend_R","Defend_R","Bash","Inflame+1","Metallicize+1","Armaments+1","Headbutt","Iron Wave","Ghostly Armor","Juggernaut+1","Shockwave","Bludgeon","Heavy Blade","Finesse","Shrug It Off+1","Bludgeon"],"max_hp_per_floor":[96,96,96,96,96,96,106,106,106,106,98,98,98,98,98,98,98,98,98,98,98,98,98],"relics":["Burning Blood","Pear","Bag of Marbles","Pen Nib","Golden Idol","Ectoplasm","Nilry\u0027s Codex"],"card_choices":[{"not_picked":["Metallicize","Impervious"],"picked":"Inflame"},{"not_picked":["Clothesline","Body Slam"],"picked":"Metallicize"},{"not_picked":["Combust","Intimidate"],"picked":"Armaments"},{"not_picked":["Armaments","Sever Soul"],"picked":"Headbutt"},{"not_picked":["Warcry","Pommel Strike"],"picked":"Iron Wave"},{"not_picked":["Heavy Blade","Armaments"],"picked":"Juggernaut"},{"not_picked":["Reckless Charge","Perfected Strike"],"picked":"Shockwave"},{"not_picked":["Reaper","Double Tap"],"picked":"Bludgeon"},{"not_picked":["Headbutt","Perfected Strike"],"picked":"Heavy Blade"},{"not_picked":["Body Slam","Sword Boomerang"],"picked":"Shrug It Off"},{"not_picked":["Warcry","Clash"],"picked":"Bludgeon"}],"player_experience":153899,"potions_floor_usage":[3,5,7,21,22,24],"damage_taken":[{"damage":6,"enemies":"Cultist","floor":1,"turns":3},{"damage":2,"enemies":"Jaw Worm","floor":2,"turns":3},{"damage":2,"enemies":"Small Slimes","floor":3,"turns":3},{"damage":3,"enemies":"Looter","floor":5,"turns":4},{"damage":17,"enemies":"Gremlin Nob","floor":7,"turns":5},{"damage":0,"enemies":"3 Louse","floor":13,"turns":5},{"damage":7,"enemies":"Red Slaver","floor":14,"turns":5},{"damage":29,"enemies":"Hexaghost","floor":16,"turns":10},{"damage":13,"enemies":"Spheric Guardian","floor":18,"turns":4},{"damage":11,"enemies":"Chosen","floor":21,"turns":4},{"damage":54,"enemies":"Centurion and Healer","floor":22,"turns":6},{"damage":22,"enemies":"Snake Plant","floor":24,"turns":2}],"event_choices":[{"event_name":"Golden Wing","player_choice":"Card Removal","floor":4,"damage_taken":0},{"event_name":"The Cleric","player_choice":"Leave","floor":10,"damage_taken":0},{"event_name":"Golden Idol","player_choice":"Lose Max HP","floor":11,"damage_taken":0},{"event_name":"Cursed Tome","player_choice":"Obtained Book","floor":20,"damage_taken":0}],"boss_relics":[{"not_picked":["Astrolabe","Cursed Key"],"picked":"Ectoplasm"}],"potions_floor_spawned":[1,2,3,16,18,21],"seed_played":"-2725508800599706036","killed_by":"Snake Plant","ascension_level":3,"is_trial":false}