{"gold_per_floor":[112,124,144,8,24,354,331,361,361,361,361,326,341,374,374,374],"floor_reached":16,"playtime":630,"items_purged":[],"score":156,"play_id":"eb465ea8-039d-4de1-89b8-68ffe8059e9a","local_time":"20190313022856","is_ascension_mode":true,"campfire_choices":[{"data":"Lockon","floor":15,"key":"SMITH"}],"neow_cost":"NONE","seed_source_timestamp":833125850664333,"circlet_count":0,"master_deck":["Strike_B","Strike_B","Strike_B","Strike_B","Defend_B","Defend_B","Defend_B","Defend_B","Zap","Dualcast","Trip+1","Turbo","Sweeping Beam","Cold Snap","Melter","Lockon+1","Gash","Ball Lightning","Genetic Algorithm","Electrodynamics","Gash"],"relics":["Cracked Core","Old Coin","Regal Pillow","Oddly Smooth Stone","Kunai"],"potions_floor_usage":[6,8,14,16],"damage_taken":[{"damage":1,"enemies":"Cultist","floor":1,"turns":4},{"damage":7,"enemies":"Small Slimes","floor":2,"turns":3},{"damage":0,"enemies":"2 Louse","floor":3,"turns":3},{"damage":14,"enemies":"Exordium Wildlife","floor":5,"turns":3},{"damage":31,"enemies":"Lagavulin","floor":6,"turns":4},{"damage":9,"enemies":"3 Sentries","floor":8,"turns":5},{"damage":6,"enemies":"Large Slime","floor":13,"turns":3},{"damage":8,"enemies":"Gremlin Nob","floor":14,"turns":3},{"damage":18,"enemies":"Hexaghost","floor":16,"turns":7}],"seed_played":"-37341341785740130","potions_obtained":[{"floor":3,"key":"FocusPotion"},{"floor":5,"key":"PowerPotion"},{"floor":8,"key":"AttackPotion"},{"floor":13,"key":"SkillPotion"}],"is_trial":false,"path_per_floor":["M","M","M","$","M","E","?","E","T","?","?","?","M","E","R","B"],"character_chosen":"DEFECT","items_purchased":["Melter","Lockon"],"campfire_rested":0,"item_purchase_floors":[4,4],"current_hp_per_floor":[67,60,60,60,46,15,15,6,6,6,11,31,25,17,17,0],"gold":374,"neow_bonus":"RANDOM_COLORLESS","is_prod":false,"is_daily":false,"chose_seed":false,"campfire_upgraded":1,"win_rate":0,"timestamp":1552458536,"path_taken":["M","M","M","?","?","E","?","E","T","?","?","?","M","E","R","BOSS"],"build_version":"2019-01-23","purchased_purges":0,"victory":false,"max_hp_per_floor":[75,75,75,75,75,75,75,75,75,75,80,80,80,80,80,80],"card_choices":[{"not_picked":["Leap","Stack"],"picked":"Turbo","floor":1},{"not_picked":["Steam","Static Discharge"],"picked":"Sweeping Beam","floor":2},{"not_picked":["Skim","Leap"],"picked":"Cold Snap","floor":3},{"not_picked":["Ball Lightning","Steam"],"picked":"Gash","floor":5},{"not_picked":["Reprogram","Leap"],"picked":"Ball Lightning","floor":6},{"not_picked":["Conserve Battery","Rebound"],"picked":"Genetic Algorithm","floor":8},{"not_picked":["Gash","Stack"],"picked":"Electrodynamics","floor":13},{"not_picked":["Rebound","Loop"],"picked":"Gash","floor":14}],"player_experience":1070069,"relics_obtained":[{"floor":6,"key":"Old Coin"},{"floor":8,"key":"Regal Pillow"},{"floor":9,"key":"Oddly Smooth Stone"},{"floor":14,"key":"Kunai"}],"event_choices":[{"damage_healed":0,"gold_gain":0,"player_choice":"Left Gold","damage_taken":0,"max_hp_gain":0,"max_hp_loss":0,"event_name":"World of Goop","floor":7,"gold_loss":23},{"damage_healed":0,"gold_gain":0,"player_choice":"Grow","damage_taken":0,"max_hp_gain":0,"max_hp_loss":0,"event_name":"Living Wall","floor":10,"gold_loss":0,"cards_upgraded":["Trip"]},{"damage_healed":0,"gold_gain":0,"player_choice":"Donut","damage_taken":0,"max_hp_gain":5,"max_hp_loss":0,"event_name":"Big Fish","floor":11,"gold_loss":0},{"damage_healed":20,"gold_gain":0,"player_choice":"Healed","damage_taken":0,"max_hp_gain":0,"max_hp_loss":0,"event_name":"The Cleric","floor":12,"gold_loss":35}],"is_beta":false,"boss_relics":[],"items_purged_floors":[],"is_endless":false,"potions_floor_spawned":[3,5,8,13],"killed_by":"Hexaghost","ascension_level":6}