{"gold_per_floor":[116,133,133,148,160,160,190,190,190,217,217,233,233,251,251,322,322,338,11,11],"floor_reached":20,"playtime":1095,"items_purged":["Strike_G"],"score":468,"play_id":"ccffa76b-08e9-4067-be58-b28c742cfc25","local_time":"20190430023820","is_ascension_mode":true,"campfire_choices":[{"data":"Neutralize","floor":6,"key":"SMITH"},{"data":"Corpse Explosion","floor":8,"key":"SMITH"},{"floor":11,"key":"REST"},{"data":"Noxious Fumes","floor":13,"key":"SMITH"},{"data":"Dodge and Roll","floor":15,"key":"SMITH"}],"neow_cost":"NONE","seed_source_timestamp":635386824808396,"circlet_count":0,"master_deck":["AscendersBane","Defend_G","Defend_G","Defend_G","Defend_G","Defend_G","Strike_G","Strike_G","Strike_G","Strike_G","Survivor","Neutralize+1","Dagger Throw","Crippling Poison+1","Slice","PiercingWail","Corpse Explosion+1","Noxious Fumes+1","Dodge and Roll+1","Glass Knife","Escape Plan","Footwork"],"relics":["Ring of the Snake","Sundial","Ninja Scroll","Mercury Hourglass","White Beast Statue","Snake Skull"],"potions_floor_usage":[4,7,16,20,20],"damage_taken":[{"damage":0,"enemies":"Small Slimes","floor":1,"turns":4},{"damage":0,"enemies":"2 Louse","floor":2,"turns":2},{"damage":0,"enemies":"Jaw Worm","floor":4,"turns":5},{"damage":0,"enemies":"Exordium Wildlife","floor":5,"turns":2},{"damage":37,"enemies":"Gremlin Nob","floor":7,"turns":6},{"damage":12,"enemies":"Lagavulin","floor":10,"turns":5},{"damage":0,"enemies":"Large Slime","floor":12,"turns":4},{"damage":0,"enemies":"Lots of Slimes","floor":14,"turns":1},{"damage":0,"enemies":"The Guardian","floor":16,"turns":11},{"damage":20,"enemies":"2 Thieves","floor":18,"turns":3},{"damage":15,"enemies":"Colosseum Slavers","floor":20,"turns":3},{"damage":47,"enemies":"Colosseum Nobs","floor":20,"turns":4}],"seed_played":"5459471681627057300","potions_obtained":[{"floor":0,"key":"SteroidPotion"},{"floor":0,"key":"Explosive Potion"},{"floor":1,"key":"Fruit Juice"},{"floor":4,"key":"Regen Potion"},{"floor":5,"key":"Dexterity Potion"},{"floor":14,"key":"Dexterity Potion"},{"floor":18,"key":"EssenceOfSteel"}],"is_trial":false,"path_per_floor":["M","M","?","M","M","R","E","R","T","E","R","M","R","M","R","B",null,"M","$","?"],"character_chosen":"THE_SILENT","items_purchased":["Snake Skull","Footwork"],"campfire_rested":1,"item_purchase_floors":[19,19],"current_hp_per_floor":[59,59,59,64,64,64,27,27,27,15,36,36,36,36,36,36,62,42,42,0],"gold":11,"neow_bonus":"THREE_SMALL_POTIONS","is_prod":false,"is_daily":false,"chose_seed":false,"campfire_upgraded":4,"win_rate":0,"timestamp":1556606300,"path_taken":["M","M","?","M","M","R","E","R","T","E","R","M","R","M","R","BOSS","M","$","?"],"build_version":"2019-01-23","purchased_purges":1,"victory":false,"max_hp_per_floor":[66,66,66,71,71,71,71,71,71,71,71,71,71,71,71,71,71,71,71,71],"card_choices":[{"not_picked":["Outmaneuver","Slice"],"picked":"Dagger Throw","floor":1},{"not_picked":["Prepared","Dodge and Roll"],"picked":"Crippling Poison","floor":2},{"not_picked":["Accuracy","Blade Dance"],"picked":"Slice","floor":4},{"not_picked":["Flying Knee","Slice"],"picked":"PiercingWail","floor":5},{"not_picked":["Backstab","Blade Dance"],"picked":"Corpse Explosion","floor":7},{"not_picked":["Sucker Punch","Unload","Concentrate"],"picked":"SKIP","floor":10},{"not_picked":["Leg Sweep","PiercingWail"],"picked":"Noxious Fumes","floor":12},{"not_picked":["Setup","Riddle With Holes"],"picked":"Dodge and Roll","floor":14},{"not_picked":["Doppelganger","Tools of the Trade"],"picked":"Glass Knife","floor":16},{"not_picked":["Predator+1","Prepared"],"picked":"Escape Plan","floor":18}],"player_experience":2130945,"relics_obtained":[{"floor":7,"key":"Sundial"},{"floor":9,"key":"Ninja Scroll"},{"floor":10,"key":"Mercury Hourglass"}],"event_choices":[{"damage_healed":0,"gold_gain":0,"player_choice":"Grow","damage_taken":0,"max_hp_gain":0,"max_hp_loss":0,"event_name":"Living Wall","floor":3,"gold_loss":0,"cards_upgraded":["Crippling Poison"]},{"damage_healed":0,"gold_gain":0,"player_choice":"Fight","damage_taken":0,"max_hp_gain":0,"max_hp_loss":0,"event_name":"Colosseum","floor":20,"gold_loss":0},{"damage_healed":0,"gold_gain":0,"player_choice":"Fought Nobs","damage_taken":0,"max_hp_gain":0,"max_hp_loss":0,"event_name":"Colosseum","floor":20,"gold_loss":0}],"is_beta":false,"boss_relics":[{"not_picked":["Calling Bell","Snecko Eye"],"picked":"White Beast Statue"}],"items_purged_floors":[19],"is_endless":false,"potions_floor_spawned":[1,4,5,14,18,20],"killed_by":"Colosseum Nobs","ascension_level":20}