{"gold_per_floor":[12,27,47,47,65,100,118,118,142,154,154],"floor_reached":11,"playtime":674,"items_purged":[],"score":171,"play_id":"3f4dcdb1-5520-4496-8163-fb8c902de73d","local_time":"20190314012435","is_ascension_mode":true,"campfire_choices":[{"data":"Armaments","floor":8,"key":"SMITH"}],"neow_cost":"NO_GOLD","seed_source_timestamp":51116422887898,"circlet_count":0,"master_deck":["AscendersBane","Strike_R","Strike_R","Strike_R","Strike_R","Strike_R","Defend_R","Defend_R","Defend_R","Defend_R","Bash","Feed","Clothesline","Cleave","Dual Wield","Offering","Feel No Pain","Armaments+1","Shrug It Off"],"relics":["Burning Blood","Potion Belt","Dream Catcher"],"potions_floor_usage":[5,6,10],"damage_taken":[{"damage":1,"enemies":"2 Louse","floor":1,"turns":5},{"damage":8,"enemies":"Jaw Worm","floor":2,"turns":6},{"damage":0,"enemies":"Cultist","floor":3,"turns":3},{"damage":6,"enemies":"Exordium Wildlife","floor":5,"turns":3},{"damage":56,"enemies":"3 Sentries","floor":6,"turns":11},{"damage":20,"enemies":"Red Slaver","floor":7,"turns":5},{"damage":23,"enemies":"Lots of Slimes","floor":10,"turns":6},{"damage":44,"enemies":"Gremlin Nob","floor":11,"turns":4}],"seed_played":"-5879118469732138292","potions_obtained":[{"floor":1,"key":"Explosive Potion"},{"floor":3,"key":"Poison Potion"},{"floor":7,"key":"Regen Potion"}],"is_trial":false,"path_per_floor":["M","M","M","?","M","E","M","R","T","M","E"],"character_chosen":"IRONCLAD","items_purchased":[],"campfire_rested":0,"item_purchase_floors":[],"current_hp_per_floor":[76,77,84,84,87,40,29,29,29,31,0],"gold":154,"neow_bonus":"THREE_RARE_CARDS","is_prod":false,"is_daily":false,"chose_seed":false,"campfire_upgraded":1,"win_rate":0,"timestamp":1552541075,"path_taken":["M","M","M","?","M","E","M","R","T","M","E"],"build_version":"2019-01-23","purchased_purges":0,"victory":false,"max_hp_per_floor":[78,81,84,84,87,90,93,93,93,97,97],"card_choices":[{"not_picked":["Impervious","Reaper"],"picked":"Feed","floor":0},{"not_picked":["Infernal Blade","Clash"],"picked":"Clothesline","floor":1},{"not_picked":["Sword Boomerang","Perfected Strike"],"picked":"Cleave","floor":2},{"not_picked":["Fire Breathing","Headbutt"],"picked":"Dual Wield","floor":3},{"not_picked":["Heavy Blade","Power Through"],"picked":"Offering","floor":5},{"not_picked":["Corruption","Pommel Strike"],"picked":"Feel No Pain","floor":6},{"not_picked":["Cleave","True Grit"],"picked":"Armaments","floor":7},{"not_picked":["Carnage","Seeing Red"],"picked":"Shrug It Off","floor":10}],"player_experience":1106528,"relics_obtained":[{"floor":6,"key":"Potion Belt"},{"floor":9,"key":"Dream Catcher"}],"event_choices":[{"damage_healed":0,"gold_gain":0,"player_choice":"Leave","damage_taken":0,"max_hp_gain":0,"max_hp_loss":0,"event_name":"The Cleric","floor":4,"gold_loss":0}],"is_beta":false,"boss_relics":[],"items_purged_floors":[],"is_endless":false,"potions_floor_spawned":[1,3,7],"killed_by":"Gremlin Nob","ascension_level":18}