{"path_per_floor":["M","M","$","M","?","?","R","E","T","T","?","E","M","M","R"],"character_chosen":"THE_SILENT","items_purchased":["Noxious Fumes","Poisoned Stab"],"gold_per_floor":[118,133,31,49,124,299,299,330,330,330,330,358,375,391,391],"floor_reached":16,"campfire_rested":0,"playtime":1033,"current_hp_per_floor":[70,70,70,69,58,58,58,24,24,24,41,19,19,19,19],"items_purged":[],"gold":391,"score":110,"play_id":"12b7f85e-6b95-4d53-834f-114b77ec5296","is_prod":false,"is_daily":false,"is_ascension_mode":false,"campfire_upgraded":2,"path_taken":["M","M","$","M","?","?","R","E","T","?","?","E","M","M","R","BOSS"],"build_version":"2018-02-08-PROD1","purchased_purges":0,"victory":false,"master_deck":["Defend_G","Defend_G","Defend_G","Defend_G","Defend_G","Strike_G","Strike_G","Strike_G","Strike_G","Strike_G","Survivor","Neutralize","Well Laid Plans","Footwork+1","Noxious Fumes+1","Poisoned Stab","Doubt","Cloak And Dagger","Parasite","Riddle With Holes","Escape Plan","Slice"],"max_hp_per_floor":[70,70,70,70,70,70,70,70,70,70,70,70,70,70,70],"relics":["Sozu","Bronze Scales","Calipers","Shovel","Unceasing Top"],"card_choices":[{"not_picked":["Prepared","Dodge and Roll"],"picked":"Well Laid Plans"},{"not_picked":["Dodge and Roll","Poisoned Stab"],"picked":"Footwork"},{"not_picked":["Tools of the Trade","Night Terror"],"picked":"Cloak And Dagger"},{"not_picked":["Dagger Spray","Quick Slash"],"picked":"Riddle With Holes"},{"not_picked":["Well Laid Plans","Deadly Poison"],"picked":"Escape Plan"},{"not_picked":["PiercingWail","Dodge and Roll"],"picked":"Slice"}],"player_experience":131454,"potions_floor_usage":[],"damage_taken":[{"damage":0,"enemies":"Jaw Worm","floor":1,"turns":4},{"damage":0,"enemies":"2 Louse","floor":2,"turns":3},{"damage":1,"enemies":"Cultist","floor":4,"turns":4},{"damage":34,"enemies":"Gremlin Nob","floor":8,"turns":6},{"damage":22,"enemies":"3 Sentries","floor":12,"turns":7},{"damage":0,"enemies":"Looter","floor":13,"turns":3},{"damage":0,"enemies":"Large Slime","floor":14,"turns":6},{"damage":35,"enemies":"Slime Boss","floor":16,"turns":3}],"event_choices":[{"event_name":"World of Goop","player_choice":"Gather Gold","floor":5,"damage_taken":0},{"event_name":"Liars Game","player_choice":"agreed","floor":6,"damage_taken":0},{"event_name":"Mushrooms","player_choice":"Healed and dodged fight","floor":11,"damage_taken":0}],"boss_relics":[],"potions_floor_spawned":[1,8,14],"seed_played":"418833246093974568","killed_by":"Slime Boss","ascension_level":0,"is_trial":false}