{"gold_per_floor":[217,230,244,255,273,273,292,320,320,320,320,21,21,32,32,132,132,148,160,75,0,17,17,29,29,29,48,75,475,507,6,6,109,109,121,121,139,16,28,28,60,60,60,60,77,77,0,35,35,35,35,35,0,31,31],"floor_reached":55,"playtime":3230,"items_purged":["Strike_R","Strike_R"],"score":867,"play_id":"14679402-fdfd-43e2-9000-88a6f3b28474","local_time":"20190320005600","is_ascension_mode":false,"campfire_choices":[{"data":"Seeing Red","floor":6,"key":"SMITH"},{"data":"Barricade","floor":10,"key":"SMITH"},{"data":"Flame Barrier","floor":13,"key":"SMITH"},{"data":"Pommel Strike","floor":15,"key":"SMITH"},{"data":"Body Slam","floor":23,"key":"SMITH"},{"data":"Juggernaut","floor":32,"key":"SMITH"},{"data":"Metallicize","floor":40,"key":"SMITH"},{"floor":42,"key":"RECALL"},{"data":"Demon Form","floor":46,"key":"SMITH"},{"floor":49,"key":"REST"},{"data":"Shockwave","floor":52,"key":"SMITH"}],"neow_cost":"NONE","seed_source_timestamp":254196782493167,"circlet_count":0,"master_deck":["Defend_R","Defend_R","Defend_R","Defend_R","Bash+1","Shockwave+1","Clothesline+1","Clothesline","Seeing Red+1","Pommel Strike+1","Flame Barrier+1","Barricade+1","Shrug It Off","Juggernaut+1","Headbutt","Body Slam+1","Metallicize+1","Shrug It Off+1","Body Slam+1","Armaments+1","Flame Barrier+1","Shrug It Off","Demon Form+1","Bandage Up","Thunderclap+1","Thunderclap+1","Feel No Pain","Warcry","Reaper+1"],"relics":["Burning Blood","Whetstone","Pantograph","Mercury Hourglass","Runic Dome","Kunai","Potion Belt","Old Coin","The Courier","Ginger","Membership Card","Strawberry","Shuriken","Molten Egg 2","Empty Cage","Bag of Marbles","Self Forming Clay","Bottled Flame","Red Mask","Dream Catcher","Calipers"],"potions_floor_usage":[5,14,16,16,24,27,28,29,29,33,33,41,48,50],"damage_taken":[{"damage":9,"enemies":"2 Louse","floor":1,"turns":3},{"damage":1,"enemies":"Cultist","floor":2,"turns":4},{"damage":5,"enemies":"Small Slimes","floor":3,"turns":4},{"damage":6,"enemies":"2 Fungi Beasts","floor":4,"turns":4},{"damage":0,"enemies":"Gremlin Gang","floor":5,"turns":4},{"damage":0,"enemies":"Looter","floor":7,"turns":3},{"damage":22,"enemies":"Lagavulin","floor":8,"turns":8},{"damage":3,"enemies":"Exordium Thugs","floor":14,"turns":5},{"damage":0,"enemies":"The Guardian","floor":16,"turns":11},{"damage":15,"enemies":"Spheric Guardian","floor":18,"turns":5},{"damage":6,"enemies":"Chosen","floor":19,"turns":5},{"damage":0,"enemies":"Centurion and Healer","floor":22,"turns":8},{"damage":2,"enemies":"Sentry and Sphere","floor":24,"turns":6},{"damage":6,"enemies":"Snake Plant","floor":27,"turns":3},{"damage":0,"enemies":"Book of Stabbing","floor":28,"turns":5},{"damage":30,"enemies":"Colosseum Slavers","floor":29,"turns":5},{"damage":9,"enemies":"Colosseum Nobs","floor":29,"turns":4},{"damage":32,"enemies":"Slavers","floor":30,"turns":5},{"damage":11,"enemies":"Champ","floor":33,"turns":10},{"damage":0,"enemies":"Orb Walker","floor":35,"turns":3},{"damage":6,"enemies":"3 Shapes","floor":37,"turns":6},{"damage":31,"enemies":"Transient","floor":39,"turns":5},{"damage":0,"enemies":"Giant Head","floor":41,"turns":6},{"damage":7,"enemies":"3 Darklings","floor":45,"turns":5},{"damage":37,"enemies":"Reptomancer","floor":48,"turns":6},{"damage":42,"enemies":"Donu and Deca","floor":50,"turns":10},{"damage":37,"enemies":"Shield and Spear","floor":54,"turns":6},{"damage":119,"enemies":"The Heart","floor":55,"turns":11}],"seed_played":"-3090818372760753133","potions_obtained":[{"floor":1,"key":"SpeedPotion"},{"floor":3,"key":"Fire Potion"},{"floor":5,"key":"EssenceOfSteel"},{"floor":8,"key":"AttackPotion"},{"floor":14,"key":"LiquidBronze"},{"floor":22,"key":"Explosive Potion"},{"floor":24,"key":"AttackPotion"},{"floor":25,"key":"Fire Potion"},{"floor":25,"key":"Energy Potion"},{"floor":27,"key":"Explosive Potion"},{"floor":30,"key":"Regen Potion"},{"floor":39,"key":"Swift Potion"},{"floor":41,"key":"Fire Potion"},{"floor":45,"key":"SneckoOil"},{"floor":54,"key":"Explosive Potion"}],"is_trial":false,"path_per_floor":["M","M","M","M","M","R","M","E","T","R","?","$","R","M","R","B",null,"M","M","?","?","M","R","M","?","T","M","E","?","E","$","R","B",null,"M","?","M","$","M","R","E","R","T","?","M","R","?","E","R","B",null,"R","$","E","B"],"character_chosen":"IRONCLAD","items_purchased":["Mercury Hourglass","Shrug It Off","Membership Card","Strawberry","Shuriken","Molten Egg 2","Regen Potion","Strength Potion","Bag of Marbles","Shrug It Off","Feel No Pain","Warcry"],"campfire_rested":1,"item_purchase_floors":[12,12,31,31,31,31,31,31,38,38,53,53],"current_hp_per_floor":[77,80,80,80,80,80,80,64,64,64,64,64,64,67,67,80,80,71,71,71,71,77,77,80,80,80,80,80,53,27,34,34,87,87,87,87,87,87,62,62,68,68,68,68,71,71,71,44,70,55,87,87,87,60,0],"gold":31,"neow_bonus":"HUNDRED_GOLD","is_prod":false,"is_daily":false,"chose_seed":false,"campfire_upgraded":9,"win_rate":0,"timestamp":1553057760,"path_taken":["M","M","M","M","M","R","M","E","T","R","?","?","R","M","R","BOSS","M","M","?","?","M","R","M","?","T","?","E","?","E","?","R","BOSS","M","?","?","$","M","R","E","R","T","?","M","R","?","E","R","BOSS","R","$","E","BOSS"],"build_version":"2019-01-23","purchased_purges":2,"victory":false,"max_hp_per_floor":[80,80,80,80,80,80,80,80,80,80,80,80,80,80,80,80,80,80,80,80,80,80,80,80,80,80,80,80,80,80,87,87,87,87,87,87,87,87,87,87,87,87,87,87,87,87,87,87,87,87,87,87,87,87,87],"card_choices":[{"not_picked":["Reckless Charge","Ghostly Armor"],"picked":"Shockwave","floor":1},{"not_picked":["Heavy Blade","Headbutt"],"picked":"Clothesline","floor":2},{"not_picked":["Anger","Perfected Strike"],"picked":"Clothesline","floor":3},{"not_picked":["Infernal Blade","Rage"],"picked":"Seeing Red","floor":4},{"not_picked":["Hemokinesis","Anger"],"picked":"Pommel Strike","floor":5},{"not_picked":["Shockwave","Thunderclap"],"picked":"Flame Barrier","floor":7},{"not_picked":["Blood for Blood","Searing Blow"],"picked":"Barricade","floor":8},{"not_picked":["Heavy Blade","Clothesline","Wild Strike"],"picked":"SKIP","floor":14},{"not_picked":["Double Tap","Fiend Fire"],"picked":"Juggernaut","floor":16},{"not_picked":["Twin Strike","Havoc"],"picked":"Headbutt","floor":18},{"not_picked":["Perfected Strike","Flex","Clothesline"],"picked":"SKIP","floor":19},{"not_picked":["Cleave+1","Ghostly Armor"],"picked":"Body Slam","floor":22},{"not_picked":["Pommel Strike+1","Iron Wave"],"picked":"Metallicize","floor":24},{"not_picked":["Flex","Headbutt"],"picked":"Shrug It Off+1","floor":27},{"not_picked":["Barricade","Metallicize"],"picked":"Body Slam+1","floor":28},{"not_picked":["Combust","Iron Wave"],"picked":"Armaments+1","floor":29},{"not_picked":["Sever Soul","Body Slam","Clothesline+1"],"picked":"SKIP","floor":30},{"not_picked":["Sword Boomerang+1","Inflame","Cleave+1"],"picked":"SKIP","floor":35},{"not_picked":["Seeing Red","Iron Wave+1"],"picked":"Flame Barrier+1","floor":37},{"not_picked":["Headbutt+1","Wild Strike+1","Havoc"],"picked":"SKIP","floor":39},{"not_picked":["Sever Soul+1","Clothesline+1"],"picked":"Demon Form","floor":41},{"not_picked":["Chrysalis","Swift Strike+1"],"picked":"Bandage Up","floor":44},{"not_picked":["Anger+1","Sword Boomerang+1","Shrug It Off"],"picked":"SKIP","floor":45},{"not_picked":["Pommel Strike+1","Uppercut+1"],"picked":"Thunderclap+1","floor":48},{"not_picked":["Rage+1","Flex"],"picked":"Thunderclap+1","floor":49},{"not_picked":["Shockwave","Sword Boomerang+1"],"picked":"Reaper+1","floor":54}],"player_experience":1276747,"relics_obtained":[{"floor":8,"key":"Whetstone"},{"floor":9,"key":"Pantograph"},{"floor":28,"key":"Potion Belt"},{"floor":29,"key":"Old Coin"},{"floor":29,"key":"The Courier"},{"floor":30,"key":"Ginger"},{"floor":41,"key":"Self Forming Clay"},{"floor":43,"key":"Bottled Flame"},{"floor":48,"key":"Dream Catcher"},{"floor":54,"key":"Calipers"}],"event_choices":[{"damage_healed":0,"gold_gain":0,"cards_transformed":["Strike_R"],"player_choice":"Transformed","damage_taken":0,"max_hp_gain":0,"max_hp_loss":0,"event_name":"Transmorgrifier","floor":11,"gold_loss":0,"cards_obtained":["Bloodletting"]},{"damage_healed":0,"gold_gain":0,"player_choice":"Obtained Relic","damage_taken":0,"relics_obtained":["Kunai"],"max_hp_gain":0,"max_hp_loss":0,"event_name":"Addict","floor":20,"gold_loss":85},{"cards_removed":["Strike_R"],"damage_healed":0,"gold_gain":0,"player_choice":"Gave Gold","damage_taken":0,"max_hp_gain":0,"max_hp_loss":0,"event_name":"Beggar","floor":21,"gold_loss":75},{"damage_healed":0,"gold_gain":0,"player_choice":"Got Potions","damage_taken":0,"max_hp_gain":0,"max_hp_loss":0,"event_name":"Lab","floor":25,"gold_loss":0},{"damage_healed":0,"gold_gain":0,"player_choice":"Fight","damage_taken":0,"max_hp_gain":0,"max_hp_loss":0,"event_name":"Colosseum","floor":29,"gold_loss":0},{"damage_healed":0,"gold_gain":0,"player_choice":"Fought Nobs","damage_taken":0,"max_hp_gain":0,"max_hp_loss":0,"event_name":"Colosseum","floor":29,"gold_loss":0},{"damage_healed":0,"gold_gain":0,"player_choice":"Ignored","damage_taken":0,"max_hp_gain":0,"max_hp_loss":0,"event_name":"SecretPortal","floor":36,"gold_loss":0},{"damage_healed":0,"gold_gain":0,"player_choice":"Memory 1","damage_taken":0,"max_hp_gain":0,"max_hp_loss":0,"event_name":"SensoryStone","floor":44,"gold_loss":0},{"damage_healed":0,"gold_gain":0,"player_choice":"Paid","damage_taken":0,"relics_obtained":["Red Mask"],"max_hp_gain":0,"max_hp_loss":0,"event_name":"Tomb of Lord Red Mask","floor":47,"gold_loss":77}],"is_beta":false,"boss_relics":[{"not_picked":["Eternal Feather","Snecko Eye"],"picked":"Runic Dome"},{"not_picked":["Velvet Choker","Tiny House"],"picked":"Empty Cage"}],"items_purged_floors":[31,38],"is_endless":false,"potions_floor_spawned":[1,3,5,8,14,22,24,27,29,30,39,41,45,54],"killed_by":"The Heart","ascension_level":0}