{"path_per_floor":["M","?","M","?","M","R","M","E","T","T","?","$","R","E","R"],"character_chosen":"IRONCLAD","items_purchased":["Juzu Bracelet","Apotheosis"],"gold_per_floor":[109,109,125,200,215,215,226,257,311,311,332,11,11,36,36,36],"floor_reached":16,"campfire_rested":0,"playtime":625,"current_hp_per_floor":[78,75,80,69,75,75,69,38,38,38,21,21,21,19,19,0],"items_purged":[],"gold":36,"score":167,"play_id":"9cc29c84-7a35-40ec-b58f-af0bd3eca0d4","local_time":"20180324182240","is_prod":false,"is_daily":false,"is_ascension_mode":true,"campfire_upgraded":3,"timestamp":1521930160,"path_taken":["M","?","M","?","?","R","M","E","T","?","?","$","R","E","R","BOSS"],"build_version":"2018-03-22v2","purchased_purges":0,"victory":false,"master_deck":["Strike_R","Strike_R","Strike_R","Strike_R+1","Strike_R","Defend_R","Defend_R","Defend_R","Defend_R","Bash","AscendersBane","Shrug It Off","Heavy Blade","Armaments+1","Thunderclap+1","Double Tap+1","Cleave","Apotheosis+1"],"max_hp_per_floor":[80,80,80,80,80,80,80,80,80,80,80,80,80,82,82,82],"relics":["Burning Blood","NeowsBlessing","Lantern","Whetstone","Omamori","Centennial Puzzle","Odd Mushroom","Juzu Bracelet","Singing Bowl"],"card_choices":[{"not_picked":["Iron Wave","Pommel Strike"],"picked":"Shrug It Off","floor":1},{"not_picked":["Sword Boomerang","Headbutt"],"picked":"Heavy Blade","floor":3},{"not_picked":["Dual Wield","Anger"],"picked":"Armaments","floor":5},{"not_picked":["Dual Wield","Burning Pact"],"picked":"Thunderclap","floor":7},{"not_picked":["Sword Boomerang","Infernal Blade"],"picked":"Double Tap","floor":8},{"not_picked":["Thunderclap","Hemokinesis"],"picked":"Cleave","floor":11}],"player_experience":594181,"potions_floor_usage":[8,16,16],"damage_taken":[{"damage":0,"enemies":"Cultist","floor":1,"turns":1},{"damage":0,"enemies":"Jaw Worm","floor":3,"turns":2},{"damage":0,"enemies":"2 Louse","floor":5,"turns":1},{"damage":12,"enemies":"Lots of Slimes","floor":7,"turns":7},{"damage":37,"enemies":"Lagavulin","floor":8,"turns":6},{"damage":23,"enemies":"The Mushroom Lair","floor":11,"turns":4},{"damage":10,"enemies":"3 Sentries","floor":14,"turns":6},{"damage":36,"enemies":"Slime Boss","floor":16,"turns":6}],"event_choices":[{"event_name":"Scrap Ooze","player_choice":"success","floor":2,"damage_taken":3},{"event_name":"World of Goop","player_choice":"Gather Gold","floor":4,"damage_taken":0},{"event_name":"Mushrooms","player_choice":"Fought Mushrooms","floor":11,"damage_taken":0}],"boss_relics":[],"potions_floor_spawned":[3,8,11],"seed_played":"8893585767280328706","killed_by":"Slime Boss","ascension_level":11,"is_trial":false}