{"gold_per_floor":[365,290,307,325,20,20,51,51,51,51,51,72,44,44],"floor_reached":14,"playtime":384,"items_purged":[],"score":176,"play_id":"20a4f7fc-ce88-47d1-9470-80116b929c6c","local_time":"20190407034026","is_ascension_mode":true,"campfire_choices":[{"data":"Bash","floor":6,"key":"SMITH"}],"neow_cost":"TEN_PERCENT_HP_LOSS","seed_source_timestamp":494981195030631,"circlet_count":0,"master_deck":["AscendersBane","Strike_R","Strike_R+1","Strike_R","Defend_R","Defend_R+1","Defend_R","Defend_R","Bash+1","Twin Strike","Spot Weakness","Feel No Pain","Shrug It Off","Feel No Pain","Shrug It Off","Metallicize","Shrug It Off"],"relics":["Burning Blood","Omamori","Pantograph","Golden Idol"],"potions_floor_usage":[7,12,14],"damage_taken":[{"damage":7,"enemies":"2 Louse","floor":1,"turns":3},{"damage":10,"enemies":"Small Slimes","floor":3,"turns":4},{"damage":2,"enemies":"Jaw Worm","floor":4,"turns":3},{"damage":27,"enemies":"Lagavulin","floor":7,"turns":5},{"damage":0,"enemies":"Exordium Wildlife","floor":12,"turns":4},{"damage":58,"enemies":"Gremlin Nob","floor":14,"turns":4}],"seed_played":"1652869026581645358","potions_obtained":[{"floor":1,"key":"SteroidPotion"},{"floor":7,"key":"Dexterity Potion"},{"floor":12,"key":"Regen Potion"}],"is_trial":false,"path_per_floor":["M","?","M","M","$","R","E","?","T","?","?","M","$","E"],"character_chosen":"IRONCLAD","items_purchased":["Omamori","Shrug It Off","Feel No Pain","Shrug It Off"],"campfire_rested":0,"item_purchase_floors":[5,5,5,13],"current_hp_per_floor":[67,67,63,67,67,67,46,46,46,39,20,26,26,0],"gold":44,"neow_bonus":"TWO_FIFTY_GOLD","is_prod":false,"is_daily":false,"chose_seed":false,"campfire_upgraded":1,"win_rate":0,"timestamp":1554622826,"path_taken":["M","?","M","M","$","R","E","?","T","?","?","M","?","E"],"build_version":"2019-01-23","purchased_purges":0,"victory":false,"max_hp_per_floor":[68,68,68,68,68,68,68,62,62,62,62,62,62,62],"card_choices":[{"not_picked":["Dropkick","Infernal Blade"],"picked":"Twin Strike","floor":1},{"not_picked":["Armaments","Clash"],"picked":"Spot Weakness","floor":3},{"not_picked":["Sword Boomerang","Heavy Blade"],"picked":"Feel No Pain","floor":4},{"not_picked":["Iron Wave","Battle Trance"],"picked":"Shrug It Off","floor":7},{"not_picked":["Cleave","Body Slam"],"picked":"Metallicize","floor":12}],"player_experience":1685378,"relics_obtained":[{"floor":7,"key":"Pantograph"}],"event_choices":[{"cards_removed":["Strike_R"],"damage_healed":0,"gold_gain":0,"player_choice":"Card Removal","damage_taken":0,"max_hp_gain":0,"max_hp_loss":0,"event_name":"The Cleric","floor":2,"gold_loss":75},{"damage_healed":0,"gold_gain":0,"player_choice":"Lose Max HP","damage_taken":0,"relics_obtained":["Golden Idol"],"max_hp_gain":0,"max_hp_loss":6,"event_name":"Golden Idol","floor":8,"gold_loss":0},{"cards_removed":["Strike_R"],"damage_healed":0,"gold_gain":0,"player_choice":"Card Removal","damage_taken":7,"max_hp_gain":0,"max_hp_loss":0,"event_name":"Golden Wing","floor":10,"gold_loss":0},{"damage_healed":0,"gold_gain":0,"player_choice":"Entered Light","damage_taken":19,"max_hp_gain":0,"max_hp_loss":0,"event_name":"Shining Light","floor":11,"gold_loss":0,"cards_upgraded":["Strike_R","Defend_R"]}],"is_beta":false,"boss_relics":[],"items_purged_floors":[],"is_endless":false,"potions_floor_spawned":[1,7,12],"killed_by":"Gremlin Nob","ascension_level":20}