{"path_per_floor":["M","M","?","M","$","R","E","M","T","?","E","M","R","M","R","B",null,"M","M","?","?","M","R","E","R","T","$","$","M","?","M","R","B",null,"M","$","?","M","M","R","E","R","T","M","$","R","$","M","R","B"],"character_chosen":"DEFECT","items_purchased":["Stack","Barrage","Apotheosis","Leap","Ball Lightning","Stack","DataDisk"],"gold_per_floor":[113,126,126,141,47,47,79,98,148,148,179,196,196,206,206,301,301,321,339,339,339,351,351,379,379,379,141,42,55,55,73,73,170,170,190,37,37,55,65,65,91,91,91,104,104,104,104,124,124,124],"floor_reached":51,"campfire_rested":1,"playtime":2322,"current_hp_per_floor":[75,75,72,72,72,72,63,61,61,61,41,38,38,40,40,45,68,64,64,50,50,54,54,40,40,40,40,40,33,33,32,32,18,65,75,75,75,80,74,74,32,56,56,67,67,67,67,80,80,73],"items_purged":[],"gold":124,"score":896,"play_id":"92525c25-5cec-4ae1-9594-b3e9643f9ab3","local_time":"20180429114205","is_prod":false,"is_daily":false,"chose_seed":false,"is_ascension_mode":true,"campfire_upgraded":9,"timestamp":1525027325,"path_taken":["M","?","?","?","$","R","E","M","T","?","E","?","R","M","R","BOSS","M","M","?","?","M","R","E","R","T","?","$","?","?","M","R","BOSS","M","$","?","M","M","R","E","R","T","M","?","R","$","M","R","BOSS"],"build_version":"2018-04-27v3","seed_source_timestamp":323680072235322,"purchased_purges":0,"victory":true,"master_deck":["Strike_B","Strike_B","Defend_B","Defend_B","Defend_B","Defend_B","Zap+1","Leap","Capacitor+1","Ball Lightning+1","Stack+1","Barrage","Coolheaded","Static Discharge","Cold Snap","Capacitor+1","Defragment+1","Echo Form+1","Leap","Stack+1","FTL","Apotheosis+1","Leap","Ball Lightning","Stack","Heatsinks+1","Seek","Capacitor+1","Nova","Skim+1","Skim+1","Leap+1","Leap","Force Field+1"],"max_hp_per_floor":[75,75,75,75,75,75,75,75,75,75,75,75,75,75,75,75,75,75,75,80,80,80,80,80,80,80,80,80,80,80,80,80,80,80,80,80,80,80,80,80,80,80,80,80,80,80,80,80,80,80],"relics":["Cracked Core","Toolbox","Happy Flower","Pen Nib","Bird Faced Urn","Cursed Key","Bag of Marbles","Lizard Tail","DataDisk","Oddly Smooth Stone"],"card_choices":[{"not_picked":["Undo","Beam Cell"],"picked":"Leap","floor":1.0},{"not_picked":["Force Field","Turbo"],"picked":"Capacitor","floor":2.0},{"not_picked":["Stack","Self Repair"],"picked":"Ball Lightning","floor":4.0},{"not_picked":["Melter","Steam Power"],"picked":"Coolheaded","floor":7.0},{"not_picked":["Cold Snap","Skim"],"picked":"Static Discharge","floor":8.0},{"not_picked":["Coolheaded","Rebound"],"picked":"Streamline","floor":11.0},{"not_picked":["Barrage","Scrape"],"picked":"Capacitor","floor":12.0},{"not_picked":["Leap","Amplify"],"picked":"Defragment","floor":14.0},{"not_picked":["Nova","Amplify"],"picked":"Echo Form","floor":16.0},{"not_picked":["Glacier","Undo"],"picked":"Leap","floor":19.0},{"not_picked":["Genetic Algorithm","Tempest"],"picked":"Stack","floor":22.0},{"not_picked":["Barrage","Sunder"],"picked":"FTL","floor":24.0},{"not_picked":["Capacitor","Hologram"],"picked":"Heatsinks","floor":29.0},{"not_picked":["Ball Lightning","Streamline"],"picked":"Capacitor","floor":31.0},{"not_picked":["Rainbow","Prime"],"picked":"Nova","floor":33.0},{"not_picked":["Rebound","Barrage"],"picked":"Skim","floor":38.0},{"not_picked":["Reinforced Body","Reprogram"],"picked":"Skim","floor":39.0},{"not_picked":["Cold Snap","Conserve Battery"],"picked":"Leap","floor":41.0},{"not_picked":["Ball Lightning","Beam Cell"],"picked":"Leap","floor":44.0},{"not_picked":["Tempest","Skim"],"picked":"Force Field","floor":48.0}],"player_experience":553542,"potions_floor_usage":[50,50,50],"damage_taken":[{"damage":0.0,"enemies":"Cultist","floor":1.0,"turns":4.0},{"damage":0.0,"enemies":"2 Louse","floor":2.0,"turns":4.0},{"damage":0.0,"enemies":"Small Slimes","floor":4.0,"turns":4.0},{"damage":9.0,"enemies":"Lagavulin","floor":7.0,"turns":7.0},{"damage":2.0,"enemies":"Blue Slaver","floor":8.0,"turns":4.0},{"damage":29.0,"enemies":"Gremlin Nob","floor":11.0,"turns":3.0},{"damage":3.0,"enemies":"Lots of Slimes","floor":12.0,"turns":4.0},{"damage":0.0,"enemies":"Large Slime","floor":14.0,"turns":3.0},{"damage":3.0,"enemies":"Slime Boss","floor":16.0,"turns":7.0},{"damage":17.0,"enemies":"Chosen","floor":18.0,"turns":6.0},{"damage":10.0,"enemies":"Shell Parasite","floor":19.0,"turns":4.0},{"damage":6.0,"enemies":"Snecko","floor":22.0,"turns":6.0},{"damage":24.0,"enemies":"Slavers","floor":24.0,"turns":7.0},{"damage":15.0,"enemies":"3 Cultists","floor":29.0,"turns":5.0},{"damage":7.0,"enemies":"Centurion and Healer","floor":31.0,"turns":5.0},{"damage":28.0,"enemies":"Automaton","floor":33.0,"turns":8.0},{"damage":0.0,"enemies":"Flame Bruiser 1 Orb","floor":35.0,"turns":7.0},{"damage":0.0,"enemies":"3 Shapes","floor":38.0,"turns":5.0},{"damage":14.0,"enemies":"Sphere and 2 Shapes","floor":39.0,"turns":6.0},{"damage":50.0,"enemies":"2 Orb Walkers","floor":41.0,"turns":7.0},{"damage":1.0,"enemies":"Spire Growth","floor":44.0,"turns":6.0},{"damage":0.0,"enemies":"Maw","floor":48.0,"turns":8.0},{"damage":32,"enemies":"Awakened One","floor":50,"turns":13}],"event_choices":[{"event_name":"Scrap Ooze","player_choice":"success","floor":3.0,"damage_taken":3.0},{"event_name":"Transmorgrifier","player_choice":"Transform","floor":10.0,"damage_taken":0.0},{"event_name":"Forgotten Altar","player_choice":"Shed Blood","floor":20.0,"damage_taken":0.0},{"event_name":"Drug Dealer","player_choice":"Ignored","floor":21.0,"damage_taken":0.0},{"event_name":"Transmorgrifier","player_choice":"Transform","floor":30.0,"damage_taken":0.0}],"boss_relics":[],"potions_floor_spawned":[1,4,7,16,24,31,35,44,48],"seed_played":"5549610780769205233","ascension_level":5,"is_trial":false}