{"gold_per_floor":[111,121,71,71,81,98,98,98,98,98,18,51,62,79,79,178,178,178,178,178,178,178,178,178,178,178,178,178,178,178,178,178,178,178,178,178,178,178,178,178,178,178,178,178,178,36,36,36,36,36,36,36,36,36,36],"floor_reached":55,"playtime":3893,"items_purged":[],"score":787,"play_id":"4187c757-3046-45b8-a6b3-2640e903b85e","local_time":"20190320122534","is_ascension_mode":false,"campfire_choices":[{"data":"Neutralize","floor":7.0,"key":"SMITH"},{"data":"Poisoned Stab","floor":10.0,"key":"SMITH"},{"data":"Footwork","floor":15.0,"key":"SMITH"},{"data":"Envenom","floor":28.0,"key":"SMITH"},{"data":"Adrenaline","floor":32,"key":"SMITH"},{"data":"Caltrops","floor":40,"key":"SMITH"},{"floor":45,"key":"RECALL"},{"floor":47,"key":"REST"},{"floor":49,"key":"REST"},{"floor":52,"key":"REST"}],"neow_cost":"PERCENT_DAMAGE","seed_source_timestamp":0,"circlet_count":0,"master_deck":["Defend_G+1","Defend_G+1","Defend_G+1","Defend_G+1","Defend_G+1","Strike_G+1","Strike_G+1","Strike_G+1","Survivor+1","Neutralize+1","Dash+1","Dash+1","Poisoned Stab+1","A Thousand Cuts+1","Footwork+1","Acrobatics+1","Dagger Throw+1","Deadly Poison+1","Adrenaline+1","Infinite Blades+1","Accuracy+1","PiercingWail+1","Envenom+1","Well Laid Plans+1","PiercingWail+1","Blade Dance+1","Burst+1","Skewer+1","Glass Knife+1","Blade Dance+1","Cloak And Dagger+1","Crippling Poison+1","Caltrops+1","Concentrate+1","Accuracy+1","Parasite","Accuracy+1","Terror+1"],"special_seed":0,"relics":["Ring of the Serpent","Gambling Chip","Ice Cream","Ectoplasm","MutagenicStrength","Regal Pillow","Lantern","Pocketwatch","Mummified Hand","Bird Faced Urn","Mark of the Bloom","Calipers","Centennial Puzzle","Frozen Egg 2","Pen Nib"],"potions_floor_usage":[42,50,55,55],"damage_taken":[{"damage":0.0,"enemies":"Small Slimes","floor":1.0,"turns":7.0},{"damage":0.0,"enemies":"2 Louse","floor":2.0,"turns":4.0},{"damage":0.0,"enemies":"Jaw Worm","floor":5.0,"turns":4.0},{"damage":0.0,"enemies":"3 Louse","floor":6.0,"turns":3.0},{"damage":0.0,"enemies":"Gremlin Nob","floor":12.0,"turns":3.0},{"damage":0.0,"enemies":"2 Fungi Beasts","floor":13.0,"turns":4.0},{"damage":3.0,"enemies":"Exordium Wildlife","floor":14.0,"turns":5.0},{"damage":18.0,"enemies":"The Guardian","floor":16.0,"turns":12.0},{"damage":0.0,"enemies":"3 Byrds","floor":18.0,"turns":3.0},{"damage":3.0,"enemies":"Shell Parasite","floor":19.0,"turns":5.0},{"damage":0.0,"enemies":"Cultist and Chosen","floor":21.0,"turns":4.0},{"damage":2.0,"enemies":"Slavers","floor":23.0,"turns":4.0},{"damage":0.0,"enemies":"Sentry and Sphere","floor":25.0,"turns":4.0},{"damage":0.0,"enemies":"3 Cultists","floor":27.0,"turns":3.0},{"damage":0.0,"enemies":"Colosseum Slavers","floor":29.0,"turns":4.0},{"damage":13.0,"enemies":"Colosseum Nobs","floor":29.0,"turns":5.0},{"damage":0.0,"enemies":"Gremlin Leader","floor":30.0,"turns":4.0},{"damage":0.0,"enemies":"Cultist and Chosen","floor":31.0,"turns":4.0},{"damage":8,"enemies":"Automaton","floor":33,"turns":7},{"damage":0,"enemies":"3 Darklings","floor":35,"turns":3},{"damage":1,"enemies":"Orb Walker","floor":36,"turns":3},{"damage":0,"enemies":"Jaw Worm Horde","floor":38,"turns":3},{"damage":0,"enemies":"2 Orb Walkers","floor":39,"turns":4},{"damage":2,"enemies":"Reptomancer","floor":42,"turns":5},{"damage":0,"enemies":"Writhing Mass","floor":48,"turns":3},{"damage":42,"enemies":"Time Eater","floor":50,"turns":8},{"damage":13,"enemies":"Shield and Spear","floor":54,"turns":4},{"damage":53,"enemies":"The Heart","floor":55,"turns":3}],"seed_played":"-1154483826305747215","potions_obtained":[{"floor":1.0,"key":"SpeedPotion"},{"floor":2.0,"key":"Fire Potion"},{"floor":5.0,"key":"FearPotion"},{"floor":16.0,"key":"AttackPotion"},{"floor":21.0,"key":"GamblersBrew"},{"floor":25.0,"key":"Dexterity Potion"},{"floor":30.0,"key":"Fire Potion"},{"floor":33,"key":"GamblersBrew"},{"floor":35,"key":"SteroidPotion"},{"floor":38,"key":"GhostInAJar"},{"floor":39,"key":"PowerPotion"},{"floor":54,"key":"LiquidBronze"}],"is_trial":false,"path_per_floor":["M","M","?","?","M","M","R","?","T","R","$","E","M","M","R","B",null,"M","M","?","M","?","E","?","M","T","M","R","?","E","M","R","B",null,"M","M","?","M","?","R","?","E","T","?","R","$","R","M","R","B",null,"R","$","E","B"],"character_chosen":"THE_SILENT","items_purchased":["Footwork","Accuracy+1","LiquidBronze"],"campfire_rested":3,"item_purchase_floors":[11,46,46],"current_hp_per_floor":[63,63,63,68,68,68,68,68,68,68,68,68,68,65,65,47,89,89,86,86,86,86,84,84,84,84,84,84,71,71,83,83,81,89,89,89,89,89,89,89,85,83,83,83,83,83,83,83,83,41,41,41,41,28,0],"gold":36,"neow_bonus":"TWENTY_PERCENT_HP_BONUS","is_prod":false,"is_daily":false,"chose_seed":false,"campfire_upgraded":6,"win_rate":0,"timestamp":1553099134,"path_taken":["M","M","?","?","M","M","R","?","T","R","$","E","M","M","R","BOSS","M","M","?","M","?","E","?","M","T","M","R","?","E","M","R","BOSS","M","M","?","M","?","R","?","E","T","?","R","$","R","M","R","BOSS","R","$","E","BOSS"],"build_version":"2019-01-23","purchased_purges":0,"victory":false,"max_hp_per_floor":[84,84,84,89,89,89,89,89,89,89,89,89,89,89,89,89,89,89,89,89,89,89,89,89,89,89,89,89,89,89,89,89,89,89,89,89,89,89,89,89,85,85,85,85,85,85,85,85,85,85,85,85,85,85,85],"card_choices":[{"not_picked":["Slice","Dodge and Roll"],"picked":"Dash","floor":1.0},{"not_picked":["Poisoned Stab","Bane"],"picked":"Dash","floor":2.0},{"not_picked":["Deflect","Dagger Throw"],"picked":"Poisoned Stab","floor":5.0},{"not_picked":["Heel Hook","Bane"],"picked":"A Thousand Cuts","floor":6.0},{"not_picked":["Heel Hook","Masterful Stab"],"picked":"Acrobatics","floor":12.0},{"not_picked":["Prepared","Heel Hook"],"picked":"Dagger Throw","floor":13.0},{"not_picked":["Blade Dance","Quick Slash"],"picked":"Deadly Poison","floor":14.0},{"not_picked":["Venomology","Burst"],"picked":"Adrenaline","floor":16.0},{"not_picked":["Poisoned Stab","Setup"],"picked":"Infinite Blades+1","floor":18.0},{"not_picked":["Dash","Bane"],"picked":"Accuracy","floor":19.0},{"not_picked":["Cloak And Dagger","Acrobatics"],"picked":"PiercingWail+1","floor":21.0},{"not_picked":["Dagger Throw+1","Accuracy+1"],"picked":"Envenom","floor":23.0},{"not_picked":["Crippling Poison","Prepared"],"picked":"Well Laid Plans","floor":25.0},{"not_picked":["Flying Knee","Sucker Punch"],"picked":"PiercingWail+1","floor":27.0},{"not_picked":["Deflect","Sucker Punch"],"picked":"Blade Dance","floor":29.0},{"not_picked":["Quick Slash","Heel Hook"],"picked":"Burst","floor":30.0},{"not_picked":["Bane","Eviscerate"],"picked":"Skewer","floor":31.0},{"not_picked":["Die Die Die","Unload"],"picked":"Glass Knife","floor":33},{"not_picked":["Infinite Blades","Prepared+1"],"picked":"Blade Dance+1","floor":35},{"not_picked":["Prepared+1","Deadly Poison+1"],"picked":"Cloak And Dagger+1","floor":36},{"not_picked":["Predator","Wraith Form v2"],"picked":"Crippling Poison+1","floor":38},{"not_picked":["Underhanded Strike+1","Sucker Punch"],"picked":"Caltrops","floor":39},{"not_picked":["Sucker Punch","Outmaneuver"],"picked":"Concentrate+1","floor":42},{"not_picked":["Prepared","Predator+1"],"picked":"Accuracy+1","floor":48},{"not_picked":["Phantasmal Killer","Venomology"],"picked":"Terror+1","floor":54}],"player_experience":1292591,"relics_obtained":[{"floor":9.0,"key":"Gambling Chip"},{"floor":12.0,"key":"Ice Cream"},{"floor":23.0,"key":"Lantern"},{"floor":29.0,"key":"Pocketwatch"},{"floor":29.0,"key":"Mummified Hand"},{"floor":30.0,"key":"Bird Faced Urn"},{"floor":39,"key":"Calipers"},{"floor":42,"key":"Centennial Puzzle"},{"floor":43,"key":"Frozen Egg 2"},{"floor":54,"key":"Pen Nib"}],"event_choices":[{"cards_removed":["Strike_G"],"damage_healed":0.0,"max_hp_gain":0.0,"max_hp_loss":0.0,"gold_gain":0.0,"event_name":"The Cleric","player_choice":"Card Removal","floor":3.0,"gold_loss":50.0,"damage_taken":0.0},{"damage_healed":0.0,"max_hp_gain":5.0,"max_hp_loss":0.0,"gold_gain":0.0,"event_name":"Big Fish","player_choice":"Donut","floor":4.0,"gold_loss":0.0,"damage_taken":0.0},{"damage_healed":0.0,"max_hp_gain":0.0,"max_hp_loss":0.0,"gold_gain":0.0,"event_name":"Living Wall","player_choice":"Grow","floor":8.0,"gold_loss":0.0,"damage_taken":0.0,"cards_upgraded":["A Thousand Cuts"]},{"damage_healed":0.0,"max_hp_gain":0.0,"max_hp_loss":0.0,"gold_gain":0.0,"event_name":"Drug Dealer","player_choice":"Inject Mutagens","floor":20.0,"gold_loss":0.0,"damage_taken":0.0,"relics_obtained":["MutagenicStrength"]},{"damage_healed":0.0,"max_hp_gain":0.0,"max_hp_loss":0.0,"gold_gain":0.0,"event_name":"The Mausoleum","player_choice":"Opened","floor":22.0,"gold_loss":0.0,"damage_taken":0.0,"relics_obtained":["Regal Pillow"]},{"damage_healed":0.0,"max_hp_gain":0.0,"max_hp_loss":0.0,"gold_gain":0.0,"event_name":"Back to Basics","player_choice":"Simplicity","floor":24.0,"gold_loss":0.0,"damage_taken":0.0,"cards_upgraded":["Defend_G","Defend_G","Defend_G","Defend_G","Defend_G","Strike_G","Strike_G","Strike_G","Strike_G"]},{"damage_healed":0.0,"max_hp_gain":0.0,"max_hp_loss":0.0,"gold_gain":0.0,"event_name":"Colosseum","player_choice":"Fight","floor":29.0,"gold_loss":0.0,"damage_taken":0.0},{"damage_healed":0.0,"max_hp_gain":0.0,"max_hp_loss":0.0,"gold_gain":0.0,"event_name":"Colosseum","player_choice":"Fought Nobs","floor":29.0,"gold_loss":0.0,"damage_taken":0.0},{"damage_healed":0,"gold_gain":0,"player_choice":"Upgrade","damage_taken":0,"relics_obtained":["Mark of the Bloom"],"max_hp_gain":0,"max_hp_loss":0,"event_name":"MindBloom","floor":37,"gold_loss":0,"cards_upgraded":["Survivor","Dash","Dash","Acrobatics","Dagger Throw","Deadly Poison","Accuracy","Well Laid Plans","Blade Dance","Burst","Skewer","Glass Knife"]},{"damage_healed":0,"gold_gain":0,"player_choice":"Fight","damage_taken":0,"max_hp_gain":0,"max_hp_loss":0,"event_name":"Mysterious Sphere","floor":39,"gold_loss":0},{"damage_healed":0,"gold_gain":0,"player_choice":"Max HP","damage_taken":0,"max_hp_gain":0,"max_hp_loss":4,"event_name":"Winding Halls","floor":41,"gold_loss":0},{"cards_removed":["Strike_G"],"damage_healed":0,"gold_gain":0,"player_choice":"Removed Attack","damage_taken":0,"max_hp_gain":0,"max_hp_loss":0,"event_name":"Falling","floor":44,"gold_loss":0}],"is_beta":false,"boss_relics":[{"not_picked":["Astrolabe","Empty Cage"],"picked":"Ectoplasm"},{"not_picked":["Velvet Choker","Lizard Tail"],"picked":"Ring of the Serpent"}],"items_purged_floors":[],"is_endless":false,"potions_floor_spawned":[1,2,5,16,21,25,30,33,35,38,39,54],"killed_by":"The Heart","ascension_level":0}