{"gold_per_floor":[149,61,139,154,174,174,203,41,64,98,112,112,187,214,214,289,289,303,9,29,29,44,71,83,129,168,211,223,249,261,34,34,34],"floor_reached":33,"playtime":1490,"items_purged":["Strike_R","Strike_R"],"score":792,"play_id":"57c39feb-d9b3-4064-8e24-5936e7eb879a","local_time":"20190508043318","is_ascension_mode":true,"campfire_choices":[{"data":"Bash","floor":6.0,"key":"SMITH"},{"data":"Anger","floor":12.0,"key":"SMITH"},{"data":"Evolve","floor":15.0,"key":"SMITH"},{"data":"Shockwave","floor":24,"key":"SMITH"},{"data":"Juggernaut","floor":28,"key":"SMITH"},{"data":"Power Through","floor":30,"key":"SMITH"},{"data":"True Grit","floor":32,"key":"SMITH"}],"neow_cost":"NONE","seed_source_timestamp":1333109177328455,"circlet_count":0,"master_deck":["AscendersBane","Strike_R","Strike_R","Defend_R","Defend_R","Defend_R","Defend_R","Bash+1","Armaments","Anger+1","Evolve+1","Headbutt+1","Immolate+1","Clothesline+1","Power Through+1","Juggernaut+1","Reckless Charge+1","Flash of Steel+1","Shockwave+1","Carnage+1","Shrug It Off","Metallicize","Uppercut+1","True Grit+1","Corruption"],"special_seed":0,"relics":["Burning Blood","Tiny Chest","Molten Egg 2","Lantern","PreservedInsect","Art of War","Paper Frog","Orichalcum","Runic Dome","MawBank","Champion Belt","Bag of Preparation","Strawberry"],"potions_floor_usage":[16,18,22,33,33],"damage_taken":[{"damage":7.0,"enemies":"Cultist","floor":1.0,"turns":4.0},{"damage":7.0,"enemies":"Jaw Worm","floor":4.0,"turns":4.0},{"damage":0.0,"enemies":"2 Louse","floor":5.0,"turns":3.0},{"damage":17.0,"enemies":"3 Sentries","floor":7.0,"turns":3.0},{"damage":0.0,"enemies":"Gremlin Nob","floor":10.0,"turns":2.0},{"damage":14.0,"enemies":"Lots of Slimes","floor":11.0,"turns":3.0},{"damage":0.0,"enemies":"3 Sentries","floor":14.0,"turns":3.0},{"damage":21,"enemies":"Hexaghost","floor":16,"turns":6},{"damage":0,"enemies":"Chosen","floor":18,"turns":3},{"damage":16,"enemies":"2 Thieves","floor":20,"turns":3},{"damage":15,"enemies":"Chosen and Byrds","floor":22,"turns":5},{"damage":24,"enemies":"Book of Stabbing","floor":23,"turns":4},{"damage":8,"enemies":"Slavers","floor":25,"turns":2},{"damage":0,"enemies":"Gremlin Leader","floor":27,"turns":3},{"damage":0,"enemies":"3 Cultists","floor":29,"turns":4},{"damage":77,"enemies":"Champ","floor":33,"turns":8}],"seed_played":"875852502011294824","potions_obtained":[{"floor":4.0,"key":"PowerPotion"},{"floor":5.0,"key":"SteroidPotion"},{"floor":11.0,"key":"Ancient Potion"},{"floor":20,"key":"BloodPotion"},{"floor":27,"key":"BloodPotion"}],"is_trial":false,"path_per_floor":["M","$","T","M","M","R","E","$","T","E","M","R","?","E","R","B",null,"M","$","M","?","M","E","R","E","T","E","R","M","R","$","R","B"],"character_chosen":"IRONCLAD","items_purchased":["Anger","Evolve","PreservedInsect","Flash of Steel+1","Shockwave","Energy Potion","True Grit","Corruption"],"campfire_rested":0,"item_purchase_floors":[2,2,8,19,19,19,31,31],"current_hp_per_floor":[67,67,67,66,72,72,61,61,61,67,59,59,48,54,54,39,66,72,72,62,62,60,42,42,40,40,53,53,59,59,59,59,0],"gold":34,"neow_bonus":"RANDOM_COMMON_RELIC","is_prod":false,"is_daily":false,"chose_seed":false,"campfire_upgraded":7,"win_rate":0,"timestamp":1557304398,"path_taken":["M","$","?","M","M","R","E","$","T","E","?","R","?","E","R","BOSS","M","$","M","?","M","E","R","E","T","E","R","?","R","$","R","BOSS"],"build_version":"2019-01-23","purchased_purges":2,"victory":false,"max_hp_per_floor":[75,75,75,75,75,75,75,75,75,75,75,75,75,75,75,75,75,75,75,75,75,75,75,75,75,75,82,82,82,82,82,82,82],"card_choices":[{"not_picked":["Twin Strike","Warcry"],"picked":"Armaments","floor":1.0},{"not_picked":["Body Slam+1","Clash+1"],"picked":"Headbutt+1","floor":4.0},{"not_picked":["Flex","Rage"],"picked":"Immolate+1","floor":5.0},{"not_picked":["Clash+1","Iron Wave+1"],"picked":"Clothesline+1","floor":7.0},{"not_picked":["Rampage+1","Body Slam+1","Brutality"],"picked":"SKIP","floor":10.0},{"not_picked":["Sword Boomerang+1","Clash+1"],"picked":"Power Through","floor":11.0},{"not_picked":["Blood for Blood+1","Headbutt+1","Corruption"],"picked":"SKIP","floor":14.0},{"not_picked":["Brutality","Dark Embrace"],"picked":"Juggernaut","floor":16},{"not_picked":["Anger+1","Armaments"],"picked":"Reckless Charge+1","floor":18},{"not_picked":["Clothesline+1","Bloodletting"],"picked":"Carnage+1","floor":20},{"not_picked":["Carnage+1","Anger+1"],"picked":"Shrug It Off","floor":22},{"not_picked":["Battle Trance","Bloodletting"],"picked":"Metallicize","floor":23},{"not_picked":["Clash+1","Reaper+1"],"picked":"Uppercut+1","floor":25},{"not_picked":["Entrench+1","Dropkick+1","Cleave+1"],"picked":"SKIP","floor":27},{"not_picked":["Thunderclap+1","Shockwave","Warcry"],"picked":"SKIP","floor":29},{"not_picked":["Thunderclap+1","Shockwave","Warcry"],"picked":"SKIP","floor":29}],"player_experience":2450975,"relics_obtained":[{"floor":3.0,"key":"Molten Egg 2"},{"floor":7.0,"key":"Lantern"},{"floor":9.0,"key":"Art of War"},{"floor":10.0,"key":"Paper Frog"},{"floor":14.0,"key":"Orichalcum"},{"floor":23,"key":"MawBank"},{"floor":25,"key":"Champion Belt"},{"floor":26,"key":"Bag of Preparation"},{"floor":27,"key":"Strawberry"}],"event_choices":[{"damage_healed":0.0,"max_hp_gain":0.0,"max_hp_loss":0.0,"gold_gain":75.0,"event_name":"World of Goop","player_choice":"Gather Gold","floor":13.0,"gold_loss":0.0,"damage_taken":11.0},{"cards_removed":["Strike_R"],"damage_healed":0,"gold_gain":0,"player_choice":"Purged","damage_taken":0,"max_hp_gain":0,"max_hp_loss":0,"event_name":"Purifier","floor":21,"gold_loss":0}],"is_beta":false,"boss_relics":[{"not_picked":["Velvet Choker","Calling Bell"],"picked":"Runic Dome"}],"items_purged_floors":[19,31],"is_endless":false,"potions_floor_spawned":[4,5,11,20,27,29],"killed_by":"Champ","ascension_level":20}