{"gold_per_floor":[116,116,35,35,210,210,230,249,275,287,311,326,356,109,109,209,209,222,233,252,252,252,283,204,235,235,251,251,276,276,276,276,380,380,390,410,124,140,140,175,175,205,205,205,220,220,274,274,274,274],"floor_reached":51,"playtime":3318,"items_purged":["Doubt"],"score":1011,"play_id":"60b2cc36-c37f-4d47-86b3-75b2a96b8c73","local_time":"20180903215956","is_ascension_mode":true,"campfire_choices":[{"data":"Dualcast","floor":6,"key":"SMITH"},{"data":"Zap","floor":15,"key":"SMITH"},{"data":"Darkness","floor":28,"key":"SMITH"},{"data":"Static Discharge","floor":30,"key":"SMITH"},{"floor":32,"key":"REST"},{"floor":41,"key":"REST"},{"data":"Core Surge","floor":44,"key":"SMITH"},{"floor":49,"key":"REST"}],"neow_cost":"NONE","seed_source_timestamp":96485501339805,"circlet_count":0,"master_deck":["Strike_B","Strike_B","Defend_B","Defend_B","Defend_B","Defend_B","Zap+1","Dualcast+1","Seek","Conserve Battery","Static Discharge+1","Storm+1","Darkness+1","Force Field+1","Hello World+1","Madness+1","Machine Learning+1","Genetic Algorithm+1","Reprogram+1","Auto Shields+1","Rainbow+1","Heatsinks+1","White Noise+1","Reboot+1","Core Surge+1","Coolheaded+1","Storm+1","Storm+1","Mayhem+1","Chill+1","Blizzard+1","Reprogram+1","Heatsinks+1","Discovery+1","Apotheosis+1","Chrysalis+1","Redo+1","White Noise+1"],"relics":["Cracked Core","Frozen Egg 2","Pen Nib","Oddly Smooth Stone","Toxic Egg 2","Runic Dome","Sundial","Bag of Preparation","Bronze Scales","Shuriken","Juzu Bracelet","Sozu","Anchor","Bag of Marbles","Lantern","Bird Faced Urn"],"potions_floor_usage":[12,13,16,16,16,16,16,19,25,25,29,33,50],"damage_taken":[{"damage":7,"enemies":"Jaw Worm","floor":1,"turns":3},{"damage":0,"enemies":"Cultist","floor":7,"turns":3},{"damage":0,"enemies":"2 Louse","floor":8,"turns":2},{"damage":7,"enemies":"2 Fungi Beasts","floor":10,"turns":3},{"damage":6,"enemies":"Large Slime","floor":12,"turns":5},{"damage":46,"enemies":"Gremlin Nob","floor":13,"turns":4},{"damage":0,"enemies":"Hexaghost","floor":16,"turns":7},{"damage":0,"enemies":"Spheric Guardian","floor":18,"turns":3},{"damage":4,"enemies":"Shell Parasite","floor":19,"turns":6},{"damage":0,"enemies":"3 Cultists","floor":20,"turns":6},{"damage":12,"enemies":"Book of Stabbing","floor":23,"turns":5},{"damage":17,"enemies":"Slavers","floor":25,"turns":5},{"damage":9,"enemies":"Cultist and Chosen","floor":27,"turns":5},{"damage":13,"enemies":"Gremlin Leader","floor":29,"turns":6},{"damage":22,"enemies":"Colosseum Slavers","floor":31,"turns":2},{"damage":0,"enemies":"Automaton","floor":33,"turns":9},{"damage":0,"enemies":"Orb Walker","floor":35,"turns":2},{"damage":32,"enemies":"3 Darklings","floor":36,"turns":4},{"damage":0,"enemies":"Reptomancer","floor":38,"turns":3},{"damage":18,"enemies":"2 Orb Walkers","floor":40,"turns":3},{"damage":0,"enemies":"Nemesis","floor":42,"turns":3},{"damage":0,"enemies":"Transient","floor":45,"turns":5},{"damage":0,"enemies":"Mysterious Sphere","floor":47,"turns":2},{"damage":33,"enemies":"Time Eater","floor":50,"turns":7}],"seed_played":"-8036641618496134295","potions_obtained":[{"floor":1,"key":"Block Potion"},{"floor":2,"key":"LiquidBronze"},{"floor":2,"key":"Block Potion"},{"floor":12,"key":"Energy Potion"},{"floor":13,"key":"EntropicBrew"},{"floor":18,"key":"Fruit Juice"},{"floor":19,"key":"FocusPotion"},{"floor":25,"key":"Fire Potion"},{"floor":29,"key":"Explosive Potion"},{"floor":33,"key":"Ancient Potion"}],"is_trial":false,"path_per_floor":["M","?","$","?","?","R","M","M","T","M","T","M","E","$","R","B",null,"M","M","M","T","?","E","$","E","T","M","R","E","R","?","R","B",null,"M","M","$","M","?","E","R","E","T","R","M","?","?","?","R","B"],"character_chosen":"DEFECT","items_purchased":["Static Discharge","Hello World+1","Madness+1","Heatsinks+1","Storm+1","Mayhem+1"],"campfire_rested":3,"item_purchase_floors":[3,14,14,24,37,37],"current_hp_per_floor":[68,68,68,61,61,61,61,61,61,54,54,48,2,2,2,2,75,75,76,76,76,76,64,64,47,47,38,38,25,25,3,27,27,80,80,48,48,48,48,30,54,54,54,54,54,44,44,44,68,67],"gold":274,"neow_bonus":"ONE_RANDOM_RARE_CARD","is_prod":false,"is_daily":false,"chose_seed":false,"campfire_upgraded":5,"win_rate":0,"timestamp":1536026396,"path_taken":["M","?","$","?","?","R","?","M","T","?","?","M","E","$","R","BOSS","M","M","M","?","?","E","?","E","T","M","R","E","R","?","R","BOSS","M","M","$","M","?","E","R","E","T","R","M","?","?","?","R","BOSS"],"build_version":"2018-08-30","purchased_purges":1,"victory":true,"max_hp_per_floor":[75,75,75,75,75,75,75,75,75,75,75,75,75,75,75,75,75,75,80,80,80,80,80,80,80,80,80,80,80,80,80,80,80,80,80,80,80,80,80,80,80,80,80,80,80,80,80,80,80,80],"card_choices":[{"not_picked":["Rip and Tear","Cold Snap"],"picked":"Conserve Battery","floor":1},{"not_picked":["Hologram","Reprogram"],"picked":"Storm+1","floor":7},{"not_picked":["Scrape","Reprogram","Undo"],"picked":"SKIP","floor":8},{"not_picked":["Conserve Battery","Compile Driver","BootSequence"],"picked":"SKIP","floor":10},{"not_picked":["Recycle","Streamline"],"picked":"Darkness","floor":12},{"not_picked":["Reinforced Body","Leap"],"picked":"Force Field","floor":13},{"not_picked":["Reboot+1","Core Surge"],"picked":"Machine Learning+1","floor":16},{"not_picked":["Reprogram+1","Stack+1"],"picked":"Genetic Algorithm+1","floor":18},{"not_picked":["FTL+1","Stack+1"],"picked":"Reprogram+1","floor":19},{"not_picked":["Coolheaded+1","Recycle+1"],"picked":"Auto Shields+1","floor":20},{"not_picked":["Leap+1","Blizzard"],"picked":"Rainbow+1","floor":23},{"not_picked":["Reprogram+1","Sweeping Beam","Undo+1"],"picked":"SKIP","floor":25},{"not_picked":["Gash","Hologram+1"],"picked":"White Noise+1","floor":27},{"not_picked":["Ball Lightning","Conserve Battery+1"],"picked":"Reboot+1","floor":29},{"not_picked":["Meteor Strike","Hyperbeam"],"picked":"Core Surge","floor":33},{"not_picked":["Steam+1","Go for the Eyes"],"picked":"Coolheaded+1","floor":35},{"not_picked":["Barrage+1","Redo+1"],"picked":"Storm+1","floor":36},{"not_picked":["Go for the Eyes","Leap+1"],"picked":"Chill+1","floor":38},{"not_picked":["Ball Lightning+1","BootSequence+1"],"picked":"Blizzard+1","floor":40},{"not_picked":["Leap+1","Ball Lightning"],"picked":"Reprogram+1","floor":42},{"not_picked":["Chill+1","Cold Snap+1"],"picked":"Heatsinks+1","floor":45},{"not_picked":["Finesse+1","Enlightenment+1"],"picked":"Discovery+1","floor":46},{"not_picked":["Panacea+1","Impatience+1"],"picked":"Apotheosis+1","floor":46},{"not_picked":["Swift Strike","Jack Of All Trades+1"],"picked":"Chrysalis+1","floor":46},{"not_picked":["Compile Driver","Lockon+1"],"picked":"Redo+1","floor":47}],"player_experience":979542,"relics_obtained":[{"floor":9,"key":"Pen Nib"},{"floor":11,"key":"Oddly Smooth Stone"},{"floor":13,"key":"Toxic Egg 2"},{"floor":21,"key":"Sundial"},{"floor":23,"key":"Bag of Preparation"},{"floor":25,"key":"Bronze Scales"},{"floor":26,"key":"Shuriken"},{"floor":29,"key":"Juzu Bracelet"},{"floor":40,"key":"Anchor"},{"floor":42,"key":"Bag of Marbles"},{"floor":43,"key":"Lantern"},{"floor":47,"key":"Bird Faced Urn"}],"event_choices":[{"event_name":"The Lab","player_choice":"Got Potions","floor":2,"damage_taken":0},{"event_name":"Scrap Ooze","player_choice":"success","floor":4,"damage_taken":7},{"event_name":"Liars Game","player_choice":"agreed","floor":5,"damage_taken":0},{"event_name":"Ghosts","player_choice":"Ignored","floor":22,"damage_taken":0},{"event_name":"Colosseum","player_choice":"Fight","floor":31,"damage_taken":0},{"event_name":"Colosseum","player_choice":"Fled From Nobs","floor":31,"damage_taken":0},{"event_name":"Falling","player_choice":"Removed Attack","floor":39,"damage_taken":0},{"event_name":"SensoryStone","player_choice":"Memory 3","floor":46,"damage_taken":0},{"event_name":"Mysterious Sphere","player_choice":"Fight","floor":47,"damage_taken":0},{"event_name":"Transmorgrifier","player_choice":"Transform","floor":48,"damage_taken":0}],"is_beta":false,"boss_relics":[{"not_picked":["Cursed Key","Black Star"],"picked":"Runic Dome"},{"not_picked":["Orrery","Eternal Feather"],"picked":"Sozu"}],"items_purged_floors":[14],"is_endless":false,"potions_floor_spawned":[1,12,13,18,19,25,29,33,35,40,47],"ascension_level":3}