{"gold_per_floor":[369,382,94,94,110,123,150,150,174,209,209,130,130,150,150,228,228,245,295,305,205,205,239,239,268,268,268,280,280,306,325,325,325],"floor_reached":33,"playtime":1612,"items_purged":["Pain","Strike_R"],"score":626,"play_id":"f5dcf2c6-f7e9-4c1d-a6f1-0d360ba7c3cf","local_time":"20190430030534","is_ascension_mode":true,"campfire_choices":[{"data":"True Grit","floor":8,"key":"SMITH"},{"data":"Disarm","floor":11,"key":"SMITH"},{"data":"Inflame","floor":13,"key":"SMITH"},{"data":"Anger","floor":15,"key":"SMITH"},{"floor":24,"key":"REST"},{"floor":29,"key":"REST"},{"floor":32,"key":"RECALL"}],"neow_cost":"CURSE","seed_source_timestamp":636503624070317,"circlet_count":0,"master_deck":["AscendersBane","Strike_R","Strike_R","Strike_R","Defend_R","Defend_R","Defend_R","Defend_R","Bash+1","True Grit+1","Disarm+1","Anger+1","Shockwave","Inflame+1","Heavy Blade","Immolate","Heavy Blade+1","Pummel+1","True Grit+1"],"relics":["Burning Blood","Happy Flower","Bag of Preparation","Art of War","Bag of Marbles","Fusion Hammer","Molten Egg 2","The Courier","Orichalcum","Red Skull"],"potions_floor_usage":[7,10,18,25,33],"damage_taken":[{"damage":9,"enemies":"2 Louse","floor":1,"turns":4},{"damage":4,"enemies":"Jaw Worm","floor":2,"turns":6},{"damage":11,"enemies":"Small Slimes","floor":5,"turns":7},{"damage":14,"enemies":"Blue Slaver","floor":6,"turns":5},{"damage":29,"enemies":"3 Sentries","floor":7,"turns":9},{"damage":12,"enemies":"Lagavulin","floor":10,"turns":6},{"damage":13,"enemies":"Lots of Slimes","floor":14,"turns":4},{"damage":15,"enemies":"Hexaghost","floor":16,"turns":8},{"damage":15,"enemies":"Shell Parasite","floor":18,"turns":5},{"damage":0,"enemies":"Chosen","floor":20,"turns":3},{"damage":44,"enemies":"Book of Stabbing","floor":23,"turns":5},{"damage":12,"enemies":"Slavers","floor":25,"turns":3},{"damage":0,"enemies":"3 Cultists","floor":28,"turns":4},{"damage":20,"enemies":"Book of Stabbing","floor":30,"turns":4},{"damage":0,"enemies":"Cultist and Chosen","floor":31,"turns":3},{"damage":74,"enemies":"Champ","floor":33,"turns":8}],"seed_played":"-2785796129623950583","potions_obtained":[{"floor":5,"key":"Energy Potion"},{"floor":14,"key":"Block Potion"},{"floor":23,"key":"SteroidPotion"},{"floor":31,"key":"Block Potion"}],"is_trial":false,"path_per_floor":["M","M","$","?","M","M","E","R","T","E","R","$","R","M","R","B",null,"M","?","M","$","?","E","R","E","T","?","M","R","E","M","R","B"],"character_chosen":"IRONCLAD","items_purchased":["PowerPotion","Happy Flower","Inflame"],"campfire_rested":2,"item_purchase_floors":[3,3,12],"current_hp_per_floor":[65,67,67,67,62,54,31,31,31,25,25,25,25,18,18,9,59,50,50,56,56,56,18,40,34,34,34,40,62,48,54,54,0],"gold":325,"neow_bonus":"TWO_FIFTY_GOLD","is_prod":false,"is_daily":false,"chose_seed":false,"campfire_upgraded":4,"win_rate":0,"timestamp":1556607934,"path_taken":["M","M","$","?","M","M","E","R","T","E","R","?","R","M","R","BOSS","M","?","M","$","?","E","R","E","T","?","M","R","E","M","R","BOSS"],"build_version":"2019-01-23","purchased_purges":2,"victory":false,"max_hp_per_floor":[75,75,75,75,75,75,75,75,75,75,75,75,75,75,75,75,75,75,75,75,75,75,75,75,75,75,75,75,75,75,75,75,75],"card_choices":[{"not_picked":["Body Slam","Dropkick"],"picked":"True Grit","floor":1},{"not_picked":["Thunderclap","Rupture"],"picked":"Disarm","floor":2},{"not_picked":["Dropkick","Headbutt","Clash"],"picked":"SKIP","floor":5},{"not_picked":["Sword Boomerang","Flex"],"picked":"Anger","floor":6},{"not_picked":["Hemokinesis","Ghostly Armor"],"picked":"Shockwave","floor":7},{"not_picked":["Sentinel","Cleave","Pommel Strike"],"picked":"SKIP","floor":10},{"not_picked":["Power Through","Havoc"],"picked":"Heavy Blade","floor":14},{"not_picked":["Impervious","Barricade"],"picked":"Immolate","floor":16},{"not_picked":["Flex+1","Dual Wield","Infernal Blade"],"picked":"SKIP","floor":18},{"not_picked":["Wild Strike","Twin Strike","Rampage"],"picked":"SKIP","floor":20},{"not_picked":["Blood for Blood","Intimidate+1","Rage+1"],"picked":"SKIP","floor":23},{"not_picked":["Flex","Combust","Sever Soul+1"],"picked":"SKIP","floor":25},{"not_picked":["Clothesline+1","Inflame"],"picked":"Pummel+1","floor":28},{"not_picked":["Thunderclap+1","Havoc","Fire Breathing"],"picked":"SKIP","floor":30},{"not_picked":["Cleave+1","Thunderclap+1"],"picked":"True Grit+1","floor":31}],"player_experience":2132040,"relics_obtained":[{"floor":7,"key":"Bag of Preparation"},{"floor":9,"key":"Art of War"},{"floor":10,"key":"Bag of Marbles"},{"floor":23,"key":"Molten Egg 2"},{"floor":25,"key":"The Courier"},{"floor":26,"key":"Orichalcum"},{"floor":30,"key":"Red Skull"}],"event_choices":[{"damage_healed":0,"gold_gain":0,"player_choice":"Grow","damage_taken":0,"max_hp_gain":0,"max_hp_loss":0,"event_name":"Living Wall","floor":4,"gold_loss":0,"cards_upgraded":["Bash"]},{"damage_healed":0,"gold_gain":50,"player_choice":"Stole From Cult","damage_taken":0,"max_hp_gain":0,"max_hp_loss":0,"event_name":"Nest","floor":19,"gold_loss":0},{"damage_healed":0,"gold_gain":0,"player_choice":"Ignored","damage_taken":0,"max_hp_gain":0,"max_hp_loss":0,"event_name":"Vampires","floor":22,"gold_loss":0},{"damage_healed":0,"gold_gain":0,"cards_transformed":["Strike_R"],"player_choice":"Transformed","damage_taken":0,"max_hp_gain":0,"max_hp_loss":0,"event_name":"Transmorgrifier","floor":27,"gold_loss":0,"cards_obtained":["Heavy Blade"]}],"is_beta":false,"boss_relics":[{"not_picked":["Tiny House","White Beast Statue"],"picked":"Fusion Hammer"}],"items_purged_floors":[3,21],"is_endless":false,"potions_floor_spawned":[5,6,14,23,31],"killed_by":"Champ","ascension_level":20}