{"gold_per_floor":[109,259,259,259,272,272,298,313,313,293,2,2,2,29,29,106,106,122,122,137,137,150,150,150,150,174,209,209,244,22,22],"floor_reached":31,"playtime":1057,"items_purged":["Writhe"],"score":579,"play_id":"ead3d835-2544-4712-ae0c-10f8d2d1c4e0","local_time":"20190328173653","is_ascension_mode":true,"campfire_choices":[{"data":"Zap","floor":6,"key":"SMITH"},{"floor":12,"key":"REST"},{"data":"Go for the Eyes","floor":15,"key":"SMITH"},{"data":"Thunder Strike","floor":23,"key":"SMITH"},{"data":"Sweeping Beam","floor":25,"key":"SMITH"},{"data":"Reinforced Body","floor":28,"key":"SMITH"}],"neow_cost":"CURSE","seed_source_timestamp":1007740307283855,"circlet_count":0,"master_deck":["AscendersBane","Defend_B","Defend_B","Defend_B","Defend_B","Zap+1","Dualcast+1","Sweeping Beam+1","Thunder Strike+1","Cold Snap","Go for the Eyes+1","Reinforced Body+1","Electrodynamics+1","Cold Snap","Bite","Bite","Bite","Bite","Bite","Beam Cell+1","Storm+1","Storm+1"],"relics":["Cracked Core","Frozen Egg 2","Mercury Hourglass","ClockworkSouvenir","Pen Nib","Velvet Choker","Lantern","Centennial Puzzle","Darkstone Periapt"],"potions_floor_usage":[7,7,14,16,22,29,31,31],"damage_taken":[{"damage":7,"enemies":"Jaw Worm","floor":1,"turns":3},{"damage":4,"enemies":"2 Louse","floor":5,"turns":3},{"damage":30,"enemies":"Lagavulin","floor":7,"turns":6},{"damage":0,"enemies":"Cultist","floor":8,"turns":2},{"damage":3,"enemies":"3 Sentries","floor":14,"turns":3},{"damage":16,"enemies":"The Guardian","floor":16,"turns":14},{"damage":18,"enemies":"2 Thieves","floor":18,"turns":3},{"damage":2,"enemies":"Spheric Guardian","floor":20,"turns":4},{"damage":18,"enemies":"Snake Plant","floor":22,"turns":3},{"damage":24,"enemies":"Gremlin Leader","floor":27,"turns":5},{"damage":32,"enemies":"Slavers","floor":29,"turns":3},{"damage":26,"enemies":"Gremlin Leader","floor":31,"turns":2}],"seed_played":"8248943897673807767","potions_obtained":[{"floor":4,"key":"GamblersBrew"},{"floor":4,"key":"Poison Potion"},{"floor":8,"key":"Weak Potion"},{"floor":10,"key":"AttackPotion"},{"floor":20,"key":"Weak Potion"},{"floor":27,"key":"LiquidBronze"}],"is_trial":false,"path_per_floor":["M","?","?","?","M","R","E","M","T","?","$","R","$","E","R","B",null,"M","?","M","?","M","R","?","R","T","E","R","E","$","E"],"character_chosen":"DEFECT","items_purchased":["ClockworkSouvenir","Storm+1","LiquidBronze","Swift Potion"],"campfire_rested":1,"item_purchase_floors":[11,30,30,30],"current_hp_per_floor":[71,71,45,45,41,41,11,11,11,11,11,36,36,33,33,17,68,50,50,52,52,40,40,52,52,52,40,40,16,16,0],"gold":22,"neow_bonus":"TWENTY_PERCENT_HP_BONUS","is_prod":false,"is_daily":false,"chose_seed":false,"campfire_upgraded":5,"win_rate":0,"timestamp":1553809013,"path_taken":["M","?","?","?","?","R","E","M","T","?","$","R","?","E","R","BOSS","M","?","M","?","?","R","?","R","T","E","R","E","$","E"],"build_version":"2019-01-23","purchased_purges":1,"victory":false,"max_hp_per_floor":[85,85,85,85,85,85,85,85,85,85,85,85,85,85,85,85,85,85,59,59,59,59,59,59,59,59,59,59,59,59,59],"card_choices":[{"not_picked":["Beam Cell","Steam"],"picked":"Sweeping Beam","floor":1},{"not_picked":["Turbo","Beam Cell"],"picked":"Thunder Strike","floor":5},{"not_picked":["Streamline","Gash"],"picked":"Cold Snap","floor":7},{"not_picked":["Steam","Rebound"],"picked":"Go for the Eyes","floor":8},{"not_picked":["Hologram","Darkness"],"picked":"Reinforced Body","floor":14},{"not_picked":["Machine Learning+1","Fission"],"picked":"Electrodynamics+1","floor":16},{"not_picked":["Redo","Beam Cell"],"picked":"Cold Snap","floor":18},{"not_picked":["Rebound","Coolheaded","Streamline"],"picked":"SKIP","floor":20},{"not_picked":["Conserve Battery","Stack"],"picked":"Beam Cell+1","floor":22},{"not_picked":["Steam","Darkness","Force Field"],"picked":"SKIP","floor":27},{"not_picked":["Turbo+1","Blizzard"],"picked":"Storm+1","floor":29}],"player_experience":1475741,"relics_obtained":[{"floor":7,"key":"Frozen Egg 2"},{"floor":9,"key":"Mercury Hourglass"},{"floor":14,"key":"Pen Nib"},{"floor":26,"key":"Lantern"},{"floor":27,"key":"Centennial Puzzle"},{"floor":29,"key":"Darkstone Periapt"}],"event_choices":[{"damage_healed":0,"gold_gain":150,"player_choice":"AGREE","damage_taken":0,"max_hp_gain":0,"max_hp_loss":0,"event_name":"Liars Game","floor":2,"gold_loss":0,"cards_obtained":["Doubt"]},{"damage_healed":0,"gold_gain":0,"player_choice":"Entered Light","damage_taken":26,"max_hp_gain":0,"max_hp_loss":0,"event_name":"Shining Light","floor":3,"gold_loss":0,"cards_upgraded":["Dualcast","Strike_B"]},{"damage_healed":0,"gold_gain":0,"player_choice":"Got Potions","damage_taken":0,"max_hp_gain":0,"max_hp_loss":0,"event_name":"Lab","floor":4,"gold_loss":0},{"damage_healed":0,"gold_gain":0,"player_choice":"Bought 1 Potion","damage_taken":0,"max_hp_gain":0,"max_hp_loss":0,"event_name":"The Woman in Blue","floor":10,"gold_loss":0},{"damage_healed":0,"gold_gain":0,"player_choice":"Became a vampire","damage_taken":0,"max_hp_gain":0,"max_hp_loss":26,"event_name":"Vampires","floor":19,"gold_loss":0,"cards_obtained":["Bite","Bite","Bite","Bite","Bite"]},{"cards_removed":["Doubt"],"damage_healed":0,"gold_gain":0,"player_choice":"Purged","damage_taken":0,"max_hp_gain":0,"max_hp_loss":0,"event_name":"Purifier","floor":21,"gold_loss":0},{"damage_healed":12,"gold_gain":0,"player_choice":"Heal","damage_taken":0,"max_hp_gain":0,"max_hp_loss":0,"event_name":"The Library","floor":24,"gold_loss":0}],"is_beta":false,"boss_relics":[{"not_picked":["Snecko Eye","Runic Dome"],"picked":"Velvet Choker"}],"items_purged_floors":[11],"is_endless":false,"potions_floor_spawned":[8,20,27],"killed_by":"Gremlin Leader","ascension_level":20}