{"gold_per_floor":[113,113,188,15,15,15,29,29,106,206,206,225,272,283,283,382,382,393,406,406,435,452,452,452,452,479,479,496,33,33,44,44,44],"floor_reached":33,"playtime":2764,"items_purged":[],"score":233,"play_id":"9f2b25eb-b8c1-4c1a-ac17-2c3fd925ae78","local_time":"20180707123025","is_ascension_mode":false,"campfire_choices":[{"floor":6,"key":"REST"},{"data":"Consume","floor":8,"key":"SMITH"},{"data":"Bandage Up","floor":11,"key":"SMITH"},{"floor":15,"key":"REST"},{"floor":23,"key":"REST"},{"floor":25,"key":"REST"},{"floor":27,"key":"REST"},{"floor":30,"key":"REST"},{"floor":32,"key":"REST"}],"neow_cost":"NONE","seed_source_timestamp":40974364177419,"circlet_count":0,"master_deck":["Strike_B","Strike_B","Strike_B","Defend_B","Defend_B","Zap","Dualcast+1","Gash","Leap","Bandage Up+1","Conserve Battery","Consume+1","Streamline","Sweeping Beam","Fission","All For One+1","Reboot+1","Static Discharge+1","Ball Lightning","Genetic Algorithm","Necronomicurse","Undo+1","Rebound+1","Writhe","Gash","Stack","Barrage"],"relics":["Philosopher\u0027s Stone","Gremlin Horn","Bottled Lightning","Bag of Marbles","Astrolabe","Necronomicon","Red Mask","Question Card","Pen Nib","Letter Opener","War Paint"],"potions_floor_usage":[16,21,22],"damage_taken":[{"damage":8,"enemies":"Jaw Worm","floor":1,"turns":4},{"damage":0,"enemies":"2 Louse","floor":7,"turns":3},{"damage":0,"enemies":"Cultist","floor":12,"turns":4},{"damage":16,"enemies":"Looter","floor":14,"turns":4},{"damage":67,"enemies":"The Guardian","floor":16,"turns":12},{"damage":41,"enemies":"3 Byrds","floor":18,"turns":3},{"damage":6,"enemies":"Chosen","floor":19,"turns":4},{"damage":11,"floor":21,"turns":3},{"damage":35,"enemies":"Snecko","floor":22,"turns":6},{"damage":32,"enemies":"Sentry and Sphere","floor":28,"turns":5},{"damage":25,"enemies":"Centurion and Healer","floor":31,"turns":5},{"damage":86,"enemies":"Automaton","floor":33,"turns":6}],"seed_played":"5375183726758966046","potions_obtained":[{"floor":1,"key":"SpeedPotion"},{"floor":7,"key":"SpeedPotion"},{"floor":21,"key":"Regen Potion"}],"is_trial":false,"path_per_floor":["M","?","?","$","?","R","M","R","T","?","R","M","T","M","R","B",null,"M","M","?","?","M","R","?","R","T","R","M","$","R","M","R"],"character_chosen":"DEFECT","items_purchased":["Leap","Bandage Up","Conserve Battery","Letter Opener","War Paint","Stack"],"campfire_rested":7,"item_purchase_floors":[4,4,4,29,29,29],"current_hp_per_floor":[67,55,44,44,44,66,70,70,70,70,70,75,75,59,75,14,75,40,40,24,19,4,26,26,48,48,70,43,43,65,46,68,0],"gold":44,"neow_bonus":"BOSS_RELIC","is_prod":false,"is_daily":false,"chose_seed":false,"campfire_upgraded":2,"win_rate":0.0,"timestamp":1530981025,"path_taken":["M","?","?","?","?","R","M","R","T","?","R","M","?","M","R","BOSS","M","M","?","?","?","R","?","R","T","R","M","$","R","M","R","BOSS"],"build_version":"2018-06-28","purchased_purges":0,"victory":false,"max_hp_per_floor":[75,75,75,75,75,75,75,75,75,75,75,75,75,75,75,75,75,75,75,75,75,75,75,75,75,75,75,75,75,75,75,75,75],"card_choices":[{"not_picked":["Skim","Sweeping Beam"],"picked":"Gash","floor":1},{"not_picked":["Ball Lightning","Steam"],"picked":"Consume","floor":7},{"not_picked":["Ball Lightning","Compile Driver"],"picked":"Streamline","floor":12},{"not_picked":["Blizzard","Barrage"],"picked":"Sweeping Beam","floor":14},{"not_picked":["Machine Learning","Buffer"],"picked":"Fission","floor":16},{"not_picked":["Lockon","Leap"],"picked":"Ball Lightning","floor":18},{"not_picked":["Coolheaded+1","Chaos"],"picked":"Genetic Algorithm","floor":19},{"not_picked":["Chill","Beam Cell"],"picked":"Undo","floor":21},{"not_picked":["Steam Power","Auto Shields"],"picked":"Rebound+1","floor":22},{"not_picked":["Capacitor","Stack","Leap"],"picked":"Gash","floor":28},{"not_picked":["Reinforced Body","Rebound","Fusion"],"picked":"Barrage","floor":31}],"player_experience":37077,"relics_obtained":[{"floor":9,"key":"Bottled Lightning"},{"floor":13,"key":"Bag of Marbles"},{"floor":20,"key":"Necronomicon"},{"floor":21,"key":"Red Mask"},{"floor":26,"key":"Pen Nib"}],"event_choices":[{"event_name":"Scrap Ooze","player_choice":"success","floor":2,"damage_taken":12},{"event_name":"World of Goop","player_choice":"Gather Gold","floor":3,"damage_taken":0},{"event_name":"Purifier","player_choice":"Skipped","floor":5,"damage_taken":0},{"event_name":"Golden Shrine","player_choice":"Pray","floor":10,"damage_taken":0},{"event_name":"Cursed Tome","player_choice":"Obtained Book","floor":20,"damage_taken":0},{"event_name":"Masked Bandits","player_choice":"Fought over 406 gold","floor":21,"damage_taken":0},{"event_name":"The Mausoleum","player_choice":"Yes","floor":24,"damage_taken":0}],"boss_relics":[{"not_picked":["White Beast Statue","Runic Dome"],"picked":"Astrolabe"}],"items_purged_floors":[],"is_endless":false,"potions_floor_spawned":[1,7,21],"killed_by":"Automaton","ascension_level":0}