{"gold_per_floor":[112,70,70,70,70,105,105,120,143,174,174,189,227,241,241,330,330,355,378,378,392,392,392,406,441,467,467],"floor_reached":27,"playtime":987,"items_purged":[],"score":598,"play_id":"38a15428-34e5-4a4e-8a3f-fedd9b1c8f03","local_time":"20190402152328","is_ascension_mode":true,"campfire_choices":[{"data":"Loop","floor":7,"key":"SMITH"},{"data":"Hologram","floor":15,"key":"SMITH"},{"floor":23,"key":"REST"}],"neow_cost":"NONE","seed_source_timestamp":104502205291312,"circlet_count":0,"master_deck":["AscendersBane","Strike_B","Strike_B","Strike_B","Strike_B","Defend_B","Defend_B","Defend_B","Defend_B","Zap+1","Dualcast","Glacier","Loop+1","Cold Snap","Glacier","Sunder+1","Hologram+1","BootSequence","Electrodynamics","Double Energy+1","Ball Lightning","Barrage+1"],"relics":["Cracked Core","NeowsBlessing","Golden Idol","DataDisk","Calipers","Darkstone Periapt","Inserter","Strawberry","FaceOfCleric","Emotion Chip","Bag of Preparation"],"potions_floor_usage":[10,13,16,16,24,27],"damage_taken":[{"damage":0,"enemies":"Cultist","floor":1,"turns":1},{"damage":0,"enemies":"3 Sentries","floor":6,"turns":1},{"damage":0,"enemies":"Jaw Worm","floor":8,"turns":1},{"damage":0,"enemies":"Lagavulin","floor":10,"turns":4},{"damage":0,"enemies":"2 Louse","floor":12,"turns":1},{"damage":1,"enemies":"Gremlin Nob","floor":13,"turns":3},{"damage":0,"enemies":"Red Slaver","floor":14,"turns":4},{"damage":29,"enemies":"Hexaghost","floor":16,"turns":11},{"damage":15,"enemies":"3 Byrds","floor":18,"turns":3},{"damage":17,"enemies":"Shell Parasite","floor":21,"turns":6},{"damage":15,"enemies":"Snecko","floor":24,"turns":6},{"damage":46,"enemies":"Gremlin Leader","floor":25,"turns":7},{"damage":24,"enemies":"Book of Stabbing","floor":27,"turns":6}],"seed_played":"-2854438520071245160","potions_obtained":[{"floor":1,"key":"AttackPotion"},{"floor":8,"key":"Block Potion"},{"floor":12,"key":"FearPotion"},{"floor":13,"key":"EssenceOfSteel"},{"floor":21,"key":"Ancient Potion"},{"floor":25,"key":"Regen Potion"}],"is_trial":false,"path_per_floor":["M","$","?","$","?","E","R","M","T","E","?","M","E","M","R","B",null,"M","T","?","M","?","R","M","E","T","E"],"character_chosen":"DEFECT","items_purchased":["Loop"],"campfire_rested":1,"item_purchase_floors":[2],"current_hp_per_floor":[64,64,64,64,64,64,64,64,64,64,64,64,63,63,63,34,57,42,49,49,33,47,68,54,9,9,0],"gold":467,"neow_bonus":"THREE_ENEMY_KILL","is_prod":false,"is_daily":false,"chose_seed":false,"campfire_upgraded":2,"win_rate":0,"timestamp":1554233008,"path_taken":["M","$","?","$","?","E","R","M","T","E","?","M","E","M","R","BOSS","M","?","?","?","?","R","M","E","T","E"],"build_version":"2019-01-23","purchased_purges":0,"victory":false,"max_hp_per_floor":[71,71,64,64,64,64,64,64,64,64,64,64,64,64,64,64,64,64,71,71,72,72,72,73,74,74,74],"card_choices":[{"not_picked":["FTL","Reinforced Body"],"picked":"Glacier","floor":1},{"not_picked":["Heatsinks","FTL"],"picked":"Cold Snap","floor":6},{"not_picked":["Beam Cell","Sweeping Beam"],"picked":"Glacier","floor":8},{"not_picked":["Conserve Battery","Sweeping Beam"],"picked":"Sunder","floor":10},{"not_picked":["Double Energy","Sunder","Tempest"],"picked":"SKIP","floor":12},{"not_picked":["Sweeping Beam","Compile Driver"],"picked":"Hologram","floor":13},{"not_picked":["Auto Shields","Compile Driver"],"picked":"BootSequence","floor":14},{"not_picked":["Creative AI","Hyperbeam"],"picked":"Electrodynamics","floor":16},{"not_picked":["Conserve Battery","Rebound"],"picked":"Double Energy+1","floor":18},{"not_picked":["Hello World","Steam"],"picked":"Ball Lightning","floor":21},{"not_picked":["Defragment","Conserve Battery"],"picked":"Barrage+1","floor":24},{"not_picked":["Go for the Eyes","Amplify","White Noise"],"picked":"SKIP","floor":25}],"player_experience":1530750,"relics_obtained":[{"floor":6,"key":"DataDisk"},{"floor":10,"key":"Calipers"},{"floor":13,"key":"Darkstone Periapt"},{"floor":19,"key":"Strawberry"},{"floor":25,"key":"Emotion Chip"},{"floor":26,"key":"Bag of Preparation"}],"event_choices":[{"damage_healed":0,"gold_gain":0,"player_choice":"Lose Max HP","damage_taken":0,"relics_obtained":["Golden Idol"],"max_hp_gain":0,"max_hp_loss":7,"event_name":"Golden Idol","floor":3,"gold_loss":0},{"damage_healed":0,"gold_gain":0,"player_choice":"Grow","damage_taken":0,"max_hp_gain":0,"max_hp_loss":0,"event_name":"Living Wall","floor":5,"gold_loss":0,"cards_upgraded":["Zap"]},{"damage_healed":0,"gold_gain":0,"player_choice":"Forge","damage_taken":0,"max_hp_gain":0,"max_hp_loss":0,"event_name":"Accursed Blacksmith","floor":11,"gold_loss":0,"cards_upgraded":["Sunder"]},{"damage_healed":0,"gold_gain":0,"player_choice":"Trade","damage_taken":0,"relics_obtained":["FaceOfCleric"],"max_hp_gain":0,"max_hp_loss":0,"event_name":"FaceTrader","floor":20,"gold_loss":0},{"damage_healed":14,"gold_gain":0,"player_choice":"Heal","damage_taken":0,"max_hp_gain":0,"max_hp_loss":0,"event_name":"The Library","floor":22,"gold_loss":0}],"is_beta":false,"boss_relics":[{"not_picked":["White Beast Statue","Tiny House"],"picked":"Inserter"}],"items_purged_floors":[],"is_endless":false,"potions_floor_spawned":[1,8,12,13,21,25],"killed_by":"Book of Stabbing","ascension_level":20}