{"path_per_floor":["M","?","?","M","$","E","R","M","T","E","$","?","R","$","R","B",null,"M","?","T","$","?","R","E","R","T","?","M","M"],"character_chosen":"IRONCLAD","items_purchased":["Metallicize","Metallicize","Spot Weakness"],"gold_per_floor":[112,112,62,72,72,99,99,109,133,158,87,87,87,8,8,131,131,145,145,145,77,77,77,117,117,117,32,56,74],"floor_reached":30,"campfire_rested":0,"playtime":2346,"current_hp_per_floor":[77,77,77,72,72,43,43,39,39,25,25,25,25,25,25,23,84,63,61,61,61,46,46,35,35,35,42,42,37],"items_purged":[],"gold":74,"play_id":"5a8052f3-b2d0-43a3-9c97-d6693395865f","is_prod":false,"is_daily":false,"is_ascension_mode":false,"campfire_upgraded":5,"path_taken":["M","?","?","M","$","E","R","M","T","E","$","?","R","$","R","BOSS","M","?","?","$","?","R","E","R","T","?","M","M","E"],"build_version":"2018-02-01-PROD3","purchased_purges":2,"victory":false,"master_deck":["Defend_R","Defend_R","Defend_R+1","Defend_R+1","Bash","Offering","Inflame","Feed+1","True Grit","Evolve+1","Metallicize","Metallicize+1","Limit Break+1","Inflame","Heavy Blade+1","Battle Trance","Infernal Blade","Bite","Bite","Bite","Bite","Bite","Spot Weakness","Searing Blow+1","Rupture"],"max_hp_per_floor":[80,80,80,80,80,80,80,84,84,84,84,84,84,84,84,84,84,88,61,61,61,66,66,66,66,66,73,77,81],"relics":["Lizard Tail","Pantograph","Bag of Marbles","Omamori","Calipers","Golden Idol","Orrery","Torii","War Paint","Centennial Puzzle","Strawberry"],"card_choices":[{"not_picked":["Blood for Blood","Clothesline"],"picked":"Offering"},{"not_picked":["Pummel","Spot Weakness"],"picked":"Inflame"},{"not_picked":["Clothesline","Blood for Blood"],"picked":"Feed"},{"not_picked":["Blood for Blood","Reckless Charge"],"picked":"True Grit"},{"not_picked":["Anger","Dual Wield"],"picked":"Evolve"},{"not_picked":["Reaper","Double Tap"],"picked":"Limit Break"},{"not_picked":["Twin Strike","Spot Weakness"],"picked":"Inflame"},{"not_picked":["Anger","Twin Strike"],"picked":"Heavy Blade"},{"not_picked":["Sword Boomerang","Infernal Blade"],"picked":"Battle Trance"},{"not_picked":["Pommel Strike","Clothesline"],"picked":"Infernal Blade"},{"not_picked":["Sword Boomerang","Clothesline"],"picked":"Searing Blow"},{"not_picked":["Juggernaut","True Grit"],"picked":"Rupture"}],"player_experience":67030,"potions_floor_usage":[6,10,16,18],"damage_taken":[{"damage":3,"enemies":"Small Slimes","floor":1,"turns":3},{"damage":5,"enemies":"Cultist","floor":4,"turns":3},{"damage":29,"enemies":"Lagavulin","floor":6,"turns":8},{"damage":8,"enemies":"Blue Slaver","floor":8,"turns":4},{"damage":14,"enemies":"Gremlin Nob","floor":10,"turns":4},{"damage":27,"enemies":"The Guardian","floor":16,"turns":13},{"damage":25,"enemies":"Shell Parasite","floor":18,"turns":7},{"damage":63,"enemies":"Gremlin Leader","floor":24,"turns":8},{"damage":12,"enemies":"3 Byrds","floor":28,"turns":5},{"damage":29,"enemies":"Centurion and Healer","floor":29,"turns":7},{"damage":40,"enemies":"Slavers","floor":30,"turns":4}],"event_choices":[{"event_name":"Big Fish","player_choice":"Box","floor":2,"damage_taken":0},{"event_name":"The Cleric","player_choice":"Card Removal","floor":3,"damage_taken":0},{"event_name":"Golden Idol","player_choice":"Take Wound","floor":12,"damage_taken":0},{"event_name":"Vampires","player_choice":"Became a vampire","floor":19,"damage_taken":0},{"event_name":"Forgotten Altar","player_choice":"Shed Blood","floor":22,"damage_taken":0},{"event_name":"Addict","player_choice":"Obtained Relic","floor":27,"damage_taken":0}],"boss_relics":[{"not_picked":["Velvet Choker","Runic Pyramid"],"picked":"Orrery"}],"potions_floor_spawned":[1,4,8,16],"seed_played":"-1323481340708340641","killed_by":"Slavers","ascension_level":0,"is_trial":false}