{"gold_per_floor":[369,2,2,22,22,22,87,87,114,114,132,132,164,179,179,179],"floor_reached":16,"playtime":4905,"items_purged":[],"score":216,"play_id":"99130be1-3d7a-420f-9d46-fc1f5840b821","local_time":"20190501202044","is_ascension_mode":true,"campfire_choices":[{"data":"Dagger Spray","floor":6,"key":"SMITH"},{"floor":10,"key":"REST"},{"data":"Neutralize","floor":12,"key":"SMITH"},{"floor":15,"key":"REST"}],"neow_cost":"TEN_PERCENT_HP_LOSS","seed_source_timestamp":781462573950040,"circlet_count":0,"master_deck":["AscendersBane","Defend_G","Defend_G","Defend_G","Defend_G","Defend_G","Strike_G","Strike_G","Strike_G","Strike_G","Strike_G","Survivor","Neutralize+1","Dagger Spray+1","Dagger Throw","Crippling Poison","Deadly Poison","Cloak And Dagger","Finisher"],"relics":["Ring of the Snake","Incense Burner","Tiny Chest","Darkstone Periapt","Smiling Mask","Vajra"],"potions_floor_usage":[13],"damage_taken":[{"damage":15,"enemies":"Cultist","floor":1,"turns":6},{"damage":4,"enemies":"Small Slimes","floor":4,"turns":3},{"damage":42,"enemies":"Lagavulin","floor":7,"turns":8},{"damage":0,"enemies":"Jaw Worm","floor":11,"turns":4},{"damage":20,"enemies":"3 Sentries","floor":13,"turns":7},{"damage":0,"enemies":"Looter","floor":14,"turns":3},{"damage":22,"enemies":"The Guardian","floor":16,"turns":9}],"seed_played":"1724089864198353040","potions_obtained":[{"floor":1,"key":"Explosive Potion"},{"floor":13,"key":"Weak Potion"}],"is_trial":false,"path_per_floor":["M","$","?","M","?","R","E","T","T","R","M","R","E","M","R","B"],"character_chosen":"THE_SILENT","items_purchased":["Incense Burner","Dagger Throw"],"campfire_rested":2,"item_purchase_floors":[2,2],"current_hp_per_floor":[44,44,49,45,45,45,3,3,3,22,22,22,2,2,21,0],"gold":179,"neow_bonus":"TWO_FIFTY_GOLD","is_prod":false,"is_daily":false,"chose_seed":false,"campfire_upgraded":2,"win_rate":0,"timestamp":1556756444,"path_taken":["M","$","?","M","?","R","E","?","T","R","M","R","E","M","R","BOSS"],"build_version":"2019-01-23","purchased_purges":0,"victory":false,"max_hp_per_floor":[60,60,65,65,65,65,65,65,65,65,65,65,65,65,65,65],"card_choices":[{"not_picked":["Eviscerate","Bane"],"picked":"Dagger Spray","floor":1},{"not_picked":["Sucker Punch","Acrobatics","Outmaneuver"],"picked":"SKIP","floor":4},{"not_picked":["Cloak And Dagger","Finisher"],"picked":"Crippling Poison","floor":7},{"not_picked":["Distraction","Acrobatics"],"picked":"Deadly Poison","floor":11},{"not_picked":["Expertise","Underhanded Strike"],"picked":"Cloak And Dagger","floor":13},{"not_picked":["Slice","Burst"],"picked":"Finisher","floor":14}],"player_experience":2212515,"relics_obtained":[{"floor":7,"key":"Tiny Chest"},{"floor":8,"key":"Darkstone Periapt"},{"floor":9,"key":"Smiling Mask"},{"floor":13,"key":"Vajra"}],"event_choices":[{"damage_healed":0,"gold_gain":0,"player_choice":"Donut","damage_taken":0,"max_hp_gain":5,"max_hp_loss":0,"event_name":"Big Fish","floor":3,"gold_loss":0},{"damage_healed":0,"gold_gain":0,"player_choice":"Ignored","damage_taken":0,"max_hp_gain":0,"max_hp_loss":0,"event_name":"Liars Game","floor":5,"gold_loss":0}],"is_beta":false,"boss_relics":[],"items_purged_floors":[],"is_endless":false,"potions_floor_spawned":[1,13],"killed_by":"The Guardian","ascension_level":20}