{"gold_per_floor":[112,112,112,126,140,140,140,159,159,197,197,215,255,276,276,399,399,424,81,81,67,80,80,116,116,116,129,129,147,161,182,182,312,312,330,663,680,690,706,732,747,747,774,774,799,799,275,307,307,307,307,307,6,35,35],"floor_reached":56,"playtime":5476,"items_purged":["Strike_B","Regret","Clumsy"],"score":1817,"play_id":"54b84f85-e966-4478-b9f5-035f73f9a3d1","local_time":"20190509154546","is_ascension_mode":true,"campfire_choices":[{"data":"Go for the Eyes","floor":6.0,"key":"SMITH"},{"data":"Dualcast","floor":11.0,"key":"SMITH"},{"floor":15.0,"key":"REST"},{"data":"Fission","floor":23,"key":"SMITH"},{"floor":25,"key":"REST"},{"floor":28,"key":"REST"},{"floor":32,"key":"REST"},{"floor":42,"key":"RECALL"},{"floor":44,"key":"REST"},{"floor":49,"key":"REST"},{"floor":52,"key":"REST"}],"neow_cost":"NONE","seed_source_timestamp":0,"circlet_count":0,"master_deck":["Strike_B","Strike_B","Defend_B","Defend_B","Defend_B","Defend_B","Zap+1","Dualcast+1","Conserve Battery","Cold Snap","Go for the Eyes+1","Leap","Machine Learning","Hologram","Fission+1","Defragment","Biased Cognition","Go for the Eyes+1","Apotheosis","Defragment","Glacier+1","Doom and Gloom","Sweeping Beam","Capacitor","Sweeping Beam+1","Reboot","Defragment+1","Undo","Leap+1","Defragment+1","Coolheaded","Amplify","Buffer","Echo Form"],"special_seed":0,"relics":["Cracked Core","Smiling Mask","Art of War","Blood Vial","Cursed Key","Membership Card","Shuriken","PreservedInsect","Fusion Hammer","Mummified Hand","Juzu Bracelet","Dead Branch","Incense Burner","Turnip","Potion Belt","Calipers","Runic Capacitor","Pen Nib"],"potions_floor_usage":[22,24,30,33,38,38,40,50,54,55,55],"damage_taken":[{"damage":0.0,"enemies":"Small Slimes","floor":1.0,"turns":3.0},{"damage":2.0,"enemies":"2 Louse","floor":4.0,"turns":3.0},{"damage":0.0,"enemies":"Jaw Worm","floor":5.0,"turns":4.0},{"damage":6.0,"enemies":"Exordium Thugs","floor":8.0,"turns":5.0},{"damage":7.0,"enemies":"Lagavulin","floor":10.0,"turns":7.0},{"damage":0.0,"enemies":"2 Fungi Beasts","floor":12.0,"turns":3.0},{"damage":17.0,"enemies":"3 Sentries","floor":13.0,"turns":10.0},{"damage":21.0,"enemies":"Gremlin Gang","floor":14.0,"turns":6.0},{"damage":8.0,"enemies":"The Guardian","floor":16.0,"turns":13.0},{"damage":7.0,"enemies":"Shell Parasite","floor":18.0,"turns":7.0},{"damage":15.0,"enemies":"2 Thieves","floor":21.0,"turns":4.0},{"damage":2,"enemies":"Centurion and Healer","floor":22,"turns":11},{"damage":43,"enemies":"Slavers","floor":24,"turns":10},{"damage":3,"enemies":"Sentry and Sphere","floor":27,"turns":6},{"damage":23,"enemies":"Snake Plant","floor":29,"turns":5},{"damage":8,"enemies":"3 Cultists","floor":30,"turns":7},{"damage":0,"enemies":"Chosen and Byrds","floor":31,"turns":6},{"damage":4,"enemies":"Collector","floor":33,"turns":8},{"damage":11,"enemies":"3 Shapes","floor":35,"turns":4},{"damage":0,"enemies":"Orb Walker","floor":37,"turns":3},{"damage":18,"enemies":"Writhing Mass","floor":38,"turns":5},{"damage":0,"enemies":"Sphere and 2 Shapes","floor":39,"turns":5},{"damage":0,"enemies":"Reptomancer","floor":40,"turns":4},{"damage":3,"enemies":"Jaw Worm Horde","floor":41,"turns":4},{"damage":8,"enemies":"Giant Head","floor":45,"turns":10},{"damage":0,"enemies":"Nemesis","floor":48,"turns":5},{"damage":16,"enemies":"Time Eater","floor":50,"turns":15},{"damage":12,"enemies":"Shield and Spear","floor":54,"turns":8},{"damage":5,"enemies":"The Heart","floor":55,"turns":12}],"seed_played":"-7233783232449051963","potions_obtained":[{"floor":4.0,"key":"Dexterity Potion"},{"floor":5.0,"key":"SteroidPotion"},{"floor":12.0,"key":"Regen Potion"},{"floor":14.0,"key":"Strength Potion"},{"floor":18.0,"key":"Poison Potion"},{"floor":27,"key":"Explosive Potion"},{"floor":31,"key":"Energy Potion"},{"floor":33,"key":"SteroidPotion"},{"floor":35,"key":"AttackPotion"},{"floor":40,"key":"Dexterity Potion"},{"floor":45,"key":"FocusPotion"},{"floor":48,"key":"GamblersBrew"},{"floor":54,"key":"SteroidPotion"}],"is_trial":false,"path_per_floor":["M","?","?","M","M","R","T","M","T","E","R","M","E","M","R","B",null,"M","$","?","M","M","R","E","R","T","M","R","M","M","M","R","B",null,"M","?","M","M","M","E","M","R","T","R","E","?","$","E","R","B",null,"R","$","E","B",null],"character_chosen":"DEFECT","items_purchased":["Membership Card","Apotheosis","Incense Burner","Turnip","SpeedPotion","Amplify","Buffer","Calipers","Runic Capacitor"],"campfire_rested":7,"item_purchase_floors":[19,19,47,47,47,47,47,53,53],"current_hp_per_floor":[68,61,43,41,41,41,41,35,35,28,28,28,26,7,29,23,62,57,57,57,44,44,44,3,25,25,24,46,25,19,21,43,41,67,58,58,60,44,46,48,47,47,47,69,63,63,63,65,71,55,67,71,71,59,56],"gold":35,"neow_bonus":"UPGRADE_CARD","is_prod":false,"is_daily":false,"chose_seed":false,"campfire_upgraded":3,"win_rate":0,"timestamp":1557413146,"path_taken":["M","?","?","M","M","R","?","?","T","E","R","M","E","M","R","BOSS","M","$","?","M","?","R","E","R","T","M","R","M","M","M","R","BOSS","M","?","M","M","M","E","M","R","T","R","E","?","$","E","R","BOSS","R","$","E","BOSS"],"build_version":"2019-01-23","purchased_purges":3,"victory":true,"max_hp_per_floor":[75,75,75,75,75,75,75,75,75,75,75,75,75,75,75,75,75,75,75,75,75,75,75,75,75,75,75,75,75,75,75,75,75,75,75,75,75,75,75,75,75,75,75,75,75,71,71,71,71,71,71,71,71,71,71],"card_choices":[{"not_picked":["Sweeping Beam","Recycle"],"picked":"Conserve Battery","floor":1.0},{"not_picked":["Gash","Tempest"],"picked":"Cold Snap","floor":4.0},{"not_picked":["Barrage","Tempest"],"picked":"Go for the Eyes","floor":5.0},{"not_picked":["Scrape","Lockon"],"picked":"Leap","floor":8.0},{"not_picked":["Double Energy","Stack"],"picked":"Machine Learning","floor":10.0},{"not_picked":["Streamline","Turbo"],"picked":"Hologram","floor":12.0},{"not_picked":["Auto Shields","Storm"],"picked":"Fission","floor":13.0},{"not_picked":["Sweeping Beam","Stack"],"picked":"Defragment","floor":14.0},{"not_picked":["Meteor Strike","Reboot"],"picked":"Biased Cognition","floor":16.0},{"not_picked":["Ball Lightning","Steam Power"],"picked":"Go for the Eyes+1","floor":18.0},{"not_picked":["Streamline","Sweeping Beam"],"picked":"Glacier+1","floor":21.0},{"not_picked":["Compile Driver","Go for the Eyes"],"picked":"Doom and Gloom","floor":22},{"not_picked":["Gash","Steam"],"picked":"Sweeping Beam","floor":24},{"not_picked":["Streamline","Glacier"],"picked":"Capacitor","floor":27},{"not_picked":["Hologram","Steam","Gash+1"],"picked":"SKIP","floor":29},{"not_picked":["Capacitor","Melter"],"picked":"Sweeping Beam+1","floor":30},{"not_picked":["Hologram","Go for the Eyes","Static Discharge"],"picked":"SKIP","floor":31},{"not_picked":["Meteor Strike","All For One"],"picked":"Reboot","floor":33},{"not_picked":["Cold Snap+1","Steam","Beam Cell+1"],"picked":"SKIP","floor":35},{"not_picked":["Genetic Algorithm","Ball Lightning+1"],"picked":"Defragment+1","floor":37},{"not_picked":["Conserve Battery+1","Rebound+1"],"picked":"Undo","floor":38},{"not_picked":["Aggregate+1","Storm+1","Ball Lightning+1"],"picked":"SKIP","floor":39},{"not_picked":["Streamline+1","Hello World+1"],"picked":"Leap+1","floor":40},{"not_picked":["Stack+1","Lockon"],"picked":"Defragment+1","floor":41},{"not_picked":["Force Field","Cold Snap+1"],"picked":"Coolheaded","floor":45},{"not_picked":["Coolheaded","Melter+1"],"picked":"Echo Form","floor":48},{"not_picked":["Beam Cell+1","Tempest+1","Ball Lightning"],"picked":"SKIP","floor":54}],"player_experience":333734,"relics_obtained":[{"floor":9.0,"key":"Smiling Mask"},{"floor":10.0,"key":"Art of War"},{"floor":13.0,"key":"Blood Vial"},{"floor":24,"key":"Shuriken"},{"floor":26,"key":"PreservedInsect"},{"floor":40,"key":"Mummified Hand"},{"floor":43,"key":"Juzu Bracelet"},{"floor":45,"key":"Dead Branch"},{"floor":48,"key":"Potion Belt"},{"floor":54,"key":"Pen Nib"}],"event_choices":[{"cards_removed":["Strike_B"],"damage_healed":0.0,"max_hp_gain":0.0,"max_hp_loss":0.0,"gold_gain":0.0,"event_name":"Golden Wing","player_choice":"Card Removal","floor":2.0,"gold_loss":0.0,"damage_taken":7.0},{"damage_healed":0.0,"max_hp_gain":0.0,"max_hp_loss":0.0,"gold_gain":0.0,"event_name":"Golden Idol","player_choice":"Take Damage","floor":3.0,"gold_loss":0.0,"damage_taken":18.0,"relics_obtained":["Golden Idol"]},{"damage_healed":0.0,"max_hp_gain":0.0,"max_hp_loss":0.0,"gold_gain":0.0,"event_name":"Duplicator","player_choice":"Copied","floor":20.0,"gold_loss":0.0,"damage_taken":0.0,"cards_obtained":["Defragment"]},{"damage_healed":0,"gold_gain":333,"player_choice":"Gave Idol","damage_taken":0,"max_hp_gain":0,"max_hp_loss":0,"event_name":"The Moai Head","floor":36,"relics_lost":["Golden Idol"],"gold_loss":0},{"damage_healed":0,"gold_gain":0,"player_choice":"Max HP","damage_taken":0,"max_hp_gain":0,"max_hp_loss":4,"event_name":"Winding Halls","floor":46,"gold_loss":0}],"is_beta":false,"boss_relics":[{"not_picked":["Black Star","Nuclear Battery"],"picked":"Cursed Key"},{"not_picked":["Runic Pyramid","Calling Bell"],"picked":"Fusion Hammer"}],"items_purged_floors":[19,47,53],"is_endless":false,"potions_floor_spawned":[4,5,12,14,18,21,27,31,33,35,40,45,48,54],"ascension_level":9}