{"gold_per_floor":[110,110,127,127,146,146,146,174,200,200,70,80,98,161,161,240,240,251,241,253,178,178,178,207,40,40,40,58,76,92,17,17,94,94,114,114,114,128,139,139,166,166,166,166,183,199,232,232,232,232],"floor_reached":51,"playtime":1977,"items_purged":[],"score":1504,"play_id":"5b220137-6433-4dff-8ef6-a438135a1642","local_time":"20180802233745","is_ascension_mode":true,"campfire_choices":[{"data":"Bash","floor":6.0,"key":"SMITH"},{"data":"Entrench","floor":10.0,"key":"SMITH"},{"data":"Feel No Pain","floor":15.0,"key":"SMITH"},{"data":"Corruption","floor":23.0,"key":"SMITH"},{"data":"Barricade","floor":27,"key":"SMITH"},{"data":"Warcry","floor":32,"key":"SMITH"},{"data":"Demon Form","floor":40,"key":"SMITH"},{"data":"Warcry","floor":42,"key":"SMITH"},{"data":"Pommel Strike","floor":44,"key":"SMITH"},{"data":"Apotheosis","floor":49,"key":"SMITH"}],"neow_cost":"TEN_PERCENT_HP_LOSS","seed_source_timestamp":50856736431204,"circlet_count":0,"master_deck":["Strike_R+1","Defend_R","Defend_R","Defend_R","Defend_R","Bash+1","AscendersBane","Blood for Blood+1","Entrench+1","Warcry","Shrug It Off","True Grit","Corruption+1","Iron Wave","Feel No Pain+1","Pommel Strike+1","Ghostly Armor","Barricade+1","Uppercut+1","Warcry+1","Shrug It Off","Feel No Pain+1","Pommel Strike+1","Shockwave","Shrug It Off","Warcry+1","Demon Form+1","Shrug It Off","Exhume","Burning Pact+1","Armaments+1","Flame Barrier","Body Slam","Body Slam","Apotheosis+1","Deep Breath"],"special_seed":0,"relics":["Black Blood","Red Skull","Question Card","Bag of Preparation","Happy Flower","Velvet Choker","The Courier","DollysMirror","Ornamental Fan","Sundial","Vajra","Calipers","Orichalcum"],"potions_floor_usage":[24,33,39,50],"damage_taken":[{"damage":10.0,"enemies":"Small Slimes","floor":1.0,"turns":4.0},{"damage":12.0,"enemies":"2 Louse","floor":3.0,"turns":3.0},{"damage":15.0,"enemies":"Cultist","floor":5.0,"turns":5.0},{"damage":22.0,"enemies":"3 Sentries","floor":8.0,"turns":6.0},{"damage":7.0,"enemies":"Looter","floor":12.0,"turns":4.0},{"damage":5.0,"enemies":"3 Louse","floor":13.0,"turns":3.0},{"damage":20.0,"enemies":"Gremlin Nob","floor":14.0,"turns":5.0},{"damage":2.0,"enemies":"The Guardian","floor":16.0,"turns":9.0},{"damage":1.0,"enemies":"Spheric Guardian","floor":18.0,"turns":6.0},{"damage":27.0,"enemies":"2 Thieves","floor":19.0,"turns":4.0},{"damage":10.0,"enemies":"Snecko","floor":20.0,"turns":6.0},{"damage":11,"enemies":"Book of Stabbing","floor":24,"turns":5},{"damage":2,"enemies":"Snake Plant","floor":28,"turns":6},{"damage":11,"enemies":"Sentry and Sphere","floor":29,"turns":8},{"damage":0,"enemies":"Cultist and Chosen","floor":30,"turns":9},{"damage":0,"enemies":"Champ","floor":33,"turns":13},{"damage":0,"enemies":"3 Shapes","floor":35,"turns":8},{"damage":0,"floor":37,"turns":9},{"damage":0,"enemies":"Orb Walker","floor":38,"turns":5},{"damage":31,"enemies":"Transient","floor":39,"turns":5},{"damage":0,"enemies":"Giant Head","floor":41,"turns":10},{"damage":0,"enemies":"Maw","floor":45,"turns":10},{"damage":10,"enemies":"3 Darklings","floor":46,"turns":10},{"damage":0,"enemies":"Nemesis","floor":47,"turns":8},{"damage":22,"enemies":"Donu and Deca","floor":50,"turns":9}],"seed_played":"-236741321211474382","potions_obtained":[{"floor":5.0,"key":"Regen Potion"},{"floor":8.0,"key":"Fire Potion"},{"floor":13.0,"key":"Regen Potion"},{"floor":18.0,"key":"LiquidBronze"},{"floor":30,"key":"PowerPotion"},{"floor":33,"key":"FearPotion"},{"floor":35,"key":"Swift Potion"},{"floor":39,"key":"Strength Potion"}],"is_trial":false,"path_per_floor":["M","?","M","?","M","R","?","E","T","R","$","M","M","?","R","B",null,"M","M","M","?","?","R","E","$","T","R","M","M","M","$","R","B",null,"M","?","?","M","M","R","E","R","T","R","M","M","E","?","R","B"],"character_chosen":"IRONCLAD","items_purchased":["Corruption","Iron Wave","DollysMirror","Shrug It Off","Warcry"],"campfire_rested":0,"item_purchase_floors":[11,11,25,31,31],"current_hp_per_floor":[64,59,53,68,59,59,39,38,38,38,38,37,38,24,24,43,62,67,46,42,42,42,42,37,37,37,37,41,36,42,42,42,48,63,68,68,68,68,47,47,57,57,57,57,67,67,68,58,58,46],"gold":232,"neow_bonus":"TRANSFORM_TWO_CARDS","is_prod":false,"is_daily":false,"chose_seed":false,"campfire_upgraded":10,"win_rate":0,"timestamp":1533278265,"path_taken":["M","?","M","?","M","R","?","E","T","R","$","?","?","?","R","BOSS","M","M","M","?","?","R","E","?","T","R","M","M","?","$","R","BOSS","M","?","?","?","M","R","E","R","T","R","M","M","E","?","R","BOSS"],"build_version":"2018-08-01","purchased_purges":0,"victory":true,"max_hp_per_floor":[68,68,68,68,68,68,68,68,68,68,68,68,68,68,68,68,68,68,68,68,68,68,68,68,68,68,68,68,68,68,68,68,68,68,68,68,68,68,68,68,68,68,68,68,68,68,68,68,68,68],"card_choices":[{"not_picked":["Havoc","Whirlwind"],"picked":"Warcry","floor":1.0},{"not_picked":["Infernal Blade","Heavy Blade","Wild Strike"],"picked":"SKIP","floor":3.0},{"not_picked":["Warcry","Wild Strike"],"picked":"Shrug It Off","floor":5.0},{"not_picked":["Berserk","Wild Strike"],"picked":"True Grit","floor":8.0},{"not_picked":["Iron Wave","Shrug It Off","Perfected Strike"],"picked":"Feel No Pain","floor":12.0},{"not_picked":["Heavy Blade","Entrench","Carnage"],"picked":"Pommel Strike","floor":13.0},{"not_picked":["Rupture","Wild Strike","Second Wind"],"picked":"Ghostly Armor","floor":14.0},{"not_picked":["Dark Embrace","Reaper","Impervious"],"picked":"Barricade","floor":16.0},{"not_picked":["Evolve","Burning Pact","Clothesline"],"picked":"Uppercut+1","floor":18.0},{"not_picked":["Battle Trance","Cleave+1","Anger"],"picked":"Warcry","floor":19.0},{"not_picked":["Headbutt","Searing Blow","Rupture","Anger"],"picked":"SKIP","floor":20.0},{"not_picked":["Sever Soul","Dropkick","Inflame","Wild Strike"],"picked":"SKIP","floor":24},{"not_picked":["Bloodletting","Sword Boomerang","Infernal Blade"],"picked":"Pommel Strike+1","floor":28},{"not_picked":["Sword Boomerang","Heavy Blade","Thunderclap","Combust"],"picked":"SKIP","floor":29},{"not_picked":["Feed","Iron Wave","Pommel Strike"],"picked":"Shockwave","floor":30},{"not_picked":["Juggernaut","Dark Embrace","Brutality"],"picked":"Demon Form","floor":33},{"not_picked":["Sword Boomerang","Clothesline+1","True Grit"],"picked":"Shrug It Off","floor":35},{"not_picked":["Heavy Blade+1","Sentinel+1","Dropkick+1"],"picked":"Burning Pact+1","floor":37},{"not_picked":["Burning Pact","Havoc","Thunderclap"],"picked":"Armaments+1","floor":38},{"not_picked":["Iron Wave+1","Clothesline","Thunderclap","Rage"],"picked":"SKIP","floor":39},{"not_picked":["Burning Pact+1","Clash","Carnage"],"picked":"Flame Barrier","floor":41},{"not_picked":["Havoc","Carnage","Searing Blow"],"picked":"Body Slam","floor":45},{"not_picked":["Clothesline","Sword Boomerang","Havoc"],"picked":"Body Slam","floor":46},{"not_picked":["Barricade","Anger","Entrench","Flex"],"picked":"SKIP","floor":47},{"not_picked":["Dramatic Entrance","Dark Shackles","Deep Breath"],"picked":"Apotheosis","floor":48},{"not_picked":["Swift Strike","Discovery","Dramatic Entrance"],"picked":"Deep Breath","floor":48}],"player_experience":827339,"relics_obtained":[{"floor":8.0,"key":"Question Card"},{"floor":9.0,"key":"Bag of Preparation"},{"floor":14.0,"key":"Happy Flower"},{"floor":24,"key":"The Courier"},{"floor":26,"key":"Ornamental Fan"},{"floor":37,"key":"Sundial"},{"floor":41,"key":"Vajra"},{"floor":43,"key":"Calipers"},{"floor":47,"key":"Orichalcum"}],"event_choices":[{"event_name":"Scrap Ooze","player_choice":"success","floor":2.0,"damage_taken":5.0},{"event_name":"Big Fish","player_choice":"Banana","floor":4.0,"damage_taken":0.0},{"event_name":"Shining Light","player_choice":"Entered Light","floor":7.0,"damage_taken":0.0},{"event_name":"Dead Adventurer","player_choice":"Searched \u00271\u0027 times","floor":14.0,"damage_taken":0.0},{"event_name":"Beggar","player_choice":"Gave Gold","floor":21.0,"damage_taken":0.0},{"event_name":"The Library","player_choice":"Read","floor":22.0,"damage_taken":0.0},{"event_name":"Transmorgrifier","player_choice":"Transform","floor":36,"damage_taken":0},{"event_name":"MindBloom","player_choice":"Fight","floor":37,"damage_taken":0},{"event_name":"SensoryStone","player_choice":"Memory 3","floor":48,"damage_taken":0}],"is_beta":true,"boss_relics":[{"not_picked":["Eternal Feather","Lizard Tail"],"picked":"Velvet Choker"},{"not_picked":["Astrolabe","Empty Cage"],"picked":"Black Blood"}],"items_purged_floors":[],"is_endless":false,"potions_floor_spawned":[5,8,13,18,30,33,35,38,39,41],"ascension_level":15}