{"gold_per_floor":[215,233,246,246,163,163,173,0,0,16,47,62,62,62,62,62],"floor_reached":16,"playtime":739,"items_purged":[],"score":204,"play_id":"bde25d08-8a8e-4db4-9433-34a3761f4db7","local_time":"20190430052951","is_ascension_mode":true,"campfire_choices":[{"data":"Dash","floor":6.0,"key":"SMITH"},{"data":"Wraith Form v2","floor":13.0,"key":"SMITH"},{"data":"Crippling Poison","floor":15.0,"key":"SMITH"}],"neow_cost":"NONE","seed_source_timestamp":646000624061035,"circlet_count":0,"master_deck":["AscendersBane","Defend_G","Defend_G","Defend_G","Defend_G","Defend_G","Strike_G","Strike_G","Strike_G","Strike_G","Survivor","Neutralize","Crippling Poison+1","Slice","Escape Plan","Dash+1","Cloak And Dagger","Footwork","Wraith Form v2+1","Escape Plan"],"special_seed":0,"relics":["Ring of the Snake","Lantern","Bird Faced Urn","Ice Cream"],"potions_floor_usage":[16],"damage_taken":[{"damage":0.0,"enemies":"2 Louse","floor":1.0,"turns":3.0},{"damage":0.0,"enemies":"Cultist","floor":2.0,"turns":5.0},{"damage":2.0,"enemies":"Jaw Worm","floor":3.0,"turns":5.0},{"damage":10.0,"enemies":"Exordium Wildlife","floor":7.0,"turns":7.0},{"damage":0.0,"enemies":"Blue Slaver","floor":10.0,"turns":5.0},{"damage":38.0,"enemies":"Gremlin Nob","floor":11.0,"turns":6.0},{"damage":0.0,"enemies":"Looter","floor":12.0,"turns":4.0},{"damage":19,"enemies":"Slime Boss","floor":16,"turns":8}],"seed_played":"-8333839814827246752","potions_obtained":[{"floor":3.0,"key":"Explosive Potion"},{"floor":11.0,"key":"SpeedPotion"},{"floor":12.0,"key":"Strength Potion"}],"is_trial":false,"path_per_floor":["M","M","M","?","$","R","M","$","T","M","E","M","R","?","R","B"],"character_chosen":"THE_SILENT","items_purchased":["Dash","Lantern"],"campfire_rested":0,"item_purchase_floors":[5,8],"current_hp_per_floor":[59,59,57,57,57,57,47,47,47,47,11,13,13,13,13,0],"gold":62,"neow_bonus":"HUNDRED_GOLD","is_prod":false,"is_daily":false,"chose_seed":false,"campfire_upgraded":3,"win_rate":0,"timestamp":1556616591,"path_taken":["M","M","M","?","$","R","?","?","T","?","E","M","R","?","R","BOSS"],"build_version":"2019-01-23","purchased_purges":0,"victory":false,"max_hp_per_floor":[66,66,66,66,66,66,66,66,66,66,66,66,66,66,66,66],"card_choices":[{"not_picked":["Bane","Outmaneuver"],"picked":"Crippling Poison","floor":1.0},{"not_picked":["Blade Dance","Flechettes"],"picked":"Slice","floor":2.0},{"not_picked":["Caltrops","Deflect"],"picked":"Escape Plan","floor":3.0},{"not_picked":["Acrobatics","Bane"],"picked":"Cloak And Dagger","floor":7.0},{"not_picked":["Backflip","Deflect"],"picked":"Footwork","floor":10.0},{"not_picked":["Choke","Acrobatics"],"picked":"Wraith Form v2","floor":11.0},{"not_picked":["Poisoned Stab","Slice"],"picked":"Escape Plan","floor":12.0}],"player_experience":2141279,"relics_obtained":[{"floor":9.0,"key":"Bird Faced Urn"},{"floor":11.0,"key":"Ice Cream"}],"event_choices":[{"cards_removed":["Strike_G"],"damage_healed":0.0,"max_hp_gain":0.0,"max_hp_loss":0.0,"gold_gain":0.0,"event_name":"Purifier","player_choice":"Purged","floor":4.0,"gold_loss":0.0,"damage_taken":0.0},{"damage_healed":0.0,"max_hp_gain":0.0,"max_hp_loss":0.0,"gold_gain":0.0,"event_name":"Liars Game","player_choice":"Ignored","floor":14.0,"gold_loss":0.0,"damage_taken":0.0}],"is_beta":false,"boss_relics":[],"items_purged_floors":[],"is_endless":false,"potions_floor_spawned":[3,11,12],"killed_by":"Slime Boss","ascension_level":20}