{"gold_per_floor":[161,171,171,171,35,62,62,62,62,97,44,44,62,97,97,201,201,213,39,39,69,69,95,114,114,141,154,154,75,93,93,93,195,195,211,211,211],"floor_reached":38,"playtime":1513,"items_purged":["Strike_B"],"score":798,"play_id":"bdbb4203-5c52-40ab-b24e-89e8e99da323","local_time":"20190313032534","is_ascension_mode":true,"campfire_choices":[{"data":"Zap","floor":7,"key":"SMITH"},{"floor":12,"key":"REST"},{"data":"Go for the Eyes","floor":15,"key":"SMITH"},{"floor":25,"key":"REST"},{"data":"Dualcast","floor":28,"key":"SMITH"},{"data":"Machine Learning","floor":32,"key":"SMITH"}],"neow_cost":"NONE","seed_source_timestamp":835629528589762,"circlet_count":0,"master_deck":["Strike_B+1","Defend_B","Defend_B","Zap+1","Dualcast+1","Gash","Rip and Tear","Go for the Eyes+1","All For One","Chaos+1","Gash","Gash","Genetic Algorithm+1","Fission+1","Gash","Gash","Coolheaded+1","Gash","Reprogram+1","White Noise+1","Coolheaded+1","Glacier+1","Machine Learning+1","FTL","All For One","Reprogram+1"],"relics":["Tiny House","Torii","Toxic Egg 2","Question Card","Gremlin Horn","Pen Nib","Empty Cage","Red Mask","Vajra","Centennial Puzzle","Coffee Dripper"],"potions_floor_usage":[6,10,16,33,33],"damage_taken":[{"damage":0,"enemies":"Cultist","floor":1,"turns":3},{"damage":7,"enemies":"Jaw Worm","floor":2,"turns":3},{"damage":41,"enemies":"3 Sentries","floor":6,"turns":7},{"damage":6,"enemies":"Gremlin Nob","floor":10,"turns":4},{"damage":7,"enemies":"2 Louse","floor":13,"turns":2},{"damage":24,"enemies":"Lagavulin","floor":14,"turns":5},{"damage":5,"enemies":"Hexaghost","floor":16,"turns":6},{"damage":18,"enemies":"2 Thieves","floor":18,"turns":3},{"damage":11,"enemies":"Masked Bandits","floor":21,"turns":4},{"damage":1,"enemies":"Book of Stabbing","floor":23,"turns":3},{"damage":10,"enemies":"Spheric Guardian","floor":24,"turns":4},{"damage":0,"enemies":"Chosen and Byrds","floor":27,"turns":2},{"damage":0,"enemies":"Centurion and Healer","floor":30,"turns":3},{"damage":1,"enemies":"Champ","floor":33,"turns":6},{"damage":1,"enemies":"Orb Walker","floor":35,"turns":3},{"damage":27,"enemies":"Donu and Deca","floor":37,"turns":4}],"seed_played":"-7364420347181107462","potions_obtained":[{"floor":0,"key":"SpeedPotion"},{"floor":1,"key":"SpeedPotion"},{"floor":10,"key":"FairyPotion"},{"floor":14,"key":"LiquidBronze"},{"floor":18,"key":"Block Potion"},{"floor":24,"key":"SpeedPotion"},{"floor":27,"key":"Strength Potion"}],"is_trial":false,"path_per_floor":["M","M","?","?","$","E","R","?","T","E","$","R","M","E","R","B",null,"M","$","?","?","?","E","M","R","T","M","R","$","M","?","R","B",null,"M","?","B",null],"character_chosen":"DEFECT","items_purchased":["All For One","Gash","Gash","Coolheaded+1","Glacier+1"],"campfire_rested":2,"item_purchase_floors":[5,11,19,19,29],"current_hp_per_floor":[73,66,48,53,53,12,12,12,12,6,6,31,24,8,8,3,65,47,47,47,36,36,35,25,50,50,50,50,50,50,50,50,49,76,75,75,48],"gold":211,"neow_bonus":"BOSS_RELIC","is_prod":false,"is_daily":false,"chose_seed":false,"campfire_upgraded":4,"win_rate":0,"timestamp":1552461934,"path_taken":["M","?","?","?","$","E","R","?","T","E","$","R","M","E","R","BOSS","M","$","?","?","?","E","M","R","T","?","R","?","M","?","R","BOSS","M","?","BOSS"],"build_version":"2019-01-23","purchased_purges":1,"victory":true,"max_hp_per_floor":[80,80,80,85,85,85,85,85,85,85,85,85,85,85,85,85,85,85,85,85,85,85,85,85,85,85,85,85,85,85,85,85,85,85,85,85,85],"card_choices":[{"not_picked":["Heatsinks","Cold Snap"],"picked":"Gash","floor":0},{"not_picked":["Consume","Cold Snap"],"picked":"Rip and Tear","floor":1},{"not_picked":["Defragment","Ball Lightning"],"picked":"Go for the Eyes","floor":2},{"not_picked":["Defragment","Sweeping Beam"],"picked":"Chaos","floor":6},{"not_picked":["Tempest+1","Reprogram+1","Hologram+1"],"picked":"Gash","floor":10},{"not_picked":["Self Repair","Conserve Battery+1","Stack+1"],"picked":"Genetic Algorithm+1","floor":13},{"not_picked":["Go for the Eyes","Streamline","Doom and Gloom","Capacitor"],"picked":"SKIP","floor":14},{"not_picked":["Echo Form","Seek+1","Electrodynamics"],"picked":"Fission+1","floor":16},{"not_picked":["Capacitor","Steam+1","White Noise+1"],"picked":"Gash","floor":18},{"not_picked":["Doom and Gloom","Redo+1","Compile Driver"],"picked":"Gash","floor":21},{"not_picked":["Recycle+1","Hello World+1","Creative AI"],"picked":"Reprogram+1","floor":23},{"not_picked":["Reinforced Body+1","Cold Snap","Lockon+1"],"picked":"White Noise+1","floor":24},{"not_picked":["Ball Lightning+1","Beam Cell+1","Static Discharge"],"picked":"Coolheaded+1","floor":27},{"not_picked":["Sunder+1","Cold Snap","Conserve Battery+1","Consume+1"],"picked":"SKIP","floor":30},{"not_picked":["Creative AI","Echo Form","Biased Cognition"],"picked":"All For One","floor":33},{"not_picked":["Steam+1","Sweeping Beam","Streamline+1"],"picked":"Reprogram+1","floor":35}],"player_experience":1072538,"relics_obtained":[{"floor":6,"key":"Toxic Egg 2"},{"floor":9,"key":"Question Card"},{"floor":10,"key":"Gremlin Horn"},{"floor":14,"key":"Pen Nib"},{"floor":21,"key":"Red Mask"},{"floor":23,"key":"Vajra"},{"floor":26,"key":"Centennial Puzzle"}],"event_choices":[{"damage_healed":0,"gold_gain":0,"player_choice":"Success","damage_taken":18,"relics_obtained":["Torii"],"max_hp_gain":0,"max_hp_loss":0,"event_name":"Scrap Ooze","floor":3,"gold_loss":0},{"damage_healed":0,"gold_gain":0,"player_choice":"Donut","damage_taken":0,"max_hp_gain":5,"max_hp_loss":0,"event_name":"Big Fish","floor":4,"gold_loss":0},{"damage_healed":0,"gold_gain":0,"player_choice":"Ignored","damage_taken":0,"max_hp_gain":0,"max_hp_loss":0,"event_name":"Shining Light","floor":8,"gold_loss":0},{"damage_healed":0,"gold_gain":0,"player_choice":"Ignored","damage_taken":0,"max_hp_gain":0,"max_hp_loss":0,"event_name":"Vampires","floor":20,"gold_loss":0},{"damage_healed":0,"gold_gain":0,"player_choice":"Fought Bandits","damage_taken":0,"max_hp_gain":0,"max_hp_loss":0,"event_name":"Masked Bandits","floor":21,"gold_loss":0},{"damage_healed":0,"gold_gain":0,"player_choice":"Ignored","damage_taken":0,"max_hp_gain":0,"max_hp_loss":0,"event_name":"Beggar","floor":22,"gold_loss":0},{"damage_healed":0,"gold_gain":0,"cards_transformed":["Defend_B","Defend_B"],"player_choice":"Became Test Subject","damage_taken":0,"max_hp_gain":0,"max_hp_loss":0,"event_name":"Drug Dealer","floor":31,"gold_loss":0,"cards_obtained":["Machine Learning","FTL"]},{"damage_healed":0,"gold_gain":0,"player_choice":"Took Portal","damage_taken":0,"max_hp_gain":0,"max_hp_loss":0,"event_name":"SecretPortal","floor":36,"gold_loss":0}],"is_beta":false,"boss_relics":[{"not_picked":["Orrery","Ectoplasm"],"picked":"Empty Cage"},{"not_picked":["Black Star","Snecko Eye"],"picked":"Coffee Dripper"}],"items_purged_floors":[19],"is_endless":false,"potions_floor_spawned":[1,10,14,18,24,27],"ascension_level":6}