{"gold_per_floor":[116,191,191,191,209,248,248,1,52,64,145,157,169,197,209,221],"floor_reached":16,"playtime":2158,"items_purged":["Strike_R"],"score":212,"play_id":"4f74823d-be36-4043-8ed4-ee6297a83995","local_time":"20190427184109","is_ascension_mode":true,"campfire_choices":[{"data":"Bash","floor":7.0,"key":"SMITH"},{"data":"True Grit","floor":12.0,"key":"SMITH"},{"data":"Flame Barrier","floor":15.0,"key":"SMITH"}],"neow_cost":"NONE","seed_source_timestamp":1139283168007895,"circlet_count":0,"master_deck":["AscendersBane","Strike_R","Strike_R","Strike_R","Strike_R","Defend_R","Defend_R","Defend_R","Defend_R","Bash+1","Pommel Strike","Shrug It Off","Flame Barrier+1","True Grit+1","Battle Trance","Spot Weakness"],"special_seed":0,"relics":["Burning Blood","Dream Catcher","Pen Nib","Golden Idol","Frozen Egg 2","MawBank","Tiny Chest","Molten Egg 2"],"potions_floor_usage":[16],"damage_taken":[{"damage":5.0,"enemies":"Small Slimes","floor":1.0,"turns":6.0},{"damage":14.0,"enemies":"Jaw Worm","floor":5.0,"turns":4.0},{"damage":27.0,"enemies":"Gremlin Nob","floor":6.0,"turns":4.0},{"damage":7.0,"enemies":"3 Sentries","floor":11.0,"turns":8.0},{"damage":3.0,"enemies":"Cultist","floor":14.0,"turns":4.0},{"damage":34,"enemies":"Hexaghost","floor":16,"turns":11}],"seed_played":"-3469836985235022220","potions_obtained":[{"floor":1.0,"key":"Poison Potion"},{"floor":11.0,"key":"EssenceOfSteel"}],"is_trial":false,"path_per_floor":["M","?","T","?","M","E","R","$","T","$","E","R","?","M","R","B"],"character_chosen":"IRONCLAD","items_purchased":["Flame Barrier","True Grit","Strength Potion"],"campfire_rested":0,"item_purchase_floors":[8,8,8],"current_hp_per_floor":[69,58,58,58,50,29,29,29,29,29,28,28,28,31,31,0],"gold":221,"neow_bonus":"RANDOM_COMMON_RELIC","is_prod":false,"is_daily":false,"chose_seed":false,"campfire_upgraded":3,"win_rate":0,"timestamp":1556415669,"path_taken":["M","?","?","?","M","E","R","$","T","$","E","R","?","M","R","BOSS"],"build_version":"2019-04-23","purchased_purges":1,"victory":false,"max_hp_per_floor":[75,75,75,68,68,68,68,68,68,68,68,68,68,68,68,68],"card_choices":[{"not_picked":["Cleave","Clash"],"picked":"Pommel Strike","floor":1.0},{"not_picked":["Body Slam","Dual Wield"],"picked":"Iron Wave","floor":5.0},{"not_picked":["Clothesline","Headbutt"],"picked":"Shrug It Off","floor":6.0},{"not_picked":["Iron Wave","Clash"],"picked":"Battle Trance","floor":11.0},{"not_picked":["Rage","Seeing Red"],"picked":"Spot Weakness","floor":14.0}],"player_experience":1496709,"relics_obtained":[{"floor":3.0,"key":"Pen Nib"},{"floor":6.0,"key":"Frozen Egg 2"},{"floor":9.0,"key":"MawBank"},{"floor":11.0,"key":"Tiny Chest"}],"event_choices":[{"damage_healed":0.0,"max_hp_gain":0.0,"max_hp_loss":0.0,"gold_gain":75.0,"event_name":"World of Goop","player_choice":"Gather Gold","floor":2.0,"gold_loss":0.0,"damage_taken":11.0},{"damage_healed":0.0,"max_hp_gain":0.0,"max_hp_loss":7.0,"gold_gain":0.0,"event_name":"Golden Idol","player_choice":"Lose Max HP","floor":4.0,"gold_loss":0.0,"damage_taken":0.0,"relics_obtained":["Golden Idol"]},{"cards_removed":["Iron Wave"],"damage_healed":0.0,"max_hp_gain":0.0,"max_hp_loss":0.0,"gold_gain":0.0,"event_name":"WeMeetAgain","player_choice":"Gave Card","floor":13.0,"gold_loss":0.0,"damage_taken":0.0,"relics_obtained":["Molten Egg 2"]}],"is_beta":true,"boss_relics":[],"items_purged_floors":[8],"is_endless":false,"potions_floor_spawned":[1,11],"killed_by":"Hexaghost","ascension_level":20}