{"gold_per_floor":[110,110,110,75,75,100,100,115,139,170,184,29,46,72,72,149,149,149,149,121,121,121,121,121,121,121,121,68,68,68,18,18,18,18,18,18,18,18,18,18,18,18,18,18,18,18,18,18,18,18,18,18,18,18,18,18],"floor_reached":56,"playtime":3568,"items_purged":["Strike_B","Strike_B"],"score":1925,"play_id":"c3d25eee-340c-434f-a299-e845207f8b21","local_time":"20190501035112","is_ascension_mode":true,"campfire_choices":[{"data":"Barrage","floor":7.0,"key":"SMITH"},{"data":"Static Discharge","floor":15.0,"key":"SMITH"},{"floor":23.0,"key":"REST"},{"floor":25.0,"key":"REST"},{"floor":27.0,"key":"REST"},{"floor":30.0,"key":"REST"},{"floor":32.0,"key":"REST"},{"data":"Loop","floor":42.0,"key":"SMITH"},{"floor":44.0,"key":"RECALL"},{"data":"Echo Form","floor":46.0,"key":"SMITH"},{"data":"Seek","floor":49.0,"key":"SMITH"},{"data":"Amplify","floor":53.0,"key":"SMITH"}],"neow_cost":"NONE","seed_source_timestamp":0,"circlet_count":0,"master_deck":["AscendersBane","Defend_B","Defend_B","Zap","Dualcast","Barrage+1","Cold Snap","Static Discharge+1","Capacitor","Conserve Battery","Echo Form+1","Capacitor","Amplify+1","Stack+1","Cold Snap","Cold Snap","Cold Snap","Biased Cognition","Core Surge","Go for the Eyes+1","Static Discharge+1","Seek+1","Darkness","BootSequence","Hologram+1","Loop+1","Seek+1"],"special_seed":0,"relics":["Cracked Core","NeowsBlessing","Boot","Cables","PreservedInsect","Orichalcum","Blood Vial","Pantograph","Ectoplasm","Red Mask","Smiling Mask","Centennial Puzzle","Astrolabe","Bird Faced Urn","FossilizedHelix","Old Coin","Happy Flower"],"potions_floor_usage":[55,56],"damage_taken":[{"damage":0.0,"enemies":"2 Louse","floor":1.0,"turns":1.0},{"damage":0.0,"enemies":"Lagavulin","floor":6.0,"turns":1.0},{"damage":0.0,"enemies":"Small Slimes","floor":8.0,"turns":1.0},{"damage":7.0,"enemies":"3 Sentries","floor":10.0,"turns":4.0},{"damage":7.0,"enemies":"Jaw Worm","floor":11.0,"turns":3.0},{"damage":0.0,"enemies":"Red Slaver","floor":13.0,"turns":3.0},{"damage":29.0,"enemies":"Gremlin Nob","floor":14.0,"turns":4.0},{"damage":28.0,"enemies":"Slime Boss","floor":16.0,"turns":10.0},{"damage":19.0,"enemies":"Shell Parasite","floor":18.0,"turns":3.0},{"damage":28.0,"enemies":"Masked Bandits","floor":19.0,"turns":4.0},{"damage":13.0,"enemies":"Spheric Guardian","floor":21.0,"turns":6.0},{"damage":8.0,"enemies":"Book of Stabbing","floor":24.0,"turns":5.0},{"damage":47.0,"enemies":"Gremlin Leader","floor":29.0,"turns":3.0},{"damage":42.0,"enemies":"Automaton","floor":33.0,"turns":8.0},{"damage":19.0,"enemies":"3 Darklings","floor":35.0,"turns":3.0},{"damage":0.0,"enemies":"Mind Bloom Boss Battle","floor":36.0,"turns":7.0},{"damage":10.0,"enemies":"Orb Walker","floor":39.0,"turns":5.0},{"damage":5.0,"enemies":"Sphere and 2 Shapes","floor":40.0,"turns":5.0},{"damage":36.0,"enemies":"Giant Head","floor":41.0,"turns":5.0},{"damage":0.0,"enemies":"4 Shapes","floor":45.0,"turns":7.0},{"damage":53.0,"enemies":"Donu and Deca","floor":50.0,"turns":7.0},{"damage":38.0,"enemies":"Time Eater","floor":51.0,"turns":7.0},{"damage":69,"enemies":"Shield and Spear","floor":55,"turns":12},{"damage":117,"enemies":"The Heart","floor":56,"turns":3}],"seed_played":"-7310105411996510631","potions_obtained":[{"floor":10.0,"key":"Weak Potion"},{"floor":11.0,"key":"Ancient Potion"},{"floor":13.0,"key":"LiquidBronze"},{"floor":18.0,"key":"AttackPotion"},{"floor":36.0,"key":"EssenceOfSteel"},{"floor":45.0,"key":"Swift Potion"},{"floor":55,"key":"Ancient Potion"}],"is_trial":false,"path_per_floor":["M","?","?","?","T","E","R","M","T","E","M","$","M","E","R","B",null,"M","?","$","M","?","R","E","R","T","R","$","E","R","$","R","B",null,"M","?","?","?","M","M","E","R","T","R","M","R","?","$","R","B","B",null,"R","$","E","B"],"character_chosen":"DEFECT","items_purchased":["Echo Form","Cold Snap","SkillPotion"],"campfire_rested":5,"item_purchase_floors":[12,20,28],"current_hp_per_floor":[64,57,39,56,56,56,56,56,56,49,44,44,46,19,19,18,58,41,15,15,4,4,25,19,40,40,61,61,16,37,37,58,29,61,44,71,71,71,63,70,36,36,36,36,50,50,50,50,50,34,41,64,64,64,17,0],"gold":18,"neow_bonus":"THREE_ENEMY_KILL","is_prod":false,"is_daily":false,"chose_seed":false,"campfire_upgraded":6,"win_rate":0,"timestamp":1556697072,"path_taken":["M","?","?","?","?","E","R","M","T","E","?","$","M","E","R","BOSS","M","?","$","M","?","R","E","R","T","R","?","E","R","$","R","BOSS","M","?","?","?","M","M","E","R","T","R","?","R","?","?","R","BOSS","BOSS","R","$","E","BOSS"],"build_version":"2019-01-23","purchased_purges":2,"victory":false,"max_hp_per_floor":[71,71,71,71,71,71,71,71,71,71,71,71,71,71,71,71,71,71,71,71,71,71,71,71,71,71,71,71,71,71,71,71,71,71,71,71,71,71,71,71,71,71,71,71,71,71,71,71,71,71,71,71,71,71,71,71],"card_choices":[{"not_picked":["Steam","Beam Cell"],"picked":"Barrage","floor":1.0},{"not_picked":["Conserve Battery","Steam Power"],"picked":"Cold Snap","floor":6.0},{"not_picked":["Force Field","Hologram"],"picked":"Static Discharge","floor":8.0},{"not_picked":["Reprogram","Sweeping Beam"],"picked":"Capacitor","floor":10.0},{"not_picked":["Consume","Sweeping Beam"],"picked":"Conserve Battery","floor":11.0},{"not_picked":["Sweeping Beam","Skim"],"picked":"Double Energy","floor":13.0},{"not_picked":["Melter","Rebound"],"picked":"Capacitor","floor":14.0},{"not_picked":["Machine Learning","Rainbow"],"picked":"Amplify","floor":16.0},{"not_picked":["Storm","Gash"],"picked":"Stack+1","floor":18.0},{"not_picked":["White Noise","Rip and Tear+1"],"picked":"Cold Snap","floor":19.0},{"not_picked":["Hello World+1","Gash"],"picked":"Cold Snap","floor":21.0},{"not_picked":["Fusion","Gash"],"picked":"Biased Cognition","floor":24.0},{"not_picked":["Coolheaded","Go for the Eyes","Steam+1"],"picked":"SKIP","floor":29.0},{"not_picked":["Reboot","Thunder Strike"],"picked":"Core Surge","floor":33.0},{"not_picked":["Beam Cell+1","Lockon","Go for the Eyes"],"picked":"SKIP","floor":35.0},{"not_picked":["Storm","Lockon"],"picked":"Darkness","floor":36.0},{"not_picked":["Cold Snap","Rebound","Barrage"],"picked":"SKIP","floor":39.0},{"not_picked":["Barrage+1","Redo+1"],"picked":"Hologram+1","floor":40.0},{"not_picked":["Capacitor","Beam Cell"],"picked":"Loop","floor":41.0},{"not_picked":["Steam+1","Aggregate","FTL"],"picked":"SKIP","floor":45.0},{"not_picked":["Steam Power","Fusion","Self Repair+1"],"picked":"SKIP","floor":55}],"player_experience":2183682,"relics_obtained":[{"floor":5.0,"key":"Cables"},{"floor":6.0,"key":"PreservedInsect"},{"floor":9.0,"key":"Orichalcum"},{"floor":10.0,"key":"Blood Vial"},{"floor":14.0,"key":"Pantograph"},{"floor":19.0,"key":"Red Mask"},{"floor":24.0,"key":"Smiling Mask"},{"floor":29.0,"key":"Centennial Puzzle"},{"floor":36.0,"key":"Bird Faced Urn"},{"floor":41.0,"key":"FossilizedHelix"},{"floor":43.0,"key":"Old Coin"},{"floor":55,"key":"Happy Flower"}],"event_choices":[{"cards_removed":["Strike_B"],"damage_healed":0.0,"max_hp_gain":0.0,"max_hp_loss":0.0,"gold_gain":0.0,"event_name":"Golden Wing","player_choice":"Card Removal","floor":2.0,"gold_loss":0.0,"damage_taken":7.0},{"damage_healed":0.0,"max_hp_gain":0.0,"max_hp_loss":0.0,"gold_gain":0.0,"event_name":"Scrap Ooze","player_choice":"Success","floor":3.0,"gold_loss":0.0,"damage_taken":18.0,"relics_obtained":["Boot"]},{"damage_healed":17.0,"max_hp_gain":0.0,"max_hp_loss":0.0,"gold_gain":0.0,"event_name":"The Cleric","player_choice":"Healed","floor":4.0,"gold_loss":35.0,"damage_taken":0.0},{"damage_healed":0.0,"max_hp_gain":0.0,"max_hp_loss":0.0,"gold_gain":0.0,"event_name":"Masked Bandits","player_choice":"Fought Bandits","floor":19.0,"gold_loss":0.0,"damage_taken":0.0},{"damage_healed":0.0,"max_hp_gain":0.0,"max_hp_loss":0.0,"gold_gain":50.0,"event_name":"Nest","player_choice":"Stole From Cult","floor":22.0,"gold_loss":0.0,"damage_taken":0.0},{"damage_healed":0.0,"max_hp_gain":0.0,"max_hp_loss":0.0,"gold_gain":0.0,"event_name":"MindBloom","player_choice":"Fight","floor":36.0,"gold_loss":0.0,"damage_taken":0.0},{"damage_healed":0.0,"max_hp_gain":0.0,"max_hp_loss":0.0,"gold_gain":0.0,"event_name":"SensoryStone","player_choice":"Memory 1","floor":37.0,"gold_loss":0.0,"damage_taken":0.0},{"damage_healed":0.0,"max_hp_gain":0.0,"max_hp_loss":0.0,"gold_gain":0.0,"event_name":"Match and Keep!","player_choice":"1 cards matched","floor":38.0,"gold_loss":0.0,"damage_taken":0.0,"cards_obtained":["BootSequence"]},{"damage_healed":0.0,"max_hp_gain":0.0,"max_hp_loss":0.0,"gold_gain":0.0,"cards_transformed":["Defend_B"],"event_name":"Transmorgrifier","player_choice":"Transformed","floor":47.0,"gold_loss":0.0,"damage_taken":0.0,"cards_obtained":["Seek"]}],"is_beta":false,"boss_relics":[{"not_picked":["Tiny House","White Beast Statue"],"picked":"Ectoplasm"},{"not_picked":["Cursed Key","Orrery"],"picked":"Astrolabe"}],"items_purged_floors":[12,31],"is_endless":false,"potions_floor_spawned":[10,11,13,18,36,45,55],"killed_by":"The Heart","ascension_level":20}