{"gold_per_floor":[111,111,126,126,141,141,37,70,70,96,146,158,170,197,209,320,332,360,372,384,403,423,423,457,457,457,488,488,521,539,553,553,647,647,661,680,680,570,588,631,631,671,752,796,819,164,164,177,177,177,177],"floor_reached":51,"playtime":3550,"items_purged":["Strike_R","Bludgeon+1"],"score":1535,"play_id":"f6f97cc7-b4b2-4d86-b078-8f9c3e2ce415","local_time":"20190509135141","is_ascension_mode":true,"campfire_choices":[{"data":"Bludgeon","floor":6,"key":"SMITH"},{"floor":13,"key":"REST"},{"data":"Disarm","floor":15,"key":"SMITH"},{"data":"Flame Barrier","floor":23,"key":"SMITH"},{"floor":25,"key":"REST"},{"data":"Seeing Red","floor":28,"key":"SMITH"},{"data":"Burning Pact","floor":32,"key":"SMITH"},{"floor":41,"key":"RECALL"},{"floor":49,"key":"REST"}],"neow_cost":"NONE","seed_source_timestamp":1451042170681447,"circlet_count":0,"master_deck":["AscendersBane","Strike_R+1","Strike_R+1","Defend_R","Defend_R+1","Defend_R+1","Defend_R+1","Bash+1","Seeing Red+1","Flame Barrier+1","Clothesline","Disarm+1","Uppercut+1","Offering","Pommel Strike+1","Whirlwind+1","Reaper+1","Reaper+1","Armaments+1","Burning Pact+1","Feed+1","Reaper+1","Fiend Fire+1","Demon Form","Demon Form","Fiend Fire+1","Warcry+1"],"relics":["Burning Blood","Smiling Mask","Golden Idol","Matryoshka","Kunai","Molten Egg 2","Mark of Pain","Nloth\u0027s Gift","Pen Nib","Red Skull","PreservedInsect","Happy Flower","Self Forming Clay","Sozu","Strawberry","War Paint","Pear","Champion Belt","Gremlin Horn"],"potions_floor_usage":[8,10,14,16,18,22,27,29,33],"damage_taken":[{"damage":9,"enemies":"Jaw Worm","floor":1,"turns":4},{"damage":3,"enemies":"2 Louse","floor":3,"turns":2},{"damage":1,"enemies":"Cultist","floor":5,"turns":3},{"damage":30,"enemies":"Lagavulin","floor":8,"turns":7},{"damage":18,"enemies":"Gremlin Gang","floor":10,"turns":6},{"damage":15,"enemies":"3 Sentries","floor":11,"turns":6},{"damage":0,"enemies":"Exordium Thugs","floor":14,"turns":3},{"damage":14,"enemies":"The Guardian","floor":16,"turns":11},{"damage":25,"enemies":"2 Thieves","floor":18,"turns":3},{"damage":6,"enemies":"Chosen","floor":21,"turns":4},{"damage":16,"enemies":"Sentry and Sphere","floor":22,"turns":5},{"damage":25,"enemies":"Gremlin Leader","floor":24,"turns":4},{"damage":12,"enemies":"Book of Stabbing","floor":27,"turns":4},{"damage":15,"enemies":"Slavers","floor":29,"turns":2},{"damage":12,"enemies":"3 Cultists","floor":30,"turns":4},{"damage":5,"enemies":"Snecko","floor":31,"turns":4},{"damage":79,"enemies":"Automaton","floor":33,"turns":11},{"damage":10,"enemies":"3 Shapes","floor":35,"turns":11},{"damage":34,"enemies":"3 Darklings","floor":36,"turns":4},{"damage":23,"enemies":"Maw","floor":39,"turns":7},{"damage":38,"enemies":"Giant Head","floor":40,"turns":5},{"damage":40,"enemies":"Nemesis","floor":42,"turns":3},{"damage":41,"enemies":"Giant Head","floor":44,"turns":5},{"damage":30,"enemies":"Sphere and 2 Shapes","floor":45,"turns":4},{"damage":0,"enemies":"Jaw Worm Horde","floor":48,"turns":1},{"damage":92,"enemies":"Awakened One","floor":50,"turns":12},{"damage":77,"enemies":"Donu and Deca","floor":51,"turns":4}],"seed_played":"4262444744895699842","potions_obtained":[{"floor":5,"key":"BloodPotion"},{"floor":10,"key":"FearPotion"},{"floor":11,"key":"Explosive Potion"},{"floor":14,"key":"PowerPotion"},{"floor":21,"key":"Block Potion"},{"floor":24,"key":"Energy Potion"},{"floor":27,"key":"Poison Potion"},{"floor":31,"key":"PowerPotion"}],"is_trial":false,"path_per_floor":["M","?","M","?","M","R","$","E","T","M","E","?","R","M","R","B",null,"M","?","?","M","M","R","E","R","T","E","R","E","M","M","R","B",null,"M","M","?","?","M","E","R","E","T","E","M","$","?","M","R","B","B"],"character_chosen":"IRONCLAD","items_purchased":["Swift Potion","Champion Belt","Gremlin Horn"],"campfire_rested":3,"item_purchase_floors":[7,46,46],"current_hp_per_floor":[65,58,61,61,66,66,66,48,48,36,27,7,27,33,33,25,57,38,52,52,52,42,42,23,43,43,37,37,28,61,65,65,27,58,64,44,44,44,35,29,29,8,8,23,19,19,19,25,52,46,0],"gold":177,"neow_bonus":"RANDOM_COMMON_RELIC","is_prod":false,"is_daily":false,"chose_seed":false,"campfire_upgraded":5,"win_rate":0,"timestamp":1557424301,"path_taken":["M","?","M","?","M","R","?","E","T","M","E","?","R","?","R","BOSS","M","?","?","M","?","R","E","R","T","E","R","E","?","M","R","BOSS","M","M","?","?","?","E","R","E","T","E","M","$","?","M","R","BOSS","BOSS"],"build_version":"2019-01-23","purchased_purges":2,"victory":false,"max_hp_per_floor":[75,75,75,68,68,68,68,68,68,68,68,68,68,68,68,68,68,68,68,68,68,68,68,68,68,68,68,68,68,68,68,68,68,68,68,72,72,72,72,79,79,79,79,89,93,93,93,93,93,97,97],"card_choices":[{"not_picked":["True Grit","Evolve"],"picked":"Seeing Red","floor":1},{"not_picked":["Warcry","Flex","Searing Blow"],"picked":"SKIP","floor":3},{"not_picked":["Second Wind","Twin Strike"],"picked":"Bludgeon","floor":5},{"not_picked":["Anger","Pummel"],"picked":"Flame Barrier","floor":8},{"not_picked":["Thunderclap","Corruption"],"picked":"Clothesline","floor":10},{"not_picked":["Reaper","Metallicize"],"picked":"Disarm","floor":11},{"not_picked":["Flex","Infernal Blade"],"picked":"Uppercut+1","floor":14},{"not_picked":["Dark Embrace","Double Tap"],"picked":"Offering","floor":16},{"not_picked":["Body Slam+1","Iron Wave+1"],"picked":"Pommel Strike+1","floor":18},{"not_picked":["Warcry","Corruption"],"picked":"Whirlwind+1","floor":21},{"not_picked":["Havoc","Entrench","Flex"],"picked":"SKIP","floor":22},{"not_picked":["Brutality","Berserk","Uppercut+1"],"picked":"SKIP","floor":24},{"not_picked":["Clash+1","Whirlwind+1"],"picked":"Reaper+1","floor":27},{"not_picked":["Wild Strike+1","Cleave+1"],"picked":"Reaper+1","floor":29},{"not_picked":["Twin Strike+1","Sentinel"],"picked":"Armaments+1","floor":30},{"not_picked":["Anger+1","Hemokinesis+1"],"picked":"Burning Pact","floor":31},{"not_picked":["Demon Form","Brutality"],"picked":"Feed+1","floor":33},{"not_picked":["Heavy Blade+1","Headbutt+1"],"picked":"Reaper+1","floor":35},{"not_picked":["Body Slam+1","Thunderclap+1"],"picked":"Fiend Fire+1","floor":36},{"not_picked":["Headbutt+1","Disarm"],"picked":"Demon Form","floor":39},{"not_picked":["Cleave+1","Armaments"],"picked":"Demon Form","floor":40},{"not_picked":["Heavy Blade+1","Wild Strike+1"],"picked":"Fiend Fire+1","floor":42},{"not_picked":["Sword Boomerang+1","Body Slam+1","Bludgeon+1"],"picked":"SKIP","floor":44},{"not_picked":["Wild Strike+1","Searing Blow+1"],"picked":"Warcry+1","floor":45},{"not_picked":["Wild Strike+1","Flex+1","Cleave+1"],"picked":"SKIP","floor":48}],"player_experience":2501088,"relics_obtained":[{"floor":8,"key":"Matryoshka"},{"floor":9,"key":"MawBank"},{"floor":9,"key":"Kunai"},{"floor":11,"key":"Molten Egg 2"},{"floor":24,"key":"Pen Nib"},{"floor":26,"key":"Red Skull"},{"floor":26,"key":"PreservedInsect"},{"floor":27,"key":"Happy Flower"},{"floor":29,"key":"Self Forming Clay"},{"floor":40,"key":"Strawberry"},{"floor":42,"key":"War Paint"},{"floor":44,"key":"Pear"}],"event_choices":[{"cards_removed":["Strike_R"],"damage_healed":0,"gold_gain":0,"player_choice":"Card Removal","damage_taken":7,"max_hp_gain":0,"max_hp_loss":0,"event_name":"Golden Wing","floor":2,"gold_loss":0},{"damage_healed":0,"gold_gain":0,"player_choice":"Lose Max HP","damage_taken":0,"relics_obtained":["Golden Idol"],"max_hp_gain":0,"max_hp_loss":7,"event_name":"Golden Idol","floor":4,"gold_loss":0},{"damage_healed":0,"gold_gain":0,"player_choice":"Entered Light","damage_taken":20,"max_hp_gain":0,"max_hp_loss":0,"event_name":"Shining Light","floor":12,"gold_loss":0,"cards_upgraded":["Strike_R","Strike_R"]},{"damage_healed":14,"gold_gain":0,"player_choice":"Heal","damage_taken":0,"max_hp_gain":0,"max_hp_loss":0,"event_name":"The Library","floor":19,"gold_loss":0},{"damage_healed":0,"gold_gain":0,"player_choice":"Traded Relic","damage_taken":0,"relics_obtained":["Nloth\u0027s Gift"],"max_hp_gain":0,"max_hp_loss":0,"event_name":"N\u0027loth","floor":20,"relics_lost":["MawBank"],"gold_loss":0},{"damage_healed":0,"gold_gain":0,"player_choice":"Ignored","damage_taken":0,"max_hp_gain":0,"max_hp_loss":0,"event_name":"Tomb of Lord Red Mask","floor":37,"gold_loss":0},{"cards_removed":["Strike_R"],"damage_healed":0,"gold_gain":0,"player_choice":"Upgrade and Remove","damage_taken":0,"max_hp_gain":0,"max_hp_loss":0,"event_name":"Designer","floor":38,"gold_loss":110,"cards_upgraded":["Defend_R"]},{"damage_healed":0,"gold_gain":0,"player_choice":"Forge","damage_taken":0,"max_hp_gain":0,"max_hp_loss":0,"event_name":"Accursed Blacksmith","floor":47,"gold_loss":0,"cards_upgraded":["Bash"]}],"is_beta":false,"boss_relics":[{"not_picked":["Astrolabe","Tiny House"],"picked":"Mark of Pain"},{"not_picked":["Snecko Eye","Calling Bell"],"picked":"Sozu"}],"items_purged_floors":[7,46],"is_endless":false,"potions_floor_spawned":[5,10,11,14,21,24,27,31,35,36,45,48],"killed_by":"Donu and Deca","ascension_level":20}