{"gold_per_floor":[216,0,18,18,28,28,55,55,55,55,55,71,110,123,123,219,219,243,243,115,115,115,115,159,159,206,131,172,190,190,230,230,319,319,332,457,457,480,386,422,422,461,485,785,803,803,230,245,245,245,245,245,245,34,73,73],"floor_reached":57,"playtime":6365,"items_purged":["Strike_B"],"score":2869,"play_id":"4b7d85b1-859a-4911-8589-98fe16abc4ca","local_time":"20190511104404","is_ascension_mode":true,"campfire_choices":[{"floor":6.0,"key":"REST"},{"floor":8.0,"key":"REST"},{"data":"Go for the Eyes","floor":15.0,"key":"SMITH"},{"data":"Ghostly","floor":23.0,"key":"SMITH"},{"data":"Ghostly","floor":25.0,"key":"SMITH"},{"floor":32.0,"key":"RECALL"},{"data":"Consume","floor":41.0,"key":"SMITH"},{"data":"Ghostly","floor":46.0,"key":"SMITH"},{"data":"Capacitor","floor":49.0,"key":"SMITH"},{"data":"Reinforced Body","floor":53.0,"key":"SMITH"}],"neow_cost":"NONE","seed_source_timestamp":2315446253392413,"circlet_count":0,"master_deck":["AscendersBane","Defend_B","Defend_B","Defend_B","Defend_B","Zap+1","Dualcast","Gash+1","Compile Driver","Doom and Gloom+1","Genetic Algorithm","Go for the Eyes+1","Coolheaded","Gash+1","Multi-Cast","BootSequence+1","Capacitor+1","Ghostly+1","Ghostly+1","Ghostly+1","Stack+1","Rebound","Capacitor","Echo Form","Chill","Coolheaded","Consume+1","Redo","Melter","Biased Cognition","Reinforced Body+1"],"special_seed":0,"relics":["Cracked Core","Potion Belt","Symbiotic Virus","Art of War","Golden Idol","Meat on the Bone","Nuclear Battery","Enchiridion","Happy Flower","Bronze Scales","Centennial Puzzle","Whetstone","Runic Pyramid","Bird Faced Urn","Lantern","Gremlin Horn","Juzu Bracelet","Torii","ClockworkSouvenir","Ornamental Fan"],"potions_floor_usage":[55,56,56,56,56],"damage_taken":[{"damage":12.0,"enemies":"Small Slimes","floor":1.0,"turns":3.0},{"damage":4.0,"enemies":"Jaw Worm","floor":3.0,"turns":3.0},{"damage":1.0,"enemies":"2 Louse","floor":5.0,"turns":3.0},{"damage":19.0,"enemies":"Lagavulin","floor":7.0,"turns":6.0},{"damage":6.0,"enemies":"Looter","floor":12.0,"turns":3.0},{"damage":8.0,"enemies":"Gremlin Nob","floor":13.0,"turns":3.0},{"damage":6.0,"enemies":"Exordium Thugs","floor":14.0,"turns":4.0},{"damage":9.0,"enemies":"Hexaghost","floor":16.0,"turns":8.0},{"damage":0.0,"enemies":"Chosen","floor":18.0,"turns":4.0},{"damage":5.0,"enemies":"Slavers","floor":24.0,"turns":3.0},{"damage":3.0,"enemies":"Book of Stabbing","floor":28.0,"turns":5.0},{"damage":0.0,"enemies":"Shell Parasite","floor":29.0,"turns":5.0},{"damage":7.0,"enemies":"Slavers","floor":31.0,"turns":5.0},{"damage":6.0,"enemies":"Collector","floor":33.0,"turns":9.0},{"damage":0.0,"enemies":"3 Shapes","floor":35.0,"turns":4.0},{"damage":0.0,"enemies":"Mind Bloom Boss Battle","floor":36.0,"turns":7.0},{"damage":2.0,"enemies":"3 Darklings","floor":38.0,"turns":6.0},{"damage":5.0,"enemies":"Reptomancer","floor":40.0,"turns":8.0},{"damage":0.0,"enemies":"Nemesis","floor":42.0,"turns":5.0},{"damage":7.0,"enemies":"Spire Growth","floor":45.0,"turns":7.0},{"damage":0.0,"enemies":"Maw","floor":48.0,"turns":6.0},{"damage":7.0,"enemies":"Donu and Deca","floor":50.0,"turns":13.0},{"damage":0.0,"enemies":"Time Eater","floor":51.0,"turns":9.0},{"damage":9,"enemies":"Shield and Spear","floor":55,"turns":8},{"damage":53,"enemies":"The Heart","floor":56,"turns":15}],"seed_played":"8872274781622837874","potions_obtained":[{"floor":3.0,"key":"Swift Potion"},{"floor":5.0,"key":"SkillPotion"},{"floor":13.0,"key":"SkillPotion"},{"floor":14.0,"key":"Regen Potion"},{"floor":18.0,"key":"AttackPotion"},{"floor":29.0,"key":"AttackPotion"},{"floor":36.0,"key":"FairyPotion"},{"floor":38.0,"key":"Explosive Potion"},{"floor":40.0,"key":"SpeedPotion"},{"floor":48.0,"key":"Regen Potion"},{"floor":55,"key":"Poison Potion"}],"is_trial":false,"path_per_floor":["M","$","M","?","M","R","E","R","T","?","?","M","E","M","R","B",null,"M","?","$","?","?","R","E","R","T","?","E","M","?","E","R","B",null,"M","?","?","M","$","E","R","E","T","?","M","R","$","M","R","B","B",null,"R","$","E","B",null],"character_chosen":"DEFECT","items_purchased":["Potion Belt","SteroidPotion","Block Potion","Coolheaded","Consume","Biased Cognition","Reinforced Body","Torii","ClockworkSouvenir"],"campfire_rested":2,"item_purchase_floors":[2,2,20,39,39,47,47,47,54],"current_hp_per_floor":[52,52,48,27,26,47,28,49,49,49,42,36,28,34,34,37,57,57,36,36,36,32,32,27,27,27,27,24,24,24,17,17,26,31,31,31,31,30,30,32,32,32,32,32,31,31,31,32,32,28,32,32,32,32,32,14],"gold":73,"neow_bonus":"HUNDRED_GOLD","is_prod":false,"is_daily":false,"chose_seed":false,"campfire_upgraded":7,"win_rate":0,"timestamp":1557596644,"path_taken":["M","$","M","?","M","R","E","R","T","?","?","M","E","M","R","BOSS","M","?","$","?","?","R","E","R","T","?","E","M","?","E","R","BOSS","M","?","?","M","$","E","R","E","T","?","M","R","$","M","R","BOSS","BOSS","R","$","E","BOSS"],"build_version":"2019-04-23","purchased_purges":1,"victory":true,"max_hp_per_floor":[71,71,71,71,71,71,71,71,71,64,64,64,64,64,64,64,64,64,64,64,64,32,32,32,32,32,32,32,32,32,32,32,32,32,32,32,32,32,32,32,32,32,32,32,32,32,32,32,32,32,32,32,32,32,32,32],"card_choices":[{"not_picked":["Blizzard","Conserve Battery"],"picked":"Gash","floor":1.0},{"not_picked":["White Noise","Redo"],"picked":"Compile Driver","floor":3.0},{"not_picked":["Steam","Heatsinks"],"picked":"Doom and Gloom","floor":5.0},{"not_picked":["Conserve Battery","Force Field"],"picked":"Genetic Algorithm","floor":7.0},{"not_picked":["Stack","Auto Shields"],"picked":"Go for the Eyes","floor":12.0},{"not_picked":["Tempest","Rip and Tear"],"picked":"Coolheaded","floor":13.0},{"not_picked":["Beam Cell","Force Field"],"picked":"Gash","floor":14.0},{"not_picked":["Hyperbeam","Thunder Strike"],"picked":"Multi-Cast","floor":16.0},{"not_picked":["Consume","Streamline"],"picked":"BootSequence+1","floor":18.0},{"not_picked":["Cold Snap","Steam Power"],"picked":"Stack+1","floor":24.0},{"not_picked":["Beam Cell","Reprogram+1","Streamline"],"picked":"SKIP","floor":28.0},{"not_picked":["Leap","Auto Shields","Chaos"],"picked":"SKIP","floor":29.0},{"not_picked":["Streamline","Turbo"],"picked":"Capacitor","floor":31.0},{"not_picked":["Amplify","Core Surge"],"picked":"Echo Form","floor":33.0},{"not_picked":["Recycle+1","Go for the Eyes","Turbo"],"picked":"SKIP","floor":35.0},{"not_picked":["Stack","Recycle"],"picked":"Chill","floor":36.0},{"not_picked":["Sunder","Ball Lightning","Tempest"],"picked":"SKIP","floor":38.0},{"not_picked":["Hologram","Sweeping Beam"],"picked":"Redo","floor":40.0},{"not_picked":["Leap","Coolheaded","Doom and Gloom"],"picked":"SKIP","floor":42.0},{"not_picked":["Ball Lightning+1","Heatsinks+1"],"picked":"Melter","floor":45.0},{"not_picked":["Steam","Stack","Amplify"],"picked":"SKIP","floor":48.0},{"not_picked":["Steam Power","Scrape","Reprogram"],"picked":"SKIP","floor":55}],"player_experience":1526771,"relics_obtained":[{"floor":7.0,"key":"Symbiotic Virus"},{"floor":9.0,"key":"Art of War"},{"floor":13.0,"key":"Meat on the Bone"},{"floor":19.0,"key":"Enchiridion"},{"floor":24.0,"key":"Happy Flower"},{"floor":26.0,"key":"Bronze Scales"},{"floor":28.0,"key":"Centennial Puzzle"},{"floor":31.0,"key":"Whetstone"},{"floor":36.0,"key":"Bird Faced Urn"},{"floor":40.0,"key":"Gremlin Horn"},{"floor":42.0,"key":"Juzu Bracelet"},{"floor":55,"key":"Ornamental Fan"}],"event_choices":[{"damage_healed":0.0,"max_hp_gain":0.0,"max_hp_loss":0.0,"gold_gain":0.0,"event_name":"Shining Light","player_choice":"Entered Light","floor":4.0,"gold_loss":0.0,"damage_taken":21.0,"cards_upgraded":["Zap","Gash"]},{"damage_healed":0.0,"max_hp_gain":0.0,"max_hp_loss":7.0,"gold_gain":0.0,"event_name":"Golden Idol","player_choice":"Lose Max HP","floor":10.0,"gold_loss":0.0,"damage_taken":0.0,"relics_obtained":["Golden Idol"]},{"cards_removed":["Strike_B"],"damage_healed":0.0,"max_hp_gain":0.0,"max_hp_loss":0.0,"gold_gain":0.0,"event_name":"Golden Wing","player_choice":"Card Removal","floor":11.0,"gold_loss":0.0,"damage_taken":7.0},{"damage_healed":0.0,"max_hp_gain":0.0,"max_hp_loss":0.0,"gold_gain":0.0,"event_name":"Cursed Tome","player_choice":"Obtained Book","floor":19.0,"gold_loss":0.0,"damage_taken":21.0},{"damage_healed":0.0,"max_hp_gain":0.0,"max_hp_loss":0.0,"gold_gain":0.0,"event_name":"The Library","player_choice":"Read","floor":21.0,"gold_loss":0.0,"damage_taken":0.0,"cards_obtained":["Capacitor"]},{"damage_healed":0.0,"max_hp_gain":0.0,"max_hp_loss":32.0,"gold_gain":0.0,"event_name":"Ghosts","player_choice":"Became a Ghost","floor":22.0,"gold_loss":0.0,"damage_taken":0.0,"cards_obtained":["Ghostly","Ghostly","Ghostly"]},{"cards_removed":["Strike_B"],"damage_healed":0.0,"max_hp_gain":0.0,"max_hp_loss":0.0,"gold_gain":0.0,"event_name":"Beggar","player_choice":"Gave Gold","floor":27.0,"gold_loss":75.0,"damage_taken":0.0},{"damage_healed":0.0,"max_hp_gain":0.0,"max_hp_loss":0.0,"gold_gain":0.0,"cards_transformed":["Strike_B"],"event_name":"Transmorgrifier","player_choice":"Transformed","floor":30.0,"gold_loss":0.0,"damage_taken":0.0,"cards_obtained":["Rebound"]},{"damage_healed":0.0,"max_hp_gain":0.0,"max_hp_loss":0.0,"gold_gain":0.0,"event_name":"MindBloom","player_choice":"Fight","floor":36.0,"gold_loss":0.0,"damage_taken":0.0},{"damage_healed":0.0,"max_hp_gain":0.0,"max_hp_loss":0.0,"gold_gain":0.0,"event_name":"WeMeetAgain","player_choice":"Gave Potion","floor":37.0,"gold_loss":0.0,"damage_taken":0.0,"relics_obtained":["Lantern"]},{"damage_healed":0.0,"max_hp_gain":0.0,"max_hp_loss":0.0,"gold_gain":300.0,"event_name":"Wheel of Change","player_choice":"Gold","floor":44.0,"gold_loss":0.0,"damage_taken":0.0}],"is_beta":true,"boss_relics":[{"not_picked":["Busted Crown","Empty Cage"],"picked":"Nuclear Battery"},{"not_picked":["Velvet Choker","Sozu"],"picked":"Runic Pyramid"}],"items_purged_floors":[20],"is_endless":false,"potions_floor_spawned":[3,5,13,14,18,29,36,38,40,48,55],"ascension_level":20}