{"path_per_floor":["M","M","?","?","?","E","R","E","T","R","?","M","$","M","R","B",null,"M","?","T","$","M","E","R","E","T","R","M","R","?","M","R","B",null,"M","$","?","?"],"character_chosen":"THE_SILENT","items_purchased":["Accuracy","War Paint","Explosive Potion","Explosive Potion","Bag of Marbles","Footwork"],"gold_per_floor":[116,135,135,210,210,241,241,275,275,275,275,291,15,28,28,133,133,149,149,149,51,62,88,88,121,121,121,137,137,137,150,150,255,255,265,39,39,0],"floor_reached":39,"campfire_rested":4,"playtime":1976,"current_hp_per_floor":[63,60,60,49,35,5,26,18,18,39,32,32,32,32,32,24,59,48,48,48,48,44,28,49,49,49,49,40,40,40,40,61,35,61,14,14,7,7],"items_purged":["Strike_G"],"gold":0,"score":605,"play_id":"f498df81-4c2a-4afa-a577-79722b16f036","local_time":"20180311044353","is_prod":false,"is_daily":false,"is_ascension_mode":true,"campfire_upgraded":3,"timestamp":1520757833,"path_taken":["M","?","?","?","?","E","R","E","T","R","?","?","$","M","R","BOSS","M","?","?","$","?","E","R","E","T","R","M","R","?","M","R","BOSS","M","$","?","?","M"],"build_version":"2018-03-09","purchased_purges":3,"victory":false,"master_deck":["Defend_G+1","Defend_G+1","Defend_G+1","Defend_G+1","Defend_G+1","Strike_G+1","Strike_G+1","Strike_G+1","Survivor+1","Neutralize+1","Leg Sweep+1","Cloak And Dagger+1","Blade Dance+1","Glass Knife+1","Sucker Punch+1","Accuracy+1","Choke+1","Terror+1","Dagger Spray+1","Footwork"],"max_hp_per_floor":[70,70,70,70,70,70,70,70,70,70,70,70,70,70,70,70,70,70,70,70,70,70,70,70,70,70,70,70,70,70,70,70,70,70,70,70,70,70],"relics":["Ring of the Snake","Smiling Mask","Prayer Wheel","Omamori","War Paint","Lizard Tail","Gambling Chip","Whetstone","Molten Egg 2","Sundial","Eternal Feather","Bag of Marbles","Red Mask"],"card_choices":[{"not_picked":["Phantasmal Killer","Flying Knee"],"picked":"Leg Sweep"},{"not_picked":["Slice","Expertise"],"picked":"Cloak And Dagger"},{"not_picked":["Dagger Spray","Sucker Punch"],"picked":"Blade Dance"},{"not_picked":["PiercingWail","Slice"],"picked":"Glass Knife"},{"not_picked":["Setup","Prepared"],"picked":"Sucker Punch"},{"not_picked":["Quick Slash","Poisoned Stab"],"picked":"Choke"},{"not_picked":["Slice","All Out Attack"],"picked":"Terror"},{"not_picked":["Crippling Poison","Bane"],"picked":"Dagger Spray"}],"player_experience":453938,"potions_floor_usage":[6,8,18,22,23,25,33],"damage_taken":[{"damage":0,"enemies":"Cultist","floor":1,"turns":3},{"damage":3,"enemies":"Jaw Worm","floor":2,"turns":9},{"damage":30,"enemies":"Gremlin Nob","floor":6,"turns":6},{"damage":8,"enemies":"3 Sentries","floor":8,"turns":7},{"damage":0,"enemies":"Small Slimes","floor":12,"turns":2},{"damage":0,"enemies":"Blue Slaver","floor":14,"turns":5},{"damage":8,"enemies":"The Guardian","floor":16,"turns":10},{"damage":11,"enemies":"Spheric Guardian","floor":18,"turns":4},{"damage":4,"enemies":"Shell Parasite","floor":22,"turns":4},{"damage":16,"enemies":"Slavers","floor":23,"turns":6},{"damage":0,"enemies":"Book of Stabbing","floor":25,"turns":7},{"damage":9,"enemies":"Chosen and Byrds","floor":28,"turns":4},{"damage":0,"enemies":"Snake Plant","floor":31,"turns":3},{"damage":61,"enemies":"Automaton","floor":33,"turns":12},{"damage":47,"enemies":"3 Darklings","floor":35,"turns":11},{"damage":12,"enemies":"Orb Walker","floor":39,"turns":3}],"event_choices":[{"event_name":"Living Wall","player_choice":"Grow","floor":3,"damage_taken":0},{"event_name":"World of Goop","player_choice":"Gather Gold","floor":4,"damage_taken":0},{"event_name":"Shining Light","player_choice":"Entered Light","floor":5,"damage_taken":0},{"event_name":"Golden Wing","player_choice":"Card Removal","floor":11,"damage_taken":0},{"event_name":"Back to Basics","player_choice":"Simplicity","floor":19,"damage_taken":0},{"event_name":"Vampires","player_choice":"Ignored","floor":30,"damage_taken":0},{"event_name":"Wheel of Change","player_choice":"Damage","floor":37,"damage_taken":0},{"event_name":"Tomb of Lord Red Mask","player_choice":"Paid","floor":38,"damage_taken":0}],"boss_relics":[{"not_picked":["Orrery","Pandora\u0027s Box"],"picked":"Lizard Tail"},{"not_picked":["Black Star","Calling Bell"],"picked":"Eternal Feather"}],"potions_floor_spawned":[1,2,16,18,28],"seed_played":"-8491829062867461317","killed_by":"Orb Walker","ascension_level":7,"is_trial":false}