{"gold_per_floor":[118,193,193,213,89,114,126,126,126,161,161,161,43,76,76,176,176,189,189,288,288,304,335,335,367,391,391,424,439,439,450,450,549,549,565,617,617,631,641,673,673,697,734,766,778,330,342,353,353,353,353,353,105,138,138],"floor_reached":56,"playtime":5175,"items_purged":["Pain","Strike_R","Strike_R"],"score":1897,"play_id":"e6c3bc76-4228-43ae-a6fd-fb9edf5be0d3","local_time":"20190430114151","is_ascension_mode":true,"campfire_choices":[{"data":"Clothesline","floor":8,"key":"SMITH"},{"data":"Uppercut","floor":11,"key":"SMITH"},{"data":"Cleave","floor":15,"key":"SMITH"},{"floor":24,"key":"DIG"},{"floor":27,"key":"DIG"},{"floor":32,"key":"DIG"},{"floor":41,"key":"DIG"},{"floor":45,"key":"DIG"},{"floor":49,"key":"RECALL"},{"floor":52,"key":"DIG"}],"neow_cost":"NONE","seed_source_timestamp":1615364036891077,"circlet_count":0,"master_deck":["Strike_R","Strike_R+1","Strike_R+1","Defend_R","Defend_R","Defend_R","Bash","Carnage","Havoc","Clothesline+1","Cleave+1","Shrug It Off","Uppercut+1","Rupture","Flame Barrier","Bloodletting","Offering","Shame","Decay","Doubt","Uppercut","Shame","Reaper","Headbutt","Shockwave","Necronomicurse","Heavy Blade","Exhume","Dual Wield","Corruption+1","Impervious","Master of Strategy","Feel No Pain","Whirlwind","Feel No Pain","Rupture+1"],"relics":["Burning Blood","Anchor","WarpedTongs","Bird Faced Urn","Darkstone Periapt","Pear","Blue Candle","Calling Bell","Art of War","Question Card","Gambling Chip","Shovel","Pantograph","Red Skull","Smiling Mask","Lantern","Oddly Smooth Stone","Necronomicon","Magic Flower","Mark of Pain","Girya","Strawberry","MawBank","Orichalcum","Whetstone","Membership Card","Ornamental Fan","Dead Branch","Blood Vial"],"potions_floor_usage":[10,10,16,16,16,18,22,25,33,36,39,40,48,48,55,55],"damage_taken":[{"damage":6,"enemies":"Jaw Worm","floor":1,"turns":5},{"damage":1,"enemies":"2 Louse","floor":4,"turns":2},{"damage":19,"enemies":"3 Sentries","floor":6,"turns":7},{"damage":6,"enemies":"Cultist","floor":7,"turns":3},{"damage":12,"enemies":"Lagavulin","floor":10,"turns":5},{"damage":9,"enemies":"3 Sentries","floor":14,"turns":8},{"damage":6,"enemies":"Slime Boss","floor":16,"turns":6},{"damage":8,"enemies":"Spheric Guardian","floor":18,"turns":4},{"damage":25,"enemies":"3 Byrds","floor":22,"turns":4},{"damage":45,"enemies":"Slavers","floor":23,"turns":8},{"damage":43,"enemies":"Gremlin Leader","floor":25,"turns":5},{"damage":44,"enemies":"Book of Stabbing","floor":28,"turns":6},{"damage":18,"enemies":"Centurion and Healer","floor":29,"turns":4},{"damage":6,"enemies":"Snake Plant","floor":31,"turns":2},{"damage":61,"enemies":"Automaton","floor":33,"turns":5},{"damage":48,"enemies":"3 Darklings","floor":35,"turns":6},{"damage":73,"enemies":"2 Orb Walkers","floor":36,"turns":6},{"damage":34,"enemies":"3 Shapes","floor":38,"turns":5},{"damage":27,"enemies":"Writhing Mass","floor":39,"turns":4},{"damage":36,"enemies":"Giant Head","floor":40,"turns":2},{"damage":21,"enemies":"Jaw Worm Horde","floor":42,"turns":3},{"damage":28,"enemies":"Transient","floor":44,"turns":5},{"damage":16,"enemies":"Sphere and 2 Shapes","floor":47,"turns":2},{"damage":24,"enemies":"Writhing Mass","floor":48,"turns":3},{"damage":41,"enemies":"Donu and Deca","floor":50,"turns":7},{"damage":28,"enemies":"Shield and Spear","floor":54,"turns":6},{"damage":66,"enemies":"The Heart","floor":55,"turns":6}],"seed_played":"5423522177587338215","potions_obtained":[{"floor":4,"key":"Strength Potion"},{"floor":6,"key":"Swift Potion"},{"floor":7,"key":"EntropicBrew"},{"floor":18,"key":"SkillPotion"},{"floor":23,"key":"Energy Potion"},{"floor":28,"key":"Weak Potion"},{"floor":31,"key":"SkillPotion"},{"floor":38,"key":"Regen Potion"},{"floor":39,"key":"EssenceOfSteel"},{"floor":44,"key":"FairyPotion"},{"floor":48,"key":"PowerPotion"}],"is_trial":false,"path_per_floor":["M","?","?","M","$","E","M","R","T","E","R","$","$","E","R","B",null,"M","?","?","$","M","E","R","E","T","R","E","M","?","M","R","B",null,"M","?","?","M","M","E","R","M","T","M","R","$","M","M","R","B",null,"R","$","E","B",null],"character_chosen":"IRONCLAD","items_purchased":["Clothesline","Rupture","Flame Barrier","Membership Card","Regen Potion","Energy Potion","Master of Strategy","Feel No Pain","Feel No Pain","Dead Branch","Strength Potion"],"campfire_rested":0,"item_purchase_floors":[5,13,13,46,46,46,46,46,53,53,53],"current_hp_per_floor":[72,61,61,66,66,53,53,53,53,57,57,57,57,56,56,73,104,104,110,110,110,93,64,64,81,81,81,59,71,61,63,63,79,110,91,45,45,59,66,52,52,46,46,55,55,55,48,56,56,101,121,121,121,120,95],"gold":138,"neow_bonus":"RANDOM_COMMON_RELIC","is_prod":false,"is_daily":false,"chose_seed":false,"campfire_upgraded":3,"win_rate":0,"timestamp":1556620911,"path_taken":["M","?","?","M","$","E","?","R","T","E","R","?","$","E","R","BOSS","M","?","?","$","M","E","R","E","T","R","E","M","?","M","R","BOSS","M","?","?","M","M","E","R","M","T","M","R","$","M","M","R","BOSS","R","$","E","BOSS"],"build_version":"2019-01-23","purchased_purges":3,"victory":true,"max_hp_per_floor":[80,80,80,80,80,80,80,80,80,90,90,90,90,90,90,90,108,108,114,114,114,114,114,114,114,114,114,114,114,120,120,120,120,120,120,120,120,120,120,127,127,127,127,127,127,127,127,127,127,127,127,127,127,127,127],"card_choices":[{"not_picked":["Cleave","Blood for Blood"],"picked":"Carnage","floor":1},{"not_picked":["Headbutt","Rampage"],"picked":"Havoc","floor":4},{"not_picked":["Flex","Double Tap"],"picked":"Cleave","floor":6},{"not_picked":["Armaments","Thunderclap"],"picked":"Shrug It Off","floor":7},{"not_picked":["Carnage","True Grit"],"picked":"Uppercut","floor":10},{"not_picked":["Entrench","Iron Wave"],"picked":"Bloodletting","floor":14},{"not_picked":["Demon Form","Fiend Fire"],"picked":"Offering","floor":16},{"not_picked":["Sword Boomerang","Warcry","Clash"],"picked":"Uppercut","floor":18},{"not_picked":["Havoc","Wild Strike","Twin Strike"],"picked":"Reaper","floor":22},{"not_picked":["Rampage","Warcry","Anger"],"picked":"Headbutt","floor":23},{"not_picked":["Rampage","Thunderclap","Havoc","Pommel Strike"],"picked":"SKIP","floor":25},{"not_picked":["Headbutt+1","Intimidate","Fire Breathing"],"picked":"Shockwave","floor":28},{"not_picked":["Sword Boomerang+1","Headbutt","Flex+1","Clothesline"],"picked":"SKIP","floor":29},{"not_picked":["Anger","Clash","Thunderclap+1"],"picked":"Heavy Blade","floor":31},{"not_picked":["Immolate","Bludgeon","Fiend Fire"],"picked":"Exhume","floor":33},{"not_picked":["Wild Strike+1","Inflame","Sever Soul"],"picked":"Dual Wield","floor":35},{"not_picked":["Headbutt+1","Fire Breathing","Power Through+1"],"picked":"Corruption+1","floor":36},{"not_picked":["Clash","Headbutt","Pommel Strike","Anger"],"picked":"SKIP","floor":38},{"not_picked":["Spot Weakness","Inflame","Heavy Blade","Clothesline+1"],"picked":"SKIP","floor":39},{"not_picked":["Havoc+1","Disarm+1","Berserk"],"picked":"Impervious","floor":40},{"not_picked":["Anger","Cleave+1","Warcry","Intimidate+1"],"picked":"SKIP","floor":42},{"not_picked":["Clothesline","Flex","Searing Blow+1","Twin Strike+1"],"picked":"SKIP","floor":44},{"not_picked":["Iron Wave+1","Wild Strike","Sever Soul"],"picked":"Whirlwind","floor":47},{"not_picked":["Perfected Strike+1","Cleave","Havoc","Clash"],"picked":"SKIP","floor":48},{"not_picked":["Clothesline+1","Berserk","True Grit+1"],"picked":"Rupture+1","floor":54}],"player_experience":252176,"relics_obtained":[{"floor":6,"key":"Bird Faced Urn"},{"floor":9,"key":"Darkstone Periapt"},{"floor":10,"key":"Pear"},{"floor":14,"key":"Blue Candle"},{"floor":17,"key":"Art of War"},{"floor":17,"key":"Question Card"},{"floor":17,"key":"Gambling Chip"},{"floor":23,"key":"Pantograph"},{"floor":24,"key":"Red Skull"},{"floor":25,"key":"Smiling Mask"},{"floor":27,"key":"Lantern"},{"floor":28,"key":"Oddly Smooth Stone"},{"floor":30,"key":"Necronomicon"},{"floor":32,"key":"Magic Flower"},{"floor":36,"key":"Girya"},{"floor":40,"key":"Strawberry"},{"floor":41,"key":"MawBank"},{"floor":43,"key":"Orichalcum"},{"floor":45,"key":"Whetstone"},{"floor":52,"key":"Ornamental Fan"},{"floor":54,"key":"Blood Vial"}],"event_choices":[{"damage_healed":0,"gold_gain":75,"player_choice":"Gather Gold","damage_taken":11,"max_hp_gain":0,"max_hp_loss":0,"event_name":"World of Goop","floor":2,"gold_loss":0},{"damage_healed":0,"gold_gain":0,"player_choice":"Rummage","damage_taken":0,"relics_obtained":["WarpedTongs"],"max_hp_gain":0,"max_hp_loss":0,"event_name":"Accursed Blacksmith","floor":3,"gold_loss":0,"cards_obtained":["Pain"]},{"damage_healed":0,"gold_gain":0,"player_choice":"Stole Relic","damage_taken":0,"relics_obtained":["Shovel"],"max_hp_gain":0,"max_hp_loss":0,"event_name":"Addict","floor":19,"gold_loss":0,"cards_obtained":["Shame"]},{"damage_healed":0,"gold_gain":99,"player_choice":"Stole From Cult","damage_taken":0,"max_hp_gain":0,"max_hp_loss":0,"event_name":"Nest","floor":20,"gold_loss":0},{"damage_healed":0,"gold_gain":0,"player_choice":"Obtained Book","damage_taken":16,"max_hp_gain":0,"max_hp_loss":0,"event_name":"Cursed Tome","floor":30,"gold_loss":0},{"damage_healed":0,"gold_gain":0,"player_choice":"Fight","damage_taken":0,"max_hp_gain":0,"max_hp_loss":0,"event_name":"Mysterious Sphere","floor":36,"gold_loss":0},{"cards_removed":["Defend_R"],"damage_healed":0,"gold_gain":0,"player_choice":"Removed Skill","damage_taken":0,"max_hp_gain":0,"max_hp_loss":0,"event_name":"Falling","floor":37,"gold_loss":0}],"is_beta":false,"boss_relics":[{"not_picked":["Philosopher\u0027s Stone","Runic Cube"],"picked":"Calling Bell"},{"not_picked":["Black Blood","Busted Crown"],"picked":"Mark of Pain"}],"items_purged_floors":[5,46,53],"is_endless":false,"potions_floor_spawned":[4,6,7,18,23,28,31,38,39,44,47,48],"ascension_level":7}