{"path_per_floor":["M","?","?","?","M","E","?","E","T","M","M","R","$","M","R"],"character_chosen":"DEFECT","items_purchased":["Apotheosis","Capacitor"],"gold_per_floor":[112,187,187,187,198,226,226,261,261,275,289,289,37,55,55,55],"floor_reached":16,"campfire_rested":0,"playtime":276,"current_hp_per_floor":[68,57,62,55,55,55,52,33,33,26,26,26,26,24,24,0],"items_purged":[],"gold":55,"score":189,"play_id":"4b474047-8aa3-4346-86d7-467c098f84d4","local_time":"20180502234446","is_prod":false,"is_daily":false,"chose_seed":false,"is_ascension_mode":true,"campfire_upgraded":2,"timestamp":1525329886,"path_taken":["M","?","?","?","M","E","?","E","T","?","M","R","$","M","R","BOSS"],"build_version":"2018-05-01v2","seed_source_timestamp":199673098529375,"purchased_purges":0,"victory":false,"master_deck":["Strike_B","Strike_B","Strike_B","Defend_B","Defend_B","Defend_B","Defend_B","Zap","Dualcast","Ball Lightning","Impulse","Nova","Impulse+1","Stack","Stack","Apotheosis+1","Capacitor","Impulse"],"max_hp_per_floor":[75,75,80,80,80,80,80,80,80,80,80,80,80,80,80,80],"relics":["Cracked Core","NeowsBlessing","Thread and Needle","Dream Catcher","Regal Pillow","Dead Branch"],"card_choices":[{"not_picked":["Scrape","Turbo"],"picked":"Ball Lightning","floor":1},{"not_picked":["Buffer","Static Discharge"],"picked":"Impulse","floor":5},{"not_picked":["Barrage","Turbo"],"picked":"Nova","floor":6},{"not_picked":["Sweeping Beam","Gash"],"picked":"Impulse","floor":8},{"not_picked":["Auto Shields","Recycle"],"picked":"Stack","floor":10},{"not_picked":["Turbo","Beam Cell"],"picked":"Stack","floor":11},{"not_picked":["Melter","Lockon"],"picked":"Impulse","floor":14}],"player_experience":569329,"potions_floor_usage":[8,14],"damage_taken":[{"damage":0,"enemies":"2 Louse","floor":1,"turns":1},{"damage":0,"enemies":"Small Slimes","floor":5,"turns":1},{"damage":0,"enemies":"Gremlin Nob","floor":6,"turns":1},{"damage":19,"enemies":"Lagavulin","floor":8,"turns":8},{"damage":7,"enemies":"Jaw Worm","floor":10,"turns":2},{"damage":0,"enemies":"Looter","floor":11,"turns":3},{"damage":2,"enemies":"Gremlin Gang","floor":14,"turns":3},{"damage":25,"enemies":"Hexaghost","floor":16,"turns":9}],"event_choices":[{"event_name":"World of Goop","player_choice":"Gather Gold","floor":2,"damage_taken":0},{"event_name":"Big Fish","player_choice":"Donut","floor":3,"damage_taken":0},{"event_name":"Golden Wing","player_choice":"Card Removal","floor":4,"damage_taken":0},{"event_name":"Scrap Ooze","player_choice":"success","floor":7,"damage_taken":3}],"boss_relics":[],"potions_floor_spawned":[1,11],"seed_played":"5266619175900988603","killed_by":"Hexaghost","ascension_level":8,"is_trial":false}