{"gold_per_floor":[114,15,33,33,108,108,131,131,131,145,211,229,84,47,47,143,143,161,181,181,206,206,237,258,258,308,12,12,25,63,76,76,169,169,194,194,194,194,527,561,576,165,165,177,188,203,217,233,233,233,233,233,147,174,174],"floor_reached":55,"playtime":2890,"items_purged":["Strike_B","Scrape","Creative AI+1"],"score":1391,"play_id":"b1b6198f-4d55-43e0-9614-d9a492f7735e","local_time":"20190316212517","is_ascension_mode":true,"campfire_choices":[{"data":"Zap","floor":6.0,"key":"SMITH"},{"data":"Sweeping Beam","floor":8.0,"key":"SMITH"},{"data":"Blizzard","floor":15.0,"key":"SMITH"},{"data":"Double Energy","floor":25.0,"key":"SMITH"},{"data":"Seek","floor":28.0,"key":"SMITH"},{"data":"Coolheaded","floor":32.0,"key":"SMITH"},{"floor":49,"key":"RECALL"},{"data":"Chill","floor":52,"key":"SMITH"}],"neow_cost":"NONE","seed_source_timestamp":0,"circlet_count":0,"master_deck":["AscendersBane","Zap+1","Dualcast","Steam","Coolheaded+1","Sweeping Beam+1","Undo","Self Repair+1","Conserve Battery","Glacier","Blizzard+1","Seek+1","Cold Snap","Double Energy+1","Glacier","Cold Snap","Self Repair+1","Reprogram","Chill+1","Coolheaded","Loop+1","Recycle","Madness","Madness","Fission","Clumsy","Defragment+1","Buffer+1","Loop+1","Defragment+1"],"special_seed":0,"relics":["Lizard Tail","Frozen Egg 2","Tiny Chest","DataDisk","Pandora\u0027s Box","Calipers","Bag of Preparation","Dream Catcher","PreservedInsect","Pear","Cursed Key","Vajra","Potion Belt","Pantograph"],"potions_floor_usage":[54,55,55],"damage_taken":[{"damage":0.0,"enemies":"Cultist","floor":1.0,"turns":4.0},{"damage":2.0,"enemies":"2 Louse","floor":3.0,"turns":5.0},{"damage":3.0,"enemies":"Jaw Worm","floor":7.0,"turns":5.0},{"damage":16.0,"enemies":"Gremlin Gang","floor":10.0,"turns":4.0},{"damage":21.0,"enemies":"3 Sentries","floor":11.0,"turns":8.0},{"damage":10.0,"enemies":"3 Louse","floor":12.0,"turns":3.0},{"damage":15.0,"enemies":"Hexaghost","floor":16.0,"turns":16.0},{"damage":1.0,"enemies":"Spheric Guardian","floor":18.0,"turns":8.0},{"damage":0.0,"enemies":"3 Byrds","floor":19.0,"turns":6.0},{"damage":0.0,"enemies":"Centurion and Healer","floor":21.0,"turns":7.0},{"damage":48.0,"enemies":"Gremlin Leader","floor":23.0,"turns":9.0},{"damage":0.0,"enemies":"Snecko","floor":24.0,"turns":7.0},{"damage":1.0,"enemies":"Chosen and Byrds","floor":29.0,"turns":8.0},{"damage":1.0,"enemies":"Book of Stabbing","floor":30.0,"turns":7.0},{"damage":5.0,"enemies":"Centurion and Healer","floor":31.0,"turns":8.0},{"damage":0.0,"enemies":"Champ","floor":33.0,"turns":17.0},{"damage":0.0,"enemies":"3 Shapes","floor":35.0,"turns":6.0},{"damage":3.0,"enemies":"Reptomancer","floor":40.0,"turns":8.0},{"damage":0.0,"enemies":"3 Darklings","floor":41.0,"turns":5.0},{"damage":0.0,"enemies":"4 Shapes","floor":44.0,"turns":4.0},{"damage":65.0,"enemies":"Transient","floor":45.0,"turns":5.0},{"damage":10.0,"enemies":"Spire Growth","floor":46.0,"turns":8.0},{"damage":10.0,"enemies":"Jaw Worm Horde","floor":47.0,"turns":5.0},{"damage":0,"enemies":"3 Darklings","floor":48,"turns":6},{"damage":6,"enemies":"Time Eater","floor":50,"turns":16},{"damage":52,"enemies":"Shield and Spear","floor":54,"turns":10},{"damage":122,"enemies":"The Heart","floor":55,"turns":14}],"seed_played":"-4417957099184000689","potions_obtained":[{"floor":11.0,"key":"Poison Potion"},{"floor":12.0,"key":"EssenceOfSteel"},{"floor":16.0,"key":"Weak Potion"},{"floor":19.0,"key":"LiquidBronze"},{"floor":23.0,"key":"Explosive Potion"},{"floor":40.0,"key":"EssenceOfSteel"},{"floor":44.0,"key":"Fire Potion"},{"floor":46.0,"key":"SteroidPotion"}],"is_trial":false,"path_per_floor":["M","$","M","?","?","R","M","R","T","M","E","M","$","$","R","B",null,"M","M","?","M","T","E","M","R","T","$","R","M","E","M","R","B",null,"M","T","?","?","?","E","M","$","T","M","M","M","M","M","R","B",null,"R","$","E","B"],"character_chosen":"DEFECT","items_purchased":["Coolheaded","DataDisk","Blizzard","Recycle","PreservedInsect","Fission","Potion Belt","SpeedPotion","Defragment+1","SkillPotion"],"campfire_rested":0,"item_purchase_floors":[2,13,14,27,27,42,42,42,53,53],"current_hp_per_floor":[64,64,62,62,51,51,48,48,48,32,21,21,21,21,21,16,52,64,64,64,64,64,36,56,56,56,56,56,64,74,74,74,74,74,74,74,64,64,64,74,74,74,74,74,29,39,49,69,69,74,74,74,74,42,0],"gold":174,"neow_bonus":"BOSS_RELIC","is_prod":false,"is_daily":false,"chose_seed":false,"campfire_upgraded":7,"win_rate":0,"timestamp":1552785917,"path_taken":["M","$","M","?","?","R","M","R","T","M","E","M","?","$","R","BOSS","M","?","?","?","?","E","M","R","T","?","R","?","E","M","R","BOSS","M","?","?","?","?","E","?","?","T","M","M","M","M","M","R","BOSS","R","$","E","BOSS"],"build_version":"2019-03-15","purchased_purges":3,"victory":false,"max_hp_per_floor":[71,71,71,64,64,64,64,64,64,64,64,64,64,64,64,64,64,64,64,64,64,64,64,64,64,64,64,64,64,74,74,74,74,74,74,74,74,74,74,74,74,74,74,74,74,74,74,74,74,74,74,74,74,74,74],"card_choices":[{"not_picked":["Compile Driver","Hologram"],"picked":"Steam","floor":1.0},{"not_picked":["Stack","Leap"],"picked":"Sweeping Beam","floor":3.0},{"not_picked":["Static Discharge","White Noise"],"picked":"Undo","floor":7.0},{"not_picked":["Hello World+1","Hologram"],"picked":"Self Repair+1","floor":10.0},{"not_picked":["Force Field","Beam Cell"],"picked":"Conserve Battery","floor":11.0},{"not_picked":["Cold Snap","Turbo"],"picked":"Glacier","floor":12.0},{"not_picked":["Amplify","Core Surge"],"picked":"Seek","floor":16.0},{"not_picked":["Scrape","Cold Snap","Sweeping Beam"],"picked":"SKIP","floor":18.0},{"not_picked":["Barrage","Sweeping Beam","Force Field"],"picked":"SKIP","floor":19.0},{"not_picked":["Beam Cell","Genetic Algorithm"],"picked":"Chill","floor":21.0},{"not_picked":["Compile Driver","Undo"],"picked":"Coolheaded","floor":23.0},{"not_picked":["Coolheaded","Barrage"],"picked":"Loop+1","floor":24.0},{"not_picked":["Cold Snap","Streamline","Turbo"],"picked":"SKIP","floor":29.0},{"not_picked":["Heatsinks+1","FTL","Go for the Eyes"],"picked":"SKIP","floor":30.0},{"not_picked":["Streamline","Meteor Strike","Barrage"],"picked":"SKIP","floor":31.0},{"not_picked":["All For One","Core Surge"],"picked":"Creative AI+1","floor":33.0},{"not_picked":["Rip and Tear","Redo","Compile Driver"],"picked":"SKIP","floor":35.0},{"not_picked":["Forethought","Magnetism+1"],"picked":"Madness","floor":37.0},{"not_picked":["Enlightenment","Discovery"],"picked":"Madness","floor":37.0},{"not_picked":["Stack","Darkness","Barrage"],"picked":"SKIP","floor":40.0},{"not_picked":["Beam Cell","Coolheaded","Compile Driver"],"picked":"SKIP","floor":41.0},{"not_picked":["Beam Cell","Leap","Steam"],"picked":"SKIP","floor":44.0},{"not_picked":["Hello World+1","Stack"],"picked":"Defragment+1","floor":45.0},{"not_picked":["Gash","Barrage","Doom and Gloom"],"picked":"SKIP","floor":46.0},{"not_picked":["Ball Lightning+1","Barrage"],"picked":"Buffer+1","floor":47.0},{"not_picked":["Genetic Algorithm","Coolheaded"],"picked":"Loop+1","floor":48},{"not_picked":["Auto Shields","Redo+1","Sweeping Beam"],"picked":"SKIP","floor":54}],"player_experience":2203410,"relics_obtained":[{"floor":9.0,"key":"Frozen Egg 2"},{"floor":11.0,"key":"Tiny Chest"},{"floor":22.0,"key":"Calipers"},{"floor":23.0,"key":"Bag of Preparation"},{"floor":26.0,"key":"Dream Catcher"},{"floor":30.0,"key":"Pear"},{"floor":40.0,"key":"Vajra"},{"floor":54,"key":"Pantograph"}],"event_choices":[{"damage_healed":0.0,"max_hp_gain":0.0,"max_hp_loss":7.0,"gold_gain":0.0,"event_name":"Golden Idol","player_choice":"Lose Max HP","floor":4.0,"gold_loss":0.0,"damage_taken":0.0,"relics_obtained":["Golden Idol"]},{"damage_healed":0.0,"max_hp_gain":0.0,"max_hp_loss":0.0,"gold_gain":75.0,"event_name":"World of Goop","player_choice":"Gather Gold","floor":5.0,"gold_loss":0.0,"damage_taken":11.0},{"damage_healed":0.0,"max_hp_gain":0.0,"max_hp_loss":0.0,"gold_gain":0.0,"event_name":"Match and Keep!","player_choice":"0 cards matched","floor":20.0,"gold_loss":0.0,"damage_taken":0.0,"cards_obtained":[]},{"damage_healed":0.0,"max_hp_gain":0.0,"max_hp_loss":0.0,"gold_gain":0.0,"event_name":"SensoryStone","player_choice":"Memory 3","floor":37.0,"gold_loss":0.0,"damage_taken":10.0},{"damage_healed":0.0,"max_hp_gain":0.0,"max_hp_loss":0.0,"gold_gain":0.0,"event_name":"Tomb of Lord Red Mask","player_choice":"Ignored","floor":38.0,"gold_loss":0.0,"damage_taken":0.0},{"damage_healed":0.0,"max_hp_gain":0.0,"max_hp_loss":0.0,"gold_gain":333.0,"event_name":"The Moai Head","player_choice":"Gave Idol","floor":39.0,"relics_lost":["Golden Idol"],"gold_loss":0.0,"damage_taken":0.0}],"is_beta":true,"boss_relics":[{"not_picked":["Empty Cage","Tiny House"],"picked":"Pandora\u0027s Box"},{"not_picked":["Eternal Feather","Inserter"],"picked":"Cursed Key"}],"items_purged_floors":[2,27,42],"is_endless":false,"potions_floor_spawned":[11,12,16,19,23,29,31,40,44,46,48],"killed_by":"The Heart","ascension_level":15}