{"path_per_floor":["M","M","?","M","?","E","R","?","T","M","M","M","R","M","R"],"character_chosen":"THE_SILENT","items_purchased":[],"gold_per_floor":[109,122,72,83,83,118,118,293,346,361,380,390,390,408,408],"floor_reached":16,"campfire_rested":1,"playtime":1483,"current_hp_per_floor":[35,35,35,35,35,6,27,27,27,27,26,26,26,26,26],"items_purged":[],"gold":408,"play_id":"f3cf3866-0310-4c67-b9c8-76f829fc6561","is_prod":false,"is_daily":false,"is_ascension_mode":false,"campfire_upgraded":2,"path_taken":["M","M","?","M","?","E","R","?","T","M","?","M","R","M","R","BOSS"],"build_version":"2018-02-01-PROD3","purchased_purges":0,"victory":false,"master_deck":["Defend_G","Defend_G","Defend_G","Defend_G","Defend_G","Strike_G","Strike_G","Strike_G","Strike_G","Survivor","Neutralize","Backflip","Backstab","Backflip","Footwork+1","Doubt","Quick Slash","Dodge and Roll","Infinite Blades+1"],"max_hp_per_floor":[70,70,70,70,70,70,70,70,70,70,70,70,70,70,70],"relics":["Ring of the Snake","Frozen Eye","Lantern","Bag of Marbles","Anchor"],"card_choices":[{"not_picked":["Sucker Punch","Flying Knee"],"picked":"Backflip"},{"not_picked":["Dodge and Roll","Finisher"],"picked":"Backstab"},{"not_picked":["Deflect","Choke"],"picked":"Backflip"},{"not_picked":["Flying Knee","Deflect"],"picked":"Footwork"},{"not_picked":["Dagger Throw","Deadly Poison"],"picked":"Quick Slash"},{"not_picked":["Flying Knee","Riddle With Holes"],"picked":"Dodge and Roll"},{"not_picked":["Heel Hook","Outmaneuver"],"picked":"Infinite Blades"}],"player_experience":29771,"potions_floor_usage":[6,16,16,16],"damage_taken":[{"damage":0,"enemies":"2 Louse","floor":1,"turns":3},{"damage":0,"enemies":"Small Slimes","floor":2,"turns":3},{"damage":0,"enemies":"Cultist","floor":4,"turns":4},{"damage":29,"enemies":"Lagavulin","floor":6,"turns":11},{"damage":0,"enemies":"3 Louse","floor":10,"turns":3},{"damage":1,"enemies":"Lots of Slimes","floor":11,"turns":4},{"damage":0,"enemies":"Exordium Wildlife","floor":12,"turns":5},{"damage":0,"enemies":"3 Louse","floor":14,"turns":3},{"damage":26,"enemies":"Slime Boss","floor":16,"turns":13}],"event_choices":[{"event_name":"The Cleric","player_choice":"Card Removal","floor":3,"damage_taken":0},{"event_name":"Wheel of Change","player_choice":"Relic","floor":5,"damage_taken":0},{"event_name":"Liars Game","player_choice":"agreed","floor":8,"damage_taken":0}],"boss_relics":[],"potions_floor_spawned":[2,4,6,10],"seed_played":"-2054469670538990560","killed_by":"Slime Boss","ascension_level":0,"is_trial":false}