{"gold_per_floor":[119,194,119,119,4,35,35,65,65,75,75,0,0,13,13,13],"floor_reached":16,"playtime":596,"items_purged":["Strike_B"],"score":212,"play_id":"5db1c83d-89ae-4470-97f0-7509367de3f7","local_time":"20190411013118","is_ascension_mode":true,"campfire_choices":[{"data":"Zap","floor":7,"key":"SMITH"},{"data":"Loop","floor":11,"key":"SMITH"},{"floor":13,"key":"REST"},{"data":"Go for the Eyes","floor":15,"key":"SMITH"}],"neow_cost":"CURSE","seed_source_timestamp":34333138760499,"circlet_count":0,"master_deck":["AscendersBane","Strike_B","Strike_B","Strike_B","Defend_B","Defend_B","Defend_B","Defend_B","Zap+1","Dualcast","Go for the Eyes+1","Coolheaded","Loop+1","Electrodynamics","Ball Lightning","Glacier"],"relics":["Cracked Core","Omamori","Boot","Question Card"],"potions_floor_usage":[6,8,10,16],"damage_taken":[{"damage":5,"enemies":"Small Slimes","floor":1,"turns":3},{"damage":26,"enemies":"Lagavulin","floor":6,"turns":9},{"damage":30,"enemies":"Gremlin Nob","floor":8,"turns":4},{"damage":2,"enemies":"Jaw Worm","floor":10,"turns":3},{"damage":0,"enemies":"Cultist","floor":14,"turns":2},{"damage":47,"enemies":"Hexaghost","floor":16,"turns":11}],"seed_played":"6772669355781353421","potions_obtained":[{"floor":1,"key":"PowerPotion"},{"floor":4,"key":"Poison Potion"},{"floor":8,"key":"Energy Potion"},{"floor":10,"key":"Regen Potion"}],"is_trial":false,"path_per_floor":["M","?","?","?","$","E","R","E","T","M","R","$","R","M","R","B"],"character_chosen":"DEFECT","items_purchased":["Coolheaded","Loop"],"campfire_rested":1,"item_purchase_floors":[5,5],"current_hp_per_floor":[73,62,62,62,62,36,36,6,6,4,4,4,29,29,29,0],"gold":13,"neow_bonus":"TWENTY_PERCENT_HP_BONUS","is_prod":false,"is_daily":false,"chose_seed":false,"campfire_upgraded":3,"win_rate":0,"timestamp":1554960678,"path_taken":["M","?","?","?","$","E","R","E","T","M","R","$","R","?","R","BOSS"],"build_version":"2019-01-23","purchased_purges":1,"victory":false,"max_hp_per_floor":[85,85,85,85,85,85,85,85,85,85,85,85,85,85,85,85],"card_choices":[{"not_picked":["Compile Driver","Blizzard"],"picked":"Go for the Eyes","floor":1},{"not_picked":["Steam","Beam Cell"],"picked":"Electrodynamics","floor":6},{"not_picked":["Rip and Tear","Scrape","Streamline"],"picked":"SKIP","floor":8},{"not_picked":["Self Repair","Blizzard","Rebound"],"picked":"Ball Lightning","floor":10},{"not_picked":["Cold Snap","Go for the Eyes","Beam Cell"],"picked":"Glacier","floor":14}],"player_experience":1788026,"relics_obtained":[{"floor":6,"key":"Omamori"},{"floor":8,"key":"Boot"},{"floor":9,"key":"Question Card"}],"event_choices":[{"damage_healed":0,"gold_gain":75,"player_choice":"Gather Gold","damage_taken":11,"max_hp_gain":0,"max_hp_loss":0,"event_name":"World of Goop","floor":2,"gold_loss":0},{"cards_removed":["Shame"],"damage_healed":0,"gold_gain":0,"player_choice":"Card Removal","damage_taken":0,"max_hp_gain":0,"max_hp_loss":0,"event_name":"The Cleric","floor":3,"gold_loss":75},{"damage_healed":0,"gold_gain":0,"player_choice":"Got Potions","damage_taken":0,"max_hp_gain":0,"max_hp_loss":0,"event_name":"Lab","floor":4,"gold_loss":0}],"is_beta":false,"boss_relics":[],"items_purged_floors":[12],"is_endless":false,"potions_floor_spawned":[1,8,10],"killed_by":"Hexaghost","ascension_level":20}