{"gold_per_floor":[119,38,52,68,79,79,92,92,146,146,171,171,171,171,171,171],"floor_reached":16,"playtime":603,"items_purged":[],"score":175,"play_id":"0b9067c8-65bd-4197-afac-38be3fd8fcd2","local_time":"20180803153106","is_ascension_mode":true,"campfire_choices":[{"data":"Bash","floor":6.0,"key":"SMITH"},{"data":"Clothesline","floor":8.0,"key":"SMITH"},{"data":"Disarm","floor":10.0,"key":"SMITH"},{"data":"Corruption","floor":15,"key":"SMITH"}],"neow_cost":"NONE","seed_source_timestamp":109460804192511,"circlet_count":0,"master_deck":["Strike_R","Strike_R","Strike_R","Defend_R","Defend_R","Defend_R","Defend_R","Bash+1","AscendersBane","Fiend Fire","Twin Strike","Corruption+1","Iron Wave","Disarm+1","Clothesline+1"],"special_seed":0,"relics":["Burning Blood","Ancient Tea Set","Dodecahedron"],"potions_floor_usage":[],"damage_taken":[{"damage":1.0,"enemies":"2 Louse","floor":1.0,"turns":3.0},{"damage":0.0,"enemies":"Small Slimes","floor":3.0,"turns":2.0},{"damage":7.0,"enemies":"Jaw Worm","floor":4.0,"turns":3.0},{"damage":25.0,"enemies":"Gremlin Gang","floor":5.0,"turns":6.0},{"damage":19.0,"enemies":"2 Fungi Beasts","floor":7.0,"turns":5.0},{"damage":36,"enemies":"3 Sentries","floor":11,"turns":9},{"damage":60,"enemies":"Slime Boss","floor":16,"turns":8}],"seed_played":"-1107548178536164754","potions_obtained":[{"floor":4.0,"key":"FairyPotion"},{"floor":5.0,"key":"Energy Potion"},{"floor":11,"key":"FairyPotion"}],"is_trial":false,"path_per_floor":["M","$","M","M","M","R","M","R","T","R","E","?","?","?","R"],"character_chosen":"IRONCLAD","items_purchased":["Corruption"],"campfire_rested":0,"item_purchase_floors":[2],"current_hp_per_floor":[73,73,75,74,55,55,42,42,42,42,12,12,5,30,30,0],"gold":171,"neow_bonus":"TRANSFORM_CARD","is_prod":false,"is_daily":false,"chose_seed":false,"campfire_upgraded":4,"win_rate":0,"timestamp":1533335466,"path_taken":["M","$","M","M","M","R","M","R","T","R","E","?","?","?","R","BOSS"],"build_version":"2018-08-01","purchased_purges":0,"victory":false,"max_hp_per_floor":[75,75,75,75,75,75,75,75,75,75,75,75,75,75,75,75],"card_choices":[{"not_picked":["Perfected Strike","Cleave"],"picked":"Twin Strike","floor":1.0},{"not_picked":["Headbutt","Seeing Red"],"picked":"Iron Wave","floor":3.0},{"not_picked":["Corruption","Rage"],"picked":"Disarm","floor":4.0},{"not_picked":["Sever Soul","Body Slam"],"picked":"Clothesline","floor":5.0},{"not_picked":["Power Through","Burning Pact","Havoc"],"picked":"SKIP","floor":7.0},{"not_picked":["Combust","Headbutt","Burning Pact"],"picked":"SKIP","floor":11}],"player_experience":837868,"relics_obtained":[{"floor":9.0,"key":"Ancient Tea Set"},{"floor":11,"key":"Dodecahedron"}],"event_choices":[{"event_name":"Liars Game","player_choice":"disagreed","floor":12,"damage_taken":0},{"event_name":"Golden Wing","player_choice":"Card Removal","floor":13,"damage_taken":0},{"event_name":"Big Fish","player_choice":"Banana","floor":14,"damage_taken":0}],"is_beta":true,"boss_relics":[],"items_purged_floors":[],"is_endless":false,"potions_floor_spawned":[4,5,11],"killed_by":"Slime Boss","ascension_level":15}