{"gold_per_floor":[118,135,145,156,121,121,155,155,180,193,193,343,343,343,343,417,417,430,448,458,471,471,471,471,471,498,498],"floor_reached":27,"playtime":1611,"items_purged":[],"score":426,"play_id":"36eb5c27-0f68-4cf9-a860-24f21a1ff511","local_time":"20190429183948","is_ascension_mode":true,"campfire_choices":[{"data":"Zap","floor":6,"key":"SMITH"},{"data":"Hologram","floor":8,"key":"SMITH"},{"data":"Loop","floor":11,"key":"SMITH"},{"data":"Dualcast","floor":13,"key":"SMITH"},{"data":"Conserve Battery","floor":15,"key":"SMITH"},{"floor":23,"key":"REST"},{"floor":25,"key":"REST"}],"neow_cost":"NONE","seed_source_timestamp":606160475317743,"circlet_count":0,"master_deck":["AscendersBane","Strike_B","Strike_B","Strike_B","Strike_B","Defend_B","Defend_B","Defend_B","Defend_B","Zap+1","Dualcast+1","Conserve Battery+1","Ball Lightning","Hologram+1","Glacier","Echo Form","Loop+1","Doubt","Fission","Coolheaded","Steam+1","Coolheaded","Steam Power","Ghostly","Ghostly+1","Ghostly","Decay"],"relics":["Cracked Core","Anchor","Letter Opener","Runic Dome","War Paint"],"potions_floor_usage":[7,16,20,21,27],"damage_taken":[{"damage":0,"enemies":"2 Louse","floor":1,"turns":2},{"damage":2,"enemies":"Jaw Worm","floor":2,"turns":3},{"damage":7,"enemies":"Small Slimes","floor":3,"turns":3},{"damage":6,"enemies":"Blue Slaver","floor":4,"turns":4},{"damage":55,"enemies":"Gremlin Nob","floor":7,"turns":5},{"damage":2,"enemies":"3 Louse","floor":10,"turns":3},{"damage":2,"enemies":"Hexaghost","floor":16,"turns":13},{"damage":29,"enemies":"2 Thieves","floor":18,"turns":5},{"damage":1,"enemies":"Spheric Guardian","floor":19,"turns":5},{"damage":24,"enemies":"Shelled Parasite and Fungi","floor":20,"turns":7},{"damage":0,"enemies":"Snecko","floor":21,"turns":6},{"damage":32,"enemies":"Gremlin Leader","floor":27,"turns":9}],"seed_played":"-6048994758145065531","potions_obtained":[{"floor":2,"key":"EssenceOfSteel"},{"floor":3,"key":"PowerPotion"},{"floor":16,"key":"Dexterity Potion"},{"floor":19,"key":"Fire Potion"},{"floor":21,"key":"Dexterity Potion"}],"is_trial":false,"path_per_floor":["M","M","M","M","?","R","E","R","T","M","R","?","R","T","R","B",null,"M","M","M","M","?","R","?","R","T","E"],"character_chosen":"DEFECT","items_purchased":[],"campfire_rested":2,"item_purchase_floors":[],"current_hp_per_floor":[64,62,55,49,66,66,11,11,11,9,9,9,9,9,9,7,55,26,25,1,1,1,11,11,21,21,0],"gold":498,"neow_bonus":"THREE_CARDS","is_prod":false,"is_daily":false,"chose_seed":false,"campfire_upgraded":5,"win_rate":0,"timestamp":1556577588,"path_taken":["M","M","M","M","?","R","E","R","T","M","R","?","R","?","R","BOSS","M","M","M","M","?","R","?","R","T","E"],"build_version":"2019-01-23","purchased_purges":0,"victory":false,"max_hp_per_floor":[71,71,71,71,71,71,71,71,71,71,71,71,71,71,71,71,71,71,71,71,71,35,35,35,35,35,35],"card_choices":[{"not_picked":["Gash","Redo"],"picked":"Conserve Battery","floor":0},{"not_picked":["Leap","Chill"],"picked":"Ball Lightning","floor":1},{"not_picked":["Redo","Aggregate","Gash"],"picked":"SKIP","floor":2},{"not_picked":["Consume","Melter"],"picked":"Hologram","floor":3},{"not_picked":["Redo","Go for the Eyes"],"picked":"Glacier","floor":4},{"not_picked":["Leap","Skim"],"picked":"Echo Form","floor":7},{"not_picked":["Sweeping Beam","Force Field"],"picked":"Loop","floor":10},{"not_picked":["Reboot","All For One"],"picked":"Fission","floor":16},{"not_picked":["Stack","Streamline"],"picked":"Coolheaded","floor":18},{"not_picked":["Go for the Eyes","Redo+1"],"picked":"Steam","floor":19},{"not_picked":["Beam Cell","Rebound"],"picked":"Coolheaded","floor":20},{"not_picked":["Turbo","Beam Cell"],"picked":"Steam Power","floor":21}],"player_experience":2102846,"relics_obtained":[{"floor":7,"key":"Anchor"},{"floor":14,"key":"Letter Opener"},{"floor":26,"key":"War Paint"}],"event_choices":[{"damage_healed":17,"gold_gain":0,"player_choice":"Healed","damage_taken":0,"max_hp_gain":0,"max_hp_loss":0,"event_name":"The Cleric","floor":5,"gold_loss":35},{"damage_healed":0,"gold_gain":150,"player_choice":"AGREE","damage_taken":0,"max_hp_gain":0,"max_hp_loss":0,"event_name":"Liars Game","floor":12,"gold_loss":0,"cards_obtained":["Doubt"]},{"damage_healed":0,"gold_gain":0,"player_choice":"Became a Ghost","damage_taken":0,"max_hp_gain":0,"max_hp_loss":36,"event_name":"Ghosts","floor":22,"gold_loss":0,"cards_obtained":["Ghostly","Ghostly","Ghostly"]},{"damage_healed":0,"gold_gain":0,"player_choice":"Smashed Altar","damage_taken":0,"max_hp_gain":0,"max_hp_loss":0,"event_name":"Forgotten Altar","floor":24,"gold_loss":0,"cards_obtained":["Decay"]}],"is_beta":false,"boss_relics":[{"not_picked":["Runic Pyramid","Lizard Tail"],"picked":"Runic Dome"}],"items_purged_floors":[],"is_endless":false,"potions_floor_spawned":[2,3,16,19,21],"killed_by":"Gremlin Leader","ascension_level":20}