{"gold_per_floor":[109,129,143,30,30,55,55,67,67,86,86],"floor_reached":11,"playtime":550,"items_purged":[],"score":150,"play_id":"934f4aff-baf9-470c-8bd6-30e461328f30","local_time":"20190405151827","is_ascension_mode":true,"campfire_choices":[{"data":"True Grit","floor":7,"key":"SMITH"}],"neow_cost":"NONE","seed_source_timestamp":363859647610579,"circlet_count":0,"master_deck":["AscendersBane","Strike_R","Strike_R","Strike_R","Strike_R","Strike_R","Defend_R","Defend_R","Defend_R","Defend_R","Bash","Twin Strike","Demon Form","Shrug It Off","True Grit+1","Pommel Strike","Body Slam+1"],"relics":["Burning Blood","Kunai","Molten Egg 2"],"potions_floor_usage":[8,11],"damage_taken":[{"damage":1,"enemies":"Cultist","floor":1,"turns":3},{"damage":9,"enemies":"Jaw Worm","floor":2,"turns":3},{"damage":13,"enemies":"2 Louse","floor":3,"turns":3},{"damage":55,"enemies":"3 Sentries","floor":6,"turns":8},{"damage":8,"enemies":"Exordium Thugs","floor":8,"turns":8},{"damage":18,"enemies":"Exordium Wildlife","floor":10,"turns":4},{"damage":13,"enemies":"Lagavulin","floor":11,"turns":5}],"seed_played":"4804223968711098452","potions_obtained":[{"floor":6,"key":"SteroidPotion"}],"is_trial":false,"path_per_floor":["M","M","M","$","?","E","R","M","T","M","E"],"character_chosen":"IRONCLAD","items_purchased":["Fruit Juice"],"campfire_rested":0,"item_purchase_floors":[4],"current_hp_per_floor":[80,77,70,70,70,21,21,19,19,7,0],"gold":86,"neow_bonus":"TEN_PERCENT_HP_BONUS","is_prod":false,"is_daily":false,"chose_seed":false,"campfire_upgraded":1,"win_rate":0,"timestamp":1554491907,"path_taken":["M","?","M","$","?","E","R","M","T","M","E"],"build_version":"2019-01-23","purchased_purges":0,"victory":false,"max_hp_per_floor":[82,82,82,82,82,82,82,82,82,82,87],"card_choices":[{"not_picked":["Wild Strike","Warcry"],"picked":"Twin Strike","floor":1},{"not_picked":["Corruption","True Grit"],"picked":"Demon Form","floor":2},{"not_picked":["Battle Trance","Shockwave"],"picked":"Shrug It Off","floor":3},{"not_picked":["Pommel Strike","Dropkick"],"picked":"True Grit","floor":6},{"not_picked":["Havoc","Armaments"],"picked":"Pommel Strike","floor":8},{"not_picked":["Headbutt+1","Power Through"],"picked":"Body Slam+1","floor":10}],"player_experience":1622966,"relics_obtained":[{"floor":6,"key":"Kunai"},{"floor":9,"key":"Molten Egg 2"}],"event_choices":[{"damage_healed":0,"gold_gain":0,"player_choice":"0 cards matched","damage_taken":0,"max_hp_gain":0,"max_hp_loss":0,"event_name":"Match and Keep!","floor":5,"gold_loss":0,"cards_obtained":[]}],"is_beta":false,"boss_relics":[],"items_purged_floors":[],"is_endless":false,"potions_floor_spawned":[6],"killed_by":"Lagavulin","ascension_level":20}