{"gold_per_floor":[117,136,136,151,167,167,167,185,210,245,262,262,61,73,73,177,177,187,207,221,252,252],"floor_reached":22,"playtime":3907,"items_purged":["Strike_B"],"score":190,"play_id":"a6e8f345-f8ae-42ba-b2ca-5518b2f0bc82","local_time":"20190511194837","is_ascension_mode":false,"campfire_choices":[{"data":"Hologram","floor":7,"key":"SMITH"},{"floor":12,"key":"REST"},{"floor":15,"key":"REST"}],"neow_cost":"NONE","seed_source_timestamp":599943172495516,"circlet_count":0,"master_deck":["Strike_B","Strike_B","Defend_B","Defend_B","Defend_B","Defend_B","Zap","Dualcast","Chaos","Darkness","Self Repair","Hologram+1","Ball Lightning","Redo","Static Discharge","Defragment","Reprogram","Electrodynamics","Fusion","Coolheaded","Coolheaded","Doom and Gloom"],"relics":["Cracked Core","Regal Pillow","Pen Nib","Snecko Eye","Red Mask"],"potions_floor_usage":[10,11,16,16,16,21,22],"damage_taken":[{"damage":7,"enemies":"2 Louse","floor":1,"turns":2},{"damage":7,"enemies":"Cultist","floor":2,"turns":4},{"damage":12,"enemies":"Small Slimes","floor":4,"turns":4},{"damage":11,"enemies":"Blue Slaver","floor":5,"turns":5},{"damage":16,"enemies":"Large Slime","floor":8,"turns":6},{"damage":35,"enemies":"3 Sentries","floor":10,"turns":6},{"damage":6,"enemies":"3 Louse","floor":11,"turns":3},{"damage":21,"enemies":"Blue Slaver","floor":14,"turns":4},{"damage":31,"enemies":"The Guardian","floor":16,"turns":6},{"damage":18,"enemies":"3 Byrds","floor":18,"turns":3},{"damage":27,"enemies":"Shell Parasite","floor":19,"turns":4},{"damage":28,"enemies":"Snake Plant","floor":20,"turns":4},{"damage":21,"enemies":"Masked Bandits","floor":21,"turns":3},{"damage":13,"enemies":"Colosseum Slavers","floor":22,"turns":1}],"seed_played":"5004512314880261842","potions_obtained":[{"floor":1,"key":"Poison Potion"},{"floor":10,"key":"SpeedPotion"},{"floor":11,"key":"FocusPotion"},{"floor":14,"key":"Weak Potion"},{"floor":18,"key":"Strength Potion"},{"floor":21,"key":"Strength Potion"}],"is_trial":false,"path_per_floor":["M","M","?","M","M","?","R","M","T","E","M","R","$","M","R","B",null,"M","M","M","?","?"],"character_chosen":"DEFECT","items_purchased":["PowerPotion","Defragment"],"campfire_rested":2,"item_purchase_floors":[13,13],"current_hp_per_floor":[75,68,68,56,52,45,45,36,36,8,2,41,41,27,66,42,82,64,44,23,9,0],"gold":252,"neow_bonus":"TEN_PERCENT_HP_BONUS","is_prod":false,"is_daily":false,"chose_seed":false,"campfire_upgraded":1,"win_rate":0.0,"timestamp":1557622117,"path_taken":["M","M","?","?","M","?","R","M","T","E","M","R","$","M","R","BOSS","M","M","M","?","?"],"build_version":"2019-01-23","purchased_purges":1,"victory":false,"max_hp_per_floor":[82,82,82,82,82,82,82,82,82,82,82,82,82,82,82,82,82,82,82,82,82,82],"card_choices":[{"not_picked":["Leap","Beam Cell"],"picked":"Chaos","floor":1},{"not_picked":["Ball Lightning","Beam Cell"],"picked":"Darkness","floor":2},{"not_picked":["Steam","Leap"],"picked":"Self Repair","floor":4},{"not_picked":["Beam Cell","Leap"],"picked":"Hologram","floor":5},{"not_picked":["Auto Shields","Streamline"],"picked":"Ball Lightning","floor":8},{"not_picked":["Stack","Hologram"],"picked":"Redo","floor":10},{"not_picked":["Heatsinks","Rip and Tear"],"picked":"Static Discharge","floor":11},{"not_picked":["Steam","Streamline"],"picked":"Reprogram","floor":14},{"not_picked":["Fission","All For One"],"picked":"Electrodynamics","floor":16},{"not_picked":["Blizzard","Compile Driver"],"picked":"Fusion","floor":18},{"not_picked":["Streamline","Ball Lightning+1"],"picked":"Coolheaded","floor":19},{"not_picked":["Beam Cell","Aggregate"],"picked":"Coolheaded","floor":20},{"not_picked":["Gash","Redo+1"],"picked":"Doom and Gloom","floor":21}],"player_experience":43167,"relics_obtained":[{"floor":9,"key":"Regal Pillow"},{"floor":10,"key":"Pen Nib"},{"floor":21,"key":"Red Mask"}],"event_choices":[{"damage_healed":0,"gold_gain":0,"player_choice":"Ignored","damage_taken":0,"max_hp_gain":0,"max_hp_loss":0,"event_name":"NoteForYourself","floor":3,"gold_loss":0},{"cards_removed":["Strike_B"],"damage_healed":0,"gold_gain":0,"player_choice":"Card Removal","damage_taken":7,"max_hp_gain":0,"max_hp_loss":0,"event_name":"Golden Wing","floor":6,"gold_loss":0},{"damage_healed":0,"gold_gain":0,"player_choice":"Fought Bandits","damage_taken":0,"max_hp_gain":0,"max_hp_loss":0,"event_name":"Masked Bandits","floor":21,"gold_loss":0},{"damage_healed":0,"gold_gain":0,"player_choice":"Fight","damage_taken":0,"max_hp_gain":0,"max_hp_loss":0,"event_name":"Colosseum","floor":22,"gold_loss":0}],"is_beta":false,"boss_relics":[{"not_picked":["Empty Cage","Eternal Feather"],"picked":"Snecko Eye"}],"items_purged_floors":[13],"is_endless":false,"potions_floor_spawned":[1,10,11,14,18,21],"killed_by":"Colosseum Slavers","ascension_level":0}