{"gold_per_floor":[117,117,82,102,119,119,169,169,192,212,212],"floor_reached":11,"playtime":340,"items_purged":[],"score":126,"play_id":"a10abada-c714-4546-8a24-8324890cc67e","local_time":"20190106220738","is_ascension_mode":true,"campfire_choices":[{"data":"Zap","floor":6,"key":"SMITH"},{"data":"Blind","floor":8,"key":"SMITH"}],"neow_cost":"TEN_PERCENT_HP_LOSS","seed_source_timestamp":38359686761154,"circlet_count":0,"master_deck":["AscendersBane","Strike_B","Strike_B","Strike_B","Strike_B","Defend_B","Defend_B","Defend_B","Defend_B","Zap+1","Dualcast","Panacea","Blind+1","Stack","Sweeping Beam","Conserve Battery","Ball Lightning"],"relics":["Cracked Core","Smiling Mask","Ancient Tea Set"],"potions_floor_usage":[11],"damage_taken":[{"damage":7,"enemies":"2 Louse","floor":1,"turns":2},{"damage":11,"enemies":"Small Slimes","floor":4,"turns":4},{"damage":0,"enemies":"Cultist","floor":5,"turns":5},{"damage":9,"enemies":"Blue Slaver","floor":10,"turns":4},{"damage":55,"enemies":"Gremlin Nob","floor":11,"turns":4}],"seed_played":"3345336858620753939","potions_obtained":[{"floor":1,"key":"EssenceOfSteel"},{"floor":5,"key":"Fire Potion"}],"is_trial":false,"path_per_floor":["M","?","?","M","M","R","?","R","T","M","E"],"character_chosen":"DEFECT","items_purchased":[],"campfire_rested":0,"item_purchase_floors":[],"current_hp_per_floor":[57,39,55,44,44,44,44,44,44,35,0],"gold":212,"neow_bonus":"RANDOM_COLORLESS_2","is_prod":false,"is_daily":false,"chose_seed":false,"campfire_upgraded":2,"win_rate":0,"timestamp":1546837658,"path_taken":["M","?","?","M","M","R","?","R","T","M","E"],"build_version":"2019-01-03v4","purchased_purges":0,"victory":false,"max_hp_per_floor":[64,64,64,64,64,64,64,64,64,64,64],"card_choices":[{"not_picked":["Skim","Undo"],"picked":"Stack","floor":1},{"not_picked":["Steam","Go for the Eyes"],"picked":"Sweeping Beam","floor":4},{"not_picked":["Redo","Compile Driver"],"picked":"Conserve Battery","floor":5},{"not_picked":["Redo","Stack"],"picked":"Ball Lightning","floor":10}],"player_experience":1030257,"relics_obtained":[{"floor":9,"key":"Ancient Tea Set"}],"event_choices":[{"damage_healed":0,"gold_gain":0,"player_choice":"Success","damage_taken":18,"relics_obtained":["Smiling Mask"],"max_hp_gain":0,"max_hp_loss":0,"event_name":"Scrap Ooze","floor":2,"gold_loss":0},{"damage_healed":16,"gold_gain":0,"player_choice":"Healed","damage_taken":0,"max_hp_gain":0,"max_hp_loss":0,"event_name":"The Cleric","floor":3,"gold_loss":35},{"damage_healed":0,"gold_gain":50,"player_choice":"Pray","damage_taken":0,"max_hp_gain":0,"max_hp_loss":0,"event_name":"Golden Shrine","floor":7,"gold_loss":0}],"is_beta":true,"boss_relics":[],"items_purged_floors":[],"is_endless":false,"potions_floor_spawned":[1,5],"killed_by":"Gremlin Nob","ascension_level":20}