{"gold_per_floor":[118,135,185,18,35,35,49,49,72,86,117,117,117,149,149,149],"floor_reached":16,"playtime":979,"items_purged":[],"score":220,"play_id":"a0fd3714-6ded-4379-a647-ea9bd66236e3","local_time":"20190429180313","is_ascension_mode":true,"campfire_choices":[{"data":"Neutralize","floor":6.0,"key":"SMITH"},{"data":"Finisher","floor":8.0,"key":"SMITH"},{"data":"Dagger Spray","floor":12,"key":"SMITH"},{"data":"Caltrops","floor":15,"key":"SMITH"}],"neow_cost":"NONE","seed_source_timestamp":604541273809733,"circlet_count":0,"master_deck":["AscendersBane","Defend_G","Defend_G","Defend_G","Defend_G","Defend_G","Strike_G","Strike_G","Strike_G","Strike_G","Survivor","Neutralize+1","Venomology","Finisher+1","Deadly Poison","Dodge and Roll","Dagger Spray+1","Caltrops+1"],"special_seed":0,"relics":["Ring of the Snake","Oddly Smooth Stone","Anchor","Ancient Tea Set","FossilizedHelix"],"potions_floor_usage":[11,11,14,14,16],"damage_taken":[{"damage":0.0,"enemies":"Cultist","floor":1.0,"turns":4.0},{"damage":0.0,"enemies":"2 Louse","floor":2.0,"turns":4.0},{"damage":0.0,"enemies":"Small Slimes","floor":5.0,"turns":4.0},{"damage":9.0,"enemies":"3 Louse","floor":7.0,"turns":4.0},{"damage":0.0,"enemies":"Exordium Wildlife","floor":10.0,"turns":6.0},{"damage":4,"enemies":"3 Sentries","floor":11,"turns":6},{"damage":1,"enemies":"Lagavulin","floor":14,"turns":5},{"damage":41,"enemies":"Hexaghost","floor":16,"turns":9}],"seed_played":"-156540635827357142","potions_obtained":[{"floor":10.0,"key":"GhostInAJar"},{"floor":14,"key":"Swift Potion"}],"is_trial":false,"path_per_floor":["M","M","?","$","M","R","M","R","T","M","E","R","?","E","R","B"],"character_chosen":"THE_SILENT","items_purchased":["Oddly Smooth Stone"],"campfire_rested":0,"item_purchase_floors":[4],"current_hp_per_floor":[59,59,53,53,53,53,44,44,44,44,40,40,40,39,39,0],"gold":149,"neow_bonus":"ONE_RANDOM_RARE_CARD","is_prod":false,"is_daily":false,"chose_seed":false,"campfire_upgraded":4,"win_rate":0,"timestamp":1556575393,"path_taken":["M","M","?","$","?","R","M","R","T","?","E","R","?","E","R","BOSS"],"build_version":"2019-01-23","purchased_purges":0,"victory":false,"max_hp_per_floor":[66,66,66,66,66,66,66,66,66,66,66,66,66,66,66,66],"card_choices":[{"not_picked":["Blur","Flechettes"],"picked":"Finisher","floor":1.0},{"not_picked":["Distraction","Setup"],"picked":"Deadly Poison","floor":2.0},{"not_picked":["Sucker Punch","Eviscerate","Blade Dance"],"picked":"SKIP","floor":5.0},{"not_picked":["Backflip","Expertise"],"picked":"Dodge and Roll","floor":7.0},{"not_picked":["Acrobatics","Calculated Gamble"],"picked":"Dagger Spray","floor":10.0},{"not_picked":["Underhanded Strike","Distraction","Outmaneuver"],"picked":"SKIP","floor":11},{"not_picked":["Dagger Throw","Prepared"],"picked":"Caltrops","floor":14}],"player_experience":2101358,"relics_obtained":[{"floor":9.0,"key":"Anchor"},{"floor":11,"key":"Ancient Tea Set"},{"floor":14,"key":"FossilizedHelix"}],"event_choices":[{"damage_healed":0.0,"max_hp_gain":0.0,"max_hp_loss":0.0,"gold_gain":50.0,"event_name":"FaceTrader","player_choice":"Touch","floor":3.0,"gold_loss":0.0,"damage_taken":6.0},{"cards_removed":["Strike_G"],"damage_healed":0,"gold_gain":0,"player_choice":"Purged","damage_taken":0,"max_hp_gain":0,"max_hp_loss":0,"event_name":"Purifier","floor":13,"gold_loss":0}],"is_beta":false,"boss_relics":[],"items_purged_floors":[],"is_endless":false,"potions_floor_spawned":[10,14],"killed_by":"Hexaghost","ascension_level":20}