{"gold_per_floor":[114,127,127,127,127,154,189,154,235,310,117,117,131,171,171,171],"floor_reached":16,"playtime":418,"items_purged":[],"score":212,"play_id":"ebf24e70-00cd-4492-8f18-742e9a5708ce","local_time":"20190411013831","is_ascension_mode":true,"campfire_choices":[{"data":"Hyperbeam","floor":12,"key":"SMITH"},{"floor":15,"key":"REST"}],"neow_cost":"TEN_PERCENT_HP_LOSS","seed_source_timestamp":34944797695288,"circlet_count":0,"master_deck":["AscendersBane","Strike_B","Strike_B","Strike_B","Strike_B","Defend_B","Defend_B+1","Defend_B","Defend_B+1","Zap","Dualcast","Hyperbeam+1","Chill","Sweeping Beam","Ball Lightning","Ball Lightning","Conserve Battery"],"relics":["Cracked Core","Juzu Bracelet","Golden Idol","Ginger","Pear","DataDisk","Anchor"],"potions_floor_usage":[16],"damage_taken":[{"damage":9,"enemies":"Jaw Worm","floor":1,"turns":4},{"damage":0,"enemies":"2 Louse","floor":2,"turns":2},{"damage":10,"enemies":"3 Sentries","floor":7,"turns":4},{"damage":0,"enemies":"Small Slimes","floor":13,"turns":1},{"damage":28,"enemies":"Gremlin Nob","floor":14,"turns":4},{"damage":33,"enemies":"The Guardian","floor":16,"turns":4}],"seed_played":"5443825144366612324","potions_obtained":[{"floor":7,"key":"Dexterity Potion"},{"floor":14,"key":"Ancient Potion"}],"is_trial":false,"path_per_floor":["M","M","?","?","?","T","E","?","T","?","$","R","M","E","R","B"],"character_chosen":"DEFECT","items_purchased":["DataDisk","Ball Lightning"],"campfire_rested":1,"item_purchase_floors":[11,11],"current_hp_per_floor":[55,55,50,50,33,33,23,37,47,36,36,36,36,8,28,0],"gold":171,"neow_bonus":"THREE_RARE_CARDS","is_prod":false,"is_daily":false,"chose_seed":false,"campfire_upgraded":1,"win_rate":0,"timestamp":1554961111,"path_taken":["M","M","?","?","?","?","E","?","T","?","$","R","M","E","R","BOSS"],"build_version":"2019-01-23","purchased_purges":0,"victory":false,"max_hp_per_floor":[64,64,64,58,58,58,58,58,68,68,68,68,68,68,68,68],"card_choices":[{"not_picked":["Rainbow","Buffer"],"picked":"Hyperbeam","floor":0},{"not_picked":["Turbo","Barrage"],"picked":"Chill","floor":1},{"not_picked":["Beam Cell","Chill"],"picked":"Sweeping Beam","floor":2},{"not_picked":["Hologram","Redo"],"picked":"Ball Lightning","floor":7},{"not_picked":["Hello World","Ball Lightning"],"picked":"Conserve Battery","floor":13},{"not_picked":["Redo","Hologram","Stack"],"picked":"SKIP","floor":14}],"player_experience":1788622,"relics_obtained":[{"floor":7,"key":"Ginger"},{"floor":9,"key":"Pear"},{"floor":14,"key":"Anchor"}],"event_choices":[{"damage_healed":0,"gold_gain":0,"player_choice":"Success","damage_taken":5,"relics_obtained":["Juzu Bracelet"],"max_hp_gain":0,"max_hp_loss":0,"event_name":"Scrap Ooze","floor":3,"gold_loss":0},{"damage_healed":0,"gold_gain":0,"player_choice":"Lose Max HP","damage_taken":0,"relics_obtained":["Golden Idol"],"max_hp_gain":0,"max_hp_loss":6,"event_name":"Golden Idol","floor":4,"gold_loss":0},{"damage_healed":0,"gold_gain":0,"player_choice":"Entered Light","damage_taken":17,"max_hp_gain":0,"max_hp_loss":0,"event_name":"Shining Light","floor":5,"gold_loss":0,"cards_upgraded":["Defend_B","Defend_B"]},{"damage_healed":14,"gold_gain":0,"player_choice":"Healed","damage_taken":0,"max_hp_gain":0,"max_hp_loss":0,"event_name":"The Cleric","floor":8,"gold_loss":35},{"damage_healed":0,"gold_gain":75,"player_choice":"Gather Gold","damage_taken":11,"max_hp_gain":0,"max_hp_loss":0,"event_name":"World of Goop","floor":10,"gold_loss":0}],"is_beta":false,"boss_relics":[],"items_purged_floors":[],"is_endless":false,"potions_floor_spawned":[7,14],"killed_by":"The Guardian","ascension_level":20}