{"gold_per_floor":[117,117,144,158,158,158,187,187,235,267,280,299,299,325,325,325],"floor_reached":16,"playtime":476,"items_purged":[],"score":236,"play_id":"53c1914a-8b3d-4227-8878-db3b55b36140","local_time":"20190407045639","is_ascension_mode":true,"campfire_choices":[{"data":"Bash","floor":6,"key":"SMITH"},{"data":"Inflame","floor":8,"key":"SMITH"},{"data":"Anger","floor":15,"key":"SMITH"}],"neow_cost":"NONE","seed_source_timestamp":499461928390182,"circlet_count":0,"master_deck":["AscendersBane","Strike_R","Strike_R","Strike_R","Strike_R","Strike_R","Defend_R","Defend_R","Defend_R","Defend_R","Bash+1","Uppercut+1","Anger+1","Inflame+1","Seeing Red"],"relics":["Burning Blood","Bronze Scales","Peace Pipe","Potion Belt","Sundial","Bag of Marbles"],"potions_floor_usage":[14,16],"damage_taken":[{"damage":11,"enemies":"Jaw Worm","floor":1,"turns":5},{"damage":7,"enemies":"Small Slimes","floor":4,"turns":3},{"damage":6,"enemies":"Gremlin Nob","floor":7,"turns":3},{"damage":25,"enemies":"Lagavulin","floor":10,"turns":5},{"damage":2,"enemies":"2 Louse","floor":11,"turns":2},{"damage":9,"enemies":"Blue Slaver","floor":12,"turns":3},{"damage":7,"enemies":"Gremlin Nob","floor":14,"turns":3},{"damage":58,"enemies":"The Guardian","floor":16,"turns":8}],"seed_played":"408322269327742464","potions_obtained":[{"floor":1,"key":"Strength Potion"},{"floor":12,"key":"GamblersBrew"}],"is_trial":false,"path_per_floor":["M","?","T","M","?","R","E","R","T","E","M","M","?","E","R","B"],"character_chosen":"IRONCLAD","items_purchased":[],"campfire_rested":0,"item_purchase_floors":[],"current_hp_per_floor":[70,70,70,69,69,69,69,69,69,50,54,51,56,55,55,0],"gold":325,"neow_bonus":"TEN_PERCENT_HP_BONUS","is_prod":false,"is_daily":false,"chose_seed":false,"campfire_upgraded":3,"win_rate":0,"timestamp":1554627399,"path_taken":["M","?","?","M","?","R","E","R","T","E","M","M","?","E","R","BOSS"],"build_version":"2019-01-23","purchased_purges":0,"victory":false,"max_hp_per_floor":[82,82,82,82,82,82,82,82,82,82,82,82,87,87,87,87],"card_choices":[{"not_picked":["Combust","Headbutt"],"picked":"Uppercut","floor":1},{"not_picked":["Second Wind","Body Slam"],"picked":"Anger","floor":4},{"not_picked":["Perfected Strike","True Grit"],"picked":"Inflame","floor":7},{"not_picked":["Dual Wield","Body Slam","Cleave"],"picked":"SKIP","floor":10},{"not_picked":["Reckless Charge","Sentinel","Headbutt"],"picked":"SKIP","floor":11},{"not_picked":["Twin Strike","Rupture"],"picked":"Seeing Red","floor":12},{"not_picked":["Double Tap","Corruption","Thunderclap"],"picked":"SKIP","floor":14}],"player_experience":1689624,"relics_obtained":[{"floor":3,"key":"Bronze Scales"},{"floor":7,"key":"Peace Pipe"},{"floor":9,"key":"Potion Belt"},{"floor":10,"key":"Sundial"},{"floor":14,"key":"Bag of Marbles"}],"event_choices":[{"damage_healed":0,"gold_gain":0,"player_choice":"Grow","damage_taken":0,"max_hp_gain":0,"max_hp_loss":0,"event_name":"Living Wall","floor":2,"gold_loss":0,"cards_upgraded":["Uppercut"]},{"damage_healed":0,"gold_gain":0,"player_choice":"Ignored","damage_taken":0,"max_hp_gain":0,"max_hp_loss":0,"event_name":"Liars Game","floor":5,"gold_loss":0},{"damage_healed":0,"gold_gain":0,"player_choice":"Donut","damage_taken":0,"max_hp_gain":5,"max_hp_loss":0,"event_name":"Big Fish","floor":13,"gold_loss":0}],"is_beta":false,"boss_relics":[],"items_purged_floors":[],"is_endless":false,"potions_floor_spawned":[1,12],"killed_by":"The Guardian","ascension_level":20}