{"gold_per_floor":[10,10,23,37,37,37,2,2,2,32,53,86,98,149,161,173],"floor_reached":16,"playtime":584,"items_purged":[],"score":216,"play_id":"4e08afad-52d5-48ab-b7eb-8f3efe53aae7","local_time":"20190506151723","is_ascension_mode":true,"campfire_choices":[{"data":"Cloak And Dagger","floor":6.0,"key":"SMITH"},{"data":"Quick Slash","floor":8.0,"key":"SMITH"},{"floor":13.0,"key":"REST"},{"floor":15,"key":"REST"}],"neow_cost":"NO_GOLD","seed_source_timestamp":1199554896427636,"circlet_count":0,"master_deck":["AscendersBane","Defend_G","Defend_G","Defend_G","Defend_G","Defend_G","Strike_G","Strike_G","Strike_G","Survivor","Neutralize+1","Quick Slash+1","Backstab","Cloak And Dagger+1","Poisoned Stab"],"special_seed":0,"relics":["Ring of the Snake","Golden Idol","Blood Vial","Tiny Chest","MawBank","PreservedInsect"],"potions_floor_usage":[14,14],"damage_taken":[{"damage":24.0,"enemies":"Jaw Worm","floor":1.0,"turns":10.0},{"damage":0.0,"enemies":"2 Louse","floor":3.0,"turns":3.0},{"damage":0.0,"enemies":"Small Slimes","floor":4.0,"turns":2.0},{"damage":2.0,"enemies":"Blue Slaver","floor":11.0,"turns":4.0},{"damage":7.0,"enemies":"3 Sentries","floor":12.0,"turns":9.0},{"damage":42,"enemies":"Lagavulin","floor":14,"turns":11},{"damage":38,"enemies":"Slime Boss","floor":16,"turns":3}],"seed_played":"-743712116555137358","potions_obtained":[{"floor":4.0,"key":"Weak Potion"},{"floor":11.0,"key":"PowerPotion"},{"floor":12.0,"key":"SpeedPotion"}],"is_trial":false,"path_per_floor":["M","?","M","M","?","R","?","R","T","?","M","E","R","E","R","B"],"character_chosen":"THE_SILENT","items_purchased":[],"campfire_rested":2,"item_purchase_floors":[],"current_hp_per_floor":[35,35,35,35,35,35,50,50,50,32,32,27,45,5,23,0],"gold":173,"neow_bonus":"REMOVE_TWO","is_prod":false,"is_daily":false,"chose_seed":false,"campfire_upgraded":2,"win_rate":0,"timestamp":1557170243,"path_taken":["M","?","M","M","?","R","?","R","T","?","M","E","R","E","R","BOSS"],"build_version":"2019-01-23","purchased_purges":0,"victory":false,"max_hp_per_floor":[66,66,66,66,60,60,60,60,60,60,60,60,60,60,60,60],"card_choices":[{"not_picked":["Slice","Backflip"],"picked":"Quick Slash","floor":1.0},{"not_picked":["Deadly Poison","Blur"],"picked":"Backstab","floor":3.0},{"not_picked":["Flying Knee","Poisoned Stab"],"picked":"Cloak And Dagger","floor":4.0},{"not_picked":["Tactician","Backflip"],"picked":"Poisoned Stab","floor":11.0},{"not_picked":["Flying Knee","Underhanded Strike","Blade Dance"],"picked":"SKIP","floor":12.0},{"not_picked":["Endless Agony","Sucker Punch","Quick Slash"],"picked":"SKIP","floor":14}],"player_experience":2411348,"relics_obtained":[{"floor":9.0,"key":"Blood Vial"},{"floor":12.0,"key":"MawBank"},{"floor":14,"key":"PreservedInsect"}],"event_choices":[{"damage_healed":0.0,"max_hp_gain":0.0,"max_hp_loss":0.0,"gold_gain":0.0,"event_name":"Living Wall","player_choice":"Grow","floor":2.0,"gold_loss":0.0,"damage_taken":0.0,"cards_upgraded":["Neutralize"]},{"damage_healed":0.0,"max_hp_gain":0.0,"max_hp_loss":6.0,"gold_gain":0.0,"event_name":"Golden Idol","player_choice":"Lose Max HP","floor":5.0,"gold_loss":0.0,"damage_taken":0.0,"relics_obtained":["Golden Idol"]},{"damage_healed":15.0,"max_hp_gain":0.0,"max_hp_loss":0.0,"gold_gain":0.0,"event_name":"The Cleric","player_choice":"Healed","floor":7.0,"gold_loss":35.0,"damage_taken":0.0},{"damage_healed":0.0,"max_hp_gain":0.0,"max_hp_loss":0.0,"gold_gain":0.0,"event_name":"Scrap Ooze","player_choice":"Success","floor":10.0,"gold_loss":0.0,"damage_taken":18.0,"relics_obtained":["Tiny Chest"]}],"is_beta":false,"boss_relics":[],"items_purged_floors":[],"is_endless":false,"potions_floor_spawned":[4,11,12],"killed_by":"Slime Boss","ascension_level":20}