{"path_per_floor":["M","M","M","$","?","E","?","R","T","T","?","M","E","M","R","B",null,"M","$","M","M","?","E","R","M","T","M","E","R","$","M","R","B",null,"M","M","?","$","?","?","E","R","T","R","M","$","M","M","R"],"character_chosen":"THE_SILENT","items_purchased":["Mercury Hourglass","Noxious Fumes","Flying Knee"],"gold_per_floor":[215,226,242,2,2,34,34,34,34,34,34,45,70,88,88,163,163,88,0,0,0,0,0,0,0,0,0,0,0,0,0,0,0,0,0,0,0,0,0,0,0,0,0,0,0,0,0,0,0,0],"floor_reached":50,"campfire_rested":7,"playtime":2819,"current_hp_per_floor":[59,59,58,58,58,36,18,37,37,37,17,19,5,7,26,28,57,39,39,36,36,36,21,40,39,39,27,14,33,33,21,40,52,63,64,66,66,66,47,47,43,43,43,66,43,43,26,14,48,0],"items_purged":[],"gold":0,"score":1026,"play_id":"9ea6c7d0-8449-4e22-a49a-1b4cf7a14877","local_time":"20180419005130","is_prod":false,"is_daily":false,"chose_seed":false,"is_ascension_mode":true,"campfire_upgraded":1,"timestamp":1524113490,"path_taken":["M","M","M","$","?","E","?","R","T","?","?","?","E","M","R","BOSS","M","$","M","M","?","E","R","M","T","?","E","R","$","M","R","BOSS","M","M","?","?","?","?","E","R","T","R","M","?","M","?","R","BOSS"],"build_version":"2018-04-12","seed_source_timestamp":297145230414780,"purchased_purges":2,"victory":false,"master_deck":["Defend_G+1","Defend_G","Defend_G","Defend_G","Defend_G","Strike_G","Strike_G","Strike_G","Strike_G+1","Survivor","Neutralize+1","AscendersBane","Well Laid Plans","Quick Slash","Malaise","Riddle With Holes+1","Infinite Blades","Flying Knee","Doppelganger","Cloak And Dagger+1","Noxious Fumes","Flying Knee","Finisher","Slice+1","Adrenaline","A Thousand Cuts+1","Terror+1","Blur","Acrobatics+1","Envenom","Underhanded Strike+1","Tactician","Finesse","Eviscerate+1","Calculated Gamble+1","Flying Knee+1"],"max_hp_per_floor":[66,66,66,66,66,66,66,66,66,66,66,66,66,66,66,66,66,66,66,66,66,66,66,66,66,66,66,66,66,66,66,66,66,66,66,66,66,66,66,66,66,66,66,66,66,66,66,66,66,66],"relics":["Mercury Hourglass","Whetstone","Bag of Preparation","Kunai","Blood Vial","Matryoshka","Ectoplasm","Nloth\u0027s Gift","Tingsha","Ancient Tea Set","Letter Opener","Pantograph","Runic Dome","Ice Cream","Regal Pillow","Art of War","Frozen Egg 2"],"card_choices":[{"not_picked":["Dodge and Roll","Dagger Throw"],"picked":"Well Laid Plans","floor":1},{"not_picked":["Poisoned Stab","Acrobatics"],"picked":"Quick Slash","floor":2},{"not_picked":["Dagger Throw","PiercingWail"],"picked":"Malaise","floor":3},{"not_picked":["Blade Dance","Distraction"],"picked":"Riddle With Holes","floor":6},{"not_picked":["Poisoned Stab","Crippling Poison"],"picked":"Infinite Blades","floor":13},{"not_picked":["Bane","Slice"],"picked":"Flying Knee","floor":14},{"not_picked":["Night Terror","Envenom"],"picked":"Doppelganger","floor":16},{"not_picked":["Prepared","Choke"],"picked":"Cloak And Dagger","floor":18},{"not_picked":["Cloak And Dagger","Acrobatics"],"picked":"Finisher","floor":20},{"not_picked":["Bane","Underhanded Strike"],"picked":"Slice","floor":21},{"not_picked":["Poisoned Stab","Outmaneuver"],"picked":"Adrenaline","floor":23},{"not_picked":["Poisoned Stab","Prepared"],"picked":"A Thousand Cuts","floor":25},{"not_picked":["Crippling Poison","Night Terror"],"picked":"Terror","floor":27},{"not_picked":["Quick Slash","Burst"],"picked":"Blur","floor":28},{"not_picked":["Distraction","Setup"],"picked":"Acrobatics","floor":31},{"not_picked":["Venomology","Bullet Time"],"picked":"Envenom","floor":33},{"not_picked":["Infinite Blades","Blade Dance"],"picked":"Underhanded Strike","floor":35},{"not_picked":["Acrobatics","Backstab"],"picked":"Tactician","floor":36},{"not_picked":["Madness","Swift Strike"],"picked":"Finesse","floor":37},{"not_picked":["Doppelganger","Terror"],"picked":"Eviscerate","floor":39},{"not_picked":["Cloak And Dagger","Dagger Throw"],"picked":"Calculated Gamble","floor":45},{"not_picked":["Bane","Cloak And Dagger"],"picked":"Flying Knee","floor":48}],"player_experience":902963,"potions_floor_usage":[13,16,18,21,25,28,47,50,50],"damage_taken":[{"damage":0,"enemies":"Small Slimes","floor":1,"turns":3},{"damage":0,"enemies":"2 Louse","floor":2,"turns":6},{"damage":1,"enemies":"Cultist","floor":3,"turns":4},{"damage":22,"enemies":"3 Sentries","floor":6,"turns":9},{"damage":0,"enemies":"Large Slime","floor":12,"turns":5},{"damage":16,"enemies":"Gremlin Nob","floor":13,"turns":5},{"damage":0,"enemies":"Exordium Wildlife","floor":14,"turns":3},{"damage":0,"enemies":"The Guardian","floor":16,"turns":12},{"damage":20,"enemies":"2 Thieves","floor":18,"turns":5},{"damage":5,"enemies":"Spheric Guardian","floor":20,"turns":4},{"damage":2,"enemies":"Cultist and Chosen","floor":21,"turns":6},{"damage":17,"enemies":"Book of Stabbing","floor":23,"turns":6},{"damage":3,"enemies":"3 Cultists","floor":25,"turns":4},{"damage":14,"enemies":"Snake Plant","floor":27,"turns":4},{"damage":15,"enemies":"Gremlin Leader","floor":28,"turns":4},{"damage":14,"enemies":"Snecko","floor":31,"turns":5},{"damage":14,"enemies":"Automaton","floor":33,"turns":9},{"damage":1,"enemies":"Orb Walker","floor":35,"turns":3},{"damage":0,"enemies":"3 Shapes","floor":36,"turns":3},{"damage":19,"enemies":"Mysterious Sphere","floor":39,"turns":4},{"damage":6,"enemies":"Nemesis","floor":41,"turns":5},{"damage":23,"enemies":"Sphere and 2 Shapes","floor":45,"turns":4},{"damage":19,"enemies":"4 Shapes","floor":47,"turns":5},{"damage":14,"enemies":"Maw","floor":48,"turns":6},{"damage":70,"enemies":"Awakened One","floor":50,"turns":5}],"event_choices":[{"event_name":"Liars Game","player_choice":"disagreed","floor":5,"damage_taken":0},{"event_name":"Scrap Ooze","player_choice":"success","floor":7,"damage_taken":18},{"event_name":"Shining Light","player_choice":"Entered Light","floor":11,"damage_taken":0},{"event_name":"N\u0027loth","player_choice":"Traded a Ring of the Snake","floor":22,"damage_taken":0},{"event_name":"SensoryStone","player_choice":"Memory 1","floor":37,"damage_taken":0},{"event_name":"Mysterious Sphere","player_choice":"Fight","floor":39,"damage_taken":0},{"event_name":"Wheel of Change","player_choice":"Card Removal","floor":40,"damage_taken":0}],"boss_relics":[{"not_picked":["Calling Bell","Black Star"],"picked":"Ectoplasm"},{"not_picked":["Snecko Eye","Astrolabe"],"picked":"Runic Dome"}],"potions_floor_spawned":[3,13,16,20,21,27,33,41,45],"seed_played":"-1065511658492702655","killed_by":"Awakened One","ascension_level":15,"is_trial":false}