{"gold_per_floor":[109,109,109,122,122,122,136,149,228,70,70,70,82,116,116,192,192,203,203,118,133,152,152,186,202,202,202,127,154,154,173,173,245,245,257,36,54,66,80,80],"floor_reached":40,"playtime":1986,"items_purged":["Strike_R"],"score":714,"play_id":"e800a958-5807-473b-8c96-5c7cea056f71","local_time":"20181224212440","is_ascension_mode":true,"campfire_choices":[{"data":"True Grit","floor":6,"key":"SMITH"},{"data":"Metallicize","floor":12,"key":"SMITH"},{"data":"Disarm","floor":15,"key":"SMITH"},{"data":"Body Slam","floor":23,"key":"SMITH"},{"floor":27,"key":"REST"},{"data":"Metallicize","floor":30,"key":"SMITH"},{"floor":32,"key":"REST"}],"neow_cost":"NONE","seed_source_timestamp":123416989234051,"circlet_count":0,"master_deck":["AscendersBane","Strike_R","Strike_R","Defend_R","Defend_R","Defend_R","Defend_R","Bash+1","True Grit+1","Metallicize+1","Disarm+1","Iron Wave","Shockwave","Shrug It Off","Clothesline","Battle Trance","Offering","Iron Wave","Warcry","Body Slam+1","Metallicize+1","Writhe","Body Slam+1","Demon Form","Intimidate+1","Armaments+1","Ghostly Armor+1","Sentinel+1"],"relics":["Burning Blood","Bronze Scales","The Courier","PreservedInsect","Cursed Key","Oddly Smooth Stone","Sundial","Vajra","Mark of Pain","Toxic Egg 2"],"potions_floor_usage":[13,16,33,39,39,40,40],"damage_taken":[{"damage":10,"enemies":"2 Louse","floor":1,"turns":4},{"damage":0,"enemies":"Cultist","floor":4,"turns":4},{"damage":10,"enemies":"Small Slimes","floor":7,"turns":4},{"damage":0,"enemies":"3 Louse","floor":8,"turns":5},{"damage":3,"enemies":"Looter","floor":13,"turns":4},{"damage":18,"enemies":"3 Sentries","floor":14,"turns":11},{"damage":9,"enemies":"Hexaghost","floor":16,"turns":16},{"damage":6,"enemies":"3 Byrds","floor":18,"turns":4},{"damage":12,"enemies":"Colosseum Slavers","floor":19,"turns":6},{"damage":6,"enemies":"Chosen","floor":21,"turns":5},{"damage":16,"enemies":"3 Cultists","floor":22,"turns":9},{"damage":25,"enemies":"Slavers","floor":24,"turns":5},{"damage":11,"enemies":"Sentry and Sphere","floor":25,"turns":8},{"damage":16,"enemies":"Snake Plant","floor":31,"turns":5},{"damage":39,"enemies":"Automaton","floor":33,"turns":14},{"damage":6,"enemies":"Orb Walker","floor":35,"turns":4},{"damage":13,"enemies":"3 Shapes","floor":37,"turns":6},{"damage":24,"enemies":"Sphere and 2 Shapes","floor":38,"turns":9},{"damage":26,"enemies":"Jaw Worm Horde","floor":39,"turns":6},{"damage":41,"enemies":"Reptomancer","floor":40,"turns":12}],"seed_played":"4294284331993871972","potions_obtained":[{"floor":1,"key":"Fire Potion"},{"floor":7,"key":"Poison Potion"},{"floor":24,"key":"SpeedPotion"},{"floor":25,"key":"SteroidPotion"},{"floor":33,"key":"Weak Potion"},{"floor":35,"key":"EntropicBrew"},{"floor":38,"key":"BloodPotion"}],"is_trial":false,"path_per_floor":["M","?","?","M","?","R","M","M","T","$","?","R","M","E","R","B",null,"M","?","?","M","M","R","E","M","T","R","?","T","R","M","R","B",null,"M","$","M","M","M","E"],"character_chosen":"IRONCLAD","items_purchased":["Shockwave","Shrug It Off","Toxic Egg 2","Intimidate+1"],"campfire_rested":2,"item_purchase_floors":[10,10,36,36],"current_hp_per_floor":[64,64,64,70,70,70,66,72,72,72,65,65,68,56,56,53,70,70,64,64,64,54,54,35,30,30,52,52,52,52,42,64,31,64,64,64,57,39,26,0],"gold":80,"neow_bonus":"RANDOM_COMMON_RELIC","is_prod":false,"is_daily":false,"chose_seed":false,"campfire_upgraded":5,"win_rate":0,"timestamp":1545711880,"path_taken":["M","?","?","?","?","R","M","M","T","$","?","R","M","E","R","BOSS","M","?","?","M","M","R","E","M","T","R","?","?","R","M","R","BOSS","M","$","M","M","M","E"],"build_version":"2018-12-20","purchased_purges":1,"victory":false,"max_hp_per_floor":[75,75,75,75,75,75,75,75,75,75,75,75,75,75,75,75,75,75,75,75,75,75,75,75,75,75,75,75,75,75,75,75,75,75,75,75,75,75,75,75],"card_choices":[{"not_picked":["Body Slam","Thunderclap"],"picked":"True Grit","floor":1},{"not_picked":["Iron Wave","Perfected Strike"],"picked":"Metallicize","floor":4},{"not_picked":["Cleave","Thunderclap"],"picked":"Disarm","floor":7},{"not_picked":["Twin Strike","Sword Boomerang"],"picked":"Iron Wave","floor":8},{"not_picked":["Anger","Sword Boomerang"],"picked":"Clothesline","floor":13},{"not_picked":["Combust","Sentinel"],"picked":"Battle Trance","floor":14},{"not_picked":["Impervious","Berserk"],"picked":"Offering","floor":16},{"not_picked":["Perfected Strike","Wild Strike"],"picked":"Iron Wave","floor":18},{"not_picked":["Flex","Perfected Strike"],"picked":"Warcry","floor":21},{"not_picked":["Searing Blow","Fire Breathing"],"picked":"Body Slam","floor":22},{"not_picked":["Seeing Red","Heavy Blade"],"picked":"Metallicize","floor":24},{"not_picked":["Perfected Strike","Wild Strike","Entrench"],"picked":"SKIP","floor":25},{"not_picked":["Combust","Infernal Blade+1"],"picked":"Body Slam+1","floor":31},{"not_picked":["Offering","Reaper"],"picked":"Demon Form","floor":33},{"not_picked":["Thunderclap","Anger","Carnage"],"picked":"SKIP","floor":35},{"not_picked":["Sword Boomerang+1","Thunderclap"],"picked":"Armaments+1","floor":37},{"not_picked":["Uppercut+1","Clash+1"],"picked":"Ghostly Armor+1","floor":38},{"not_picked":["Whirlwind+1","Uppercut"],"picked":"Sentinel+1","floor":39}],"player_experience":990205,"relics_obtained":[{"floor":9,"key":"The Courier"},{"floor":14,"key":"PreservedInsect"},{"floor":24,"key":"Sundial"},{"floor":29,"key":"Vajra"}],"event_choices":[{"damage_healed":0,"gold_gain":0,"player_choice":"Grow","damage_taken":0,"max_hp_gain":0,"max_hp_loss":0,"event_name":"Living Wall","floor":2,"gold_loss":0,"cards_upgraded":["Bash"]},{"cards_removed":["Strike_R"],"damage_healed":0,"gold_gain":0,"player_choice":"Card Removal","damage_taken":0,"max_hp_gain":0,"max_hp_loss":0,"event_name":"Wheel of Change","floor":3,"gold_loss":0},{"damage_healed":0,"gold_gain":0,"player_choice":"Ignored","damage_taken":0,"max_hp_gain":0,"max_hp_loss":0,"event_name":"Liars Game","floor":5,"gold_loss":0},{"cards_removed":["Strike_R"],"damage_healed":0,"gold_gain":0,"player_choice":"Card Removal","damage_taken":7,"max_hp_gain":0,"max_hp_loss":0,"event_name":"Golden Wing","floor":11,"gold_loss":0},{"damage_healed":0,"gold_gain":0,"player_choice":"Fight","damage_taken":0,"max_hp_gain":0,"max_hp_loss":0,"event_name":"Colosseum","floor":19,"gold_loss":0},{"damage_healed":0,"gold_gain":0,"player_choice":"Fled From Nobs","damage_taken":0,"max_hp_gain":0,"max_hp_loss":0,"event_name":"Colosseum","floor":19,"gold_loss":0},{"damage_healed":0,"gold_gain":0,"player_choice":"Obtained Relic","damage_taken":0,"relics_obtained":["Oddly Smooth Stone"],"max_hp_gain":0,"max_hp_loss":0,"event_name":"Addict","floor":20,"gold_loss":85},{"cards_removed":["Clumsy"],"damage_healed":0,"gold_gain":0,"player_choice":"Gave Gold","damage_taken":0,"max_hp_gain":0,"max_hp_loss":0,"event_name":"Beggar","floor":28,"gold_loss":75}],"is_beta":true,"boss_relics":[{"not_picked":["Runic Pyramid","Astrolabe"],"picked":"Cursed Key"},{"not_picked":["White Beast Statue","Eternal Feather"],"picked":"Mark of Pain"}],"items_purged_floors":[10],"is_endless":false,"potions_floor_spawned":[1,7,8,24,25,31,33,35,38,39],"killed_by":"Reptomancer","ascension_level":15}