{"path_per_floor":["M","M","?","?","T","R","E","M","T","M","?","?","R","M","R","B",null,"M","M","?","M","$"],"character_chosen":"IRONCLAD","items_purchased":["Ginger","Tiny Chest","Panacea"],"gold_per_floor":[109,121,121,121,148,148,180,194,494,506,506,506,506,516,516,616,616,635,650,650,660,164],"floor_reached":23,"campfire_rested":0,"playtime":752,"current_hp_per_floor":[73,77,77,77,77,77,56,61,61,67,60,60,60,66,66,42,71,64,61,80,48,48],"items_purged":[],"gold":164,"score":277,"play_id":"5ec46d53-9b54-43cb-97b8-fb558c6112e1","local_time":"20180311165332","is_prod":false,"is_daily":false,"is_ascension_mode":true,"campfire_upgraded":3,"timestamp":1520801612,"path_taken":["M","M","?","?","?","R","E","M","T","M","?","?","R","M","R","BOSS","M","M","?","M","$","E"],"build_version":"2018-03-09","purchased_purges":1,"victory":false,"master_deck":["Strike_R","Strike_R","Strike_R","Strike_R","Strike_R","Defend_R","Defend_R+1","Defend_R","Bash","Flex+1","Perfected Strike+1","Twin Strike+1","Double Tap+1","Pommel Strike","Panacea"],"max_hp_per_floor":[80,80,80,80,80,80,80,80,80,80,80,80,80,80,80,80,80,80,80,80,80,80],"relics":["Burning Blood","Lantern","Juzu Bracelet","Paper Frog","Old Coin","War Paint","Sozu","Ginger","Tiny Chest"],"card_choices":[{"not_picked":["Anger","Havoc"],"picked":"Flex"},{"not_picked":["Clothesline","Clash"],"picked":"Perfected Strike"},{"not_picked":["Fire Breathing","Thunderclap"],"picked":"Twin Strike"},{"not_picked":["Thunderclap","Sentinel"],"picked":"Double Tap"},{"not_picked":["Iron Wave","Wild Strike"],"picked":"Pommel Strike"}],"player_experience":471641,"potions_floor_usage":[7,10,16,16,16],"damage_taken":[{"damage":5,"enemies":"Small Slimes","floor":1,"turns":4},{"damage":2,"enemies":"Jaw Worm","floor":2,"turns":3},{"damage":27,"enemies":"3 Sentries","floor":7,"turns":5},{"damage":1,"enemies":"2 Louse","floor":8,"turns":2},{"damage":0,"enemies":"Red Slaver","floor":10,"turns":1},{"damage":0,"enemies":"Blue Slaver","floor":14,"turns":1},{"damage":30,"enemies":"Hexaghost","floor":16,"turns":5},{"damage":13,"enemies":"Shell Parasite","floor":18,"turns":3},{"damage":9,"enemies":"2 Thieves","floor":19,"turns":3},{"damage":38,"enemies":"3 Cultists","floor":21,"turns":5},{"damage":48,"enemies":"Gremlin Leader","floor":23,"turns":4}],"event_choices":[{"event_name":"Living Wall","player_choice":"Forget","floor":3,"damage_taken":0},{"event_name":"Big Fish","player_choice":"Box","floor":4,"damage_taken":0},{"event_name":"Golden Wing","player_choice":"Card Removal","floor":11,"damage_taken":0},{"event_name":"Wheel of Change","player_choice":"Relic","floor":12,"damage_taken":0},{"event_name":"Wheel of Change","player_choice":"Full Heal","floor":20,"damage_taken":0}],"boss_relics":[{"not_picked":["Mark of Pain","Runic Pyramid"],"picked":"Sozu"}],"potions_floor_spawned":[2,8,14],"seed_played":"5836859040374858365","killed_by":"Gremlin Leader","ascension_level":9,"is_trial":false}