{"gold_per_floor":[119,139,48,48,67,67,86,86,137,163,183,183,193,212,212,212],"floor_reached":16,"playtime":1875,"items_purged":[],"score":208,"play_id":"8a19a69c-381b-43f3-b7ea-ff72f7f1934e","local_time":"20180908004935","is_ascension_mode":true,"campfire_choices":[{"data":"Neutralize","floor":6,"key":"SMITH"},{"data":"Noxious Fumes","floor":8,"key":"SMITH"},{"floor":12,"key":"REST"},{"data":"Footwork","floor":15,"key":"SMITH"}],"neow_cost":"","seed_source_timestamp":289299686656214,"circlet_count":0,"master_deck":["Defend_G","Defend_G","Defend_G","Defend_G","Defend_G","Strike_G","Strike_G","Strike_G","Strike_G","Survivor","Neutralize+1","AscendersBane","All Out Attack","Noxious Fumes+1","Quick Slash","Poisoned Stab","Footwork+1"],"relics":["Ring of the Snake","Centennial Puzzle","Oddly Smooth Stone"],"potions_floor_usage":[10,14,16],"damage_taken":[{"damage":0,"enemies":"2 Louse","floor":1,"turns":2},{"damage":4,"enemies":"Small Slimes","floor":2,"turns":5},{"damage":2,"enemies":"Jaw Worm","floor":5,"turns":4},{"damage":0,"enemies":"Looter","floor":7,"turns":4},{"damage":7,"enemies":"Lagavulin","floor":10,"turns":7},{"damage":16,"enemies":"3 Louse","floor":11,"turns":2},{"damage":0,"enemies":"Exordium Thugs","floor":13,"turns":5},{"damage":6,"enemies":"Lots of Slimes","floor":14,"turns":3},{"damage":39,"enemies":"Slime Boss","floor":16,"turns":9}],"seed_played":"3905952709177263188","potions_obtained":[{"floor":2,"key":"Fire Potion"},{"floor":7,"key":"Energy Potion"},{"floor":11,"key":"Energy Potion"}],"is_trial":false,"path_per_floor":["M","M","$","?","M","R","M","R","T","E","M","R","M","M","R"],"character_chosen":"THE_SILENT","items_purchased":["Noxious Fumes"],"campfire_rested":1,"item_purchase_floors":[3],"current_hp_per_floor":[59,55,55,48,46,46,46,46,46,39,23,42,42,36,36,0],"gold":212,"neow_bonus":"","is_prod":false,"is_daily":false,"chose_seed":false,"campfire_upgraded":3,"win_rate":0,"timestamp":1536392975,"path_taken":["M","M","$","?","M","R","M","R","T","E","M","R","M","M","R","BOSS"],"build_version":"2018-09-06","purchased_purges":0,"victory":false,"max_hp_per_floor":[66,66,66,66,66,66,66,66,66,66,66,66,66,66,66,66],"card_choices":[{"not_picked":["Outmaneuver","Slice","Acrobatics"],"picked":"SKIP","floor":1},{"not_picked":["Blur","Underhanded Strike"],"picked":"All Out Attack","floor":2},{"not_picked":["Endless Agony","Envenom"],"picked":"Quick Slash","floor":5},{"not_picked":["Prepared","Caltrops"],"picked":"Poisoned Stab","floor":7},{"not_picked":["Acrobatics","Flying Knee","Dagger Throw"],"picked":"SKIP","floor":10},{"not_picked":["Quick Slash","Outmaneuver","Terror"],"picked":"SKIP","floor":11},{"not_picked":["Prepared","Acrobatics","Flechettes"],"picked":"SKIP","floor":13},{"not_picked":["Blade Dance","Cloak And Dagger"],"picked":"Footwork","floor":14}],"player_experience":915987,"relics_obtained":[{"floor":9,"key":"Centennial Puzzle"},{"floor":10,"key":"Oddly Smooth Stone"}],"event_choices":[{"event_name":"Golden Wing","player_choice":"Card Removal","floor":4,"damage_taken":0}],"is_beta":true,"boss_relics":[],"items_purged_floors":[],"is_endless":false,"potions_floor_spawned":[2,7,11],"killed_by":"Slime Boss","ascension_level":20}