{"gold_per_floor":[115,132,207,207,221,252,252,278,304,304,304,324,339,364,364,440,440,457,457,470,470,496,496,512,512,535,566,579,579,494,104,104,104],"floor_reached":33,"playtime":1414,"items_purged":["Writhe"],"score":641,"play_id":"0287966f-dd56-4022-8b03-69c51a89265d","local_time":"20190317163017","is_ascension_mode":true,"campfire_choices":[{"data":"Armaments","floor":7,"key":"SMITH"},{"floor":11,"key":"REST"},{"data":"Pommel Strike","floor":15,"key":"SMITH"},{"data":"Flame Barrier","floor":23,"key":"SMITH"},{"data":"Feel No Pain","floor":25,"key":"SMITH"},{"data":"Limit Break","floor":32,"key":"SMITH"}],"neow_cost":"NONE","seed_source_timestamp":52840827361649,"circlet_count":0,"master_deck":["AscendersBane","Defend_R","Defend_R","Defend_R","Defend_R","Bash","Clothesline","Clothesline","Spot Weakness","Heavy Blade","Armaments+1","Pommel Strike+1","Twin Strike","Flame Barrier+1","Impervious","Flex","Feel No Pain+1","Bite","Bite","Bite","Bite","Bite","Limit Break+1","Heavy Blade","Inflame","Whirlwind+1","Sword Boomerang+1"],"relics":["Black Blood","Bag of Marbles","Lantern","Pen Nib","Mercury Hourglass","Vajra","Dream Catcher","Incense Burner","Oddly Smooth Stone","Molten Egg 2"],"potions_floor_usage":[8,8,12,16,16,18,28,33,33],"damage_taken":[{"damage":3,"enemies":"Cultist","floor":1,"turns":4},{"damage":9,"enemies":"Jaw Worm","floor":2,"turns":3},{"damage":1,"enemies":"2 Louse","floor":5,"turns":4},{"damage":34,"enemies":"Gremlin Nob","floor":6,"turns":4},{"damage":33,"enemies":"3 Sentries","floor":8,"turns":9},{"damage":0,"enemies":"Exordium Thugs","floor":12,"turns":2},{"damage":9,"enemies":"Lots of Slimes","floor":13,"turns":4},{"damage":11,"enemies":"Gremlin Nob","floor":14,"turns":3},{"damage":18,"enemies":"The Guardian","floor":16,"turns":10},{"damage":8,"enemies":"3 Byrds","floor":18,"turns":4},{"damage":22,"enemies":"2 Thieves","floor":20,"turns":3},{"damage":2,"enemies":"Snecko","floor":24,"turns":3},{"damage":23,"enemies":"Gremlin Leader","floor":27,"turns":7},{"damage":8,"enemies":"Cultist and Chosen","floor":28,"turns":5},{"damage":98,"enemies":"Automaton","floor":33,"turns":6}],"seed_played":"-4143468571324831543","potions_obtained":[{"floor":2,"key":"Regen Potion"},{"floor":5,"key":"Dexterity Potion"},{"floor":10,"key":"Weak Potion"},{"floor":10,"key":"Strength Potion"},{"floor":14,"key":"SkillPotion"},{"floor":16,"key":"Fire Potion"},{"floor":20,"key":"Swift Potion"},{"floor":28,"key":"Regen Potion"}],"is_trial":false,"path_per_floor":["M","M","?","?","M","E","R","E","T","?","R","M","M","E","R","B",null,"M","?","M","?","T","R","M","R","T","E","M","?","?","$","R","B"],"character_chosen":"IRONCLAD","items_purchased":["PowerPotion","Inflame","AttackPotion","Whirlwind+1","Sword Boomerang+1"],"campfire_rested":1,"item_purchase_floors":[31,31,31,31,31],"current_hp_per_floor":[71,68,57,57,62,34,34,22,22,22,44,50,47,42,42,30,64,66,75,63,52,52,52,52,52,52,52,52,52,52,52,52,0],"gold":104,"neow_bonus":"THREE_CARDS","is_prod":false,"is_daily":false,"chose_seed":false,"campfire_upgraded":5,"win_rate":0,"timestamp":1552854617,"path_taken":["M","M","?","?","M","E","R","E","T","?","R","M","M","E","R","BOSS","M","?","?","?","?","R","M","R","T","E","M","?","?","$","R","BOSS"],"build_version":"2019-01-23","purchased_purges":1,"victory":false,"max_hp_per_floor":[75,75,75,75,75,75,75,75,75,75,75,75,75,75,75,75,75,75,75,75,52,52,52,52,52,52,52,52,52,52,52,52,52],"card_choices":[{"not_picked":["Pommel Strike","Anger"],"picked":"Clothesline","floor":0},{"not_picked":["Flex","Bloodletting"],"picked":"Clothesline","floor":1},{"not_picked":["Warcry","Corruption"],"picked":"Spot Weakness","floor":2},{"not_picked":["Spot Weakness","Bloodletting"],"picked":"Heavy Blade","floor":5},{"not_picked":["Body Slam","Dual Wield"],"picked":"Armaments","floor":6},{"not_picked":["Berserk","Thunderclap"],"picked":"Pommel Strike","floor":8},{"not_picked":["Sword Boomerang","Corruption"],"picked":"Twin Strike","floor":12},{"not_picked":["Body Slam","Burning Pact","Anger"],"picked":"SKIP","floor":13},{"not_picked":["Rampage","Shrug It Off"],"picked":"Flame Barrier","floor":14},{"not_picked":["Juggernaut","Double Tap"],"picked":"Impervious","floor":16},{"not_picked":["Sword Boomerang","Iron Wave"],"picked":"Flex","floor":18},{"not_picked":["Perfected Strike","Battle Trance+1"],"picked":"Feel No Pain","floor":20},{"not_picked":["Anger","Clothesline","Infernal Blade"],"picked":"SKIP","floor":24},{"not_picked":["Evolve","Uppercut"],"picked":"Limit Break","floor":27},{"not_picked":["Dual Wield","Perfected Strike"],"picked":"Heavy Blade","floor":28}],"player_experience":1173977,"relics_obtained":[{"floor":6,"key":"Bag of Marbles"},{"floor":8,"key":"Lantern"},{"floor":9,"key":"Pen Nib"},{"floor":14,"key":"Mercury Hourglass"},{"floor":22,"key":"Vajra"},{"floor":26,"key":"Dream Catcher"},{"floor":27,"key":"Incense Burner"}],"event_choices":[{"damage_healed":0,"gold_gain":75,"player_choice":"Gather Gold","damage_taken":11,"max_hp_gain":0,"max_hp_loss":0,"event_name":"World of Goop","floor":3,"gold_loss":0},{"damage_healed":0,"gold_gain":0,"player_choice":"Ignored","damage_taken":0,"max_hp_gain":0,"max_hp_loss":0,"event_name":"Liars Game","floor":4,"gold_loss":0},{"damage_healed":0,"gold_gain":0,"player_choice":"Got Potions","damage_taken":0,"max_hp_gain":0,"max_hp_loss":0,"event_name":"Lab","floor":10,"gold_loss":0},{"damage_healed":9,"gold_gain":0,"player_choice":"Full Heal","damage_taken":0,"max_hp_gain":0,"max_hp_loss":0,"event_name":"Wheel of Change","floor":19,"gold_loss":0},{"damage_healed":0,"gold_gain":0,"player_choice":"Became a vampire","damage_taken":0,"max_hp_gain":0,"max_hp_loss":23,"event_name":"Vampires","floor":21,"gold_loss":0,"cards_obtained":["Bite","Bite","Bite","Bite","Bite"]},{"damage_healed":0,"gold_gain":0,"player_choice":"Opened","damage_taken":0,"relics_obtained":["Oddly Smooth Stone"],"max_hp_gain":0,"max_hp_loss":0,"event_name":"The Mausoleum","floor":29,"gold_loss":0,"cards_obtained":["Writhe"]},{"damage_healed":0,"gold_gain":0,"player_choice":"Obtained Relic","damage_taken":0,"relics_obtained":["Molten Egg 2"],"max_hp_gain":0,"max_hp_loss":0,"event_name":"Addict","floor":30,"gold_loss":85}],"is_beta":false,"boss_relics":[{"not_picked":["Philosopher\u0027s Stone","White Beast Statue"],"picked":"Black Blood"}],"items_purged_floors":[31],"is_endless":false,"potions_floor_spawned":[2,5,14,16,20,28],"killed_by":"Automaton","ascension_level":20}