{"gold_per_floor":[114,114,125,125,50,84,84,117,163,177,190,190,213,256,256,352,352,365,365,384,407,407],"floor_reached":22,"playtime":1132,"items_purged":[],"score":512,"play_id":"fa3d6840-a3c8-4ed4-84e3-fa8462717814","local_time":"20190430070626","is_ascension_mode":true,"campfire_choices":[{"data":"Zap","floor":7,"key":"SMITH"},{"data":"Barrage","floor":12,"key":"SMITH"},{"data":"Barrage","floor":15,"key":"SMITH"}],"neow_cost":"NONE","seed_source_timestamp":651436190663508,"circlet_count":0,"master_deck":["AscendersBane","Strike_B","Strike_B","Strike_B+1","Strike_B","Defend_B","Defend_B","Defend_B+1","Defend_B","Zap+1","Dualcast","Gash","Ball Lightning","Capacitor","Barrage+1","Glacier","Hologram","Compile Driver","Barrage+1","Hologram","Seek","Go for the Eyes+1","Ball Lightning"],"relics":["Cracked Core","NeowsBlessing","Golden Idol","Bag of Preparation","Lantern","PreservedInsect","Nunchaku","Nuclear Battery","NlothsMask"],"potions_floor_usage":[8,14],"damage_taken":[{"damage":0,"enemies":"Jaw Worm","floor":1,"turns":1},{"damage":0,"enemies":"Cultist","floor":3,"turns":1},{"damage":0,"enemies":"3 Sentries","floor":6,"turns":1},{"damage":6,"enemies":"Gremlin Nob","floor":8,"turns":3},{"damage":0,"enemies":"Small Slimes","floor":10,"turns":2},{"damage":9,"enemies":"Gremlin Gang","floor":11,"turns":3},{"damage":3,"enemies":"Looter","floor":13,"turns":3},{"damage":0,"enemies":"Lagavulin","floor":14,"turns":4},{"damage":22,"enemies":"Slime Boss","floor":16,"turns":7},{"damage":13,"enemies":"3 Byrds","floor":18,"turns":4},{"damage":0,"enemies":"Spheric Guardian","floor":20,"turns":2},{"damage":25,"enemies":"Cultist and Chosen","floor":21,"turns":4},{"damage":14,"enemies":"Snake Plant","floor":22,"turns":2}],"seed_played":"3124347831785945793","potions_obtained":[{"floor":1,"key":"SkillPotion"},{"floor":3,"key":"PowerPotion"},{"floor":11,"key":"Energy Potion"},{"floor":16,"key":"Energy Potion"},{"floor":18,"key":"Strength Potion"}],"is_trial":false,"path_per_floor":["M","?","M","?","$","E","R","E","T","M","M","R","M","E","R","B",null,"M","?","M","M","M"],"character_chosen":"DEFECT","items_purchased":["Capacitor"],"campfire_rested":0,"item_purchase_floors":[5],"current_hp_per_floor":[64,43,43,43,43,43,43,37,37,37,28,28,25,25,25,3,49,36,36,36,11,0],"gold":407,"neow_bonus":"THREE_ENEMY_KILL","is_prod":false,"is_daily":false,"chose_seed":false,"campfire_upgraded":3,"win_rate":0,"timestamp":1556622386,"path_taken":["M","?","M","?","?","E","R","E","T","?","M","R","?","E","R","BOSS","M","?","?","M","?"],"build_version":"2019-01-23","purchased_purges":0,"victory":false,"max_hp_per_floor":[71,71,71,64,64,64,64,64,64,64,64,64,64,64,64,64,64,64,64,64,64,64],"card_choices":[{"not_picked":["Aggregate","Rebound"],"picked":"Gash","floor":1},{"not_picked":["Go for the Eyes","Lockon"],"picked":"Ball Lightning","floor":3},{"not_picked":["Steam Power","White Noise"],"picked":"Barrage","floor":6},{"not_picked":["Undo","Rebound"],"picked":"Glacier","floor":8},{"not_picked":["Sweeping Beam","Fusion"],"picked":"Hologram","floor":10},{"not_picked":["Streamline","Stack"],"picked":"Compile Driver","floor":11},{"not_picked":["Sunder","Tempest"],"picked":"Barrage","floor":13},{"not_picked":["Conserve Battery","Self Repair"],"picked":"Hologram","floor":14},{"not_picked":["Rainbow","Fission"],"picked":"Seek","floor":16},{"not_picked":["Conserve Battery","Skim"],"picked":"Go for the Eyes+1","floor":18},{"not_picked":["Heatsinks","Go for the Eyes","Steam"],"picked":"SKIP","floor":20},{"not_picked":["Turbo","Leap"],"picked":"Ball Lightning","floor":21}],"player_experience":2145568,"relics_obtained":[{"floor":6,"key":"Bag of Preparation"},{"floor":8,"key":"Lantern"},{"floor":9,"key":"PreservedInsect"},{"floor":14,"key":"Nunchaku"}],"event_choices":[{"damage_healed":0,"gold_gain":0,"player_choice":"Entered Light","damage_taken":21,"max_hp_gain":0,"max_hp_loss":0,"event_name":"Shining Light","floor":2,"gold_loss":0,"cards_upgraded":["Strike_B","Defend_B"]},{"damage_healed":0,"gold_gain":0,"player_choice":"Lose Max HP","damage_taken":0,"relics_obtained":["Golden Idol"],"max_hp_gain":0,"max_hp_loss":7,"event_name":"Golden Idol","floor":4,"gold_loss":0},{"damage_healed":0,"gold_gain":0,"player_choice":"Trade","damage_taken":0,"relics_obtained":["NlothsMask"],"max_hp_gain":0,"max_hp_loss":0,"event_name":"FaceTrader","floor":19,"gold_loss":0}],"is_beta":false,"boss_relics":[{"not_picked":["Cursed Key","Tiny House"],"picked":"Nuclear Battery"}],"items_purged_floors":[],"is_endless":false,"potions_floor_spawned":[1,3,11,13,16,18],"killed_by":"Snake Plant","ascension_level":20}