{"gold_per_floor":[360,380,655,258,284,284,284,303,303,303,303,303,303,317,317,412,412,422,63,63,81,131,160,160,210,255,332,382,85,85,11,11,116,116,131,146,68,118,216,216],"floor_reached":40,"playtime":1461,"items_purged":["Regret"],"score":475,"play_id":"c9688c9e-c301-4a12-bfab-d35e77833257","local_time":"20190501162450","is_ascension_mode":true,"campfire_choices":[{"data":"Static Discharge","floor":6,"key":"SMITH"},{"data":"Loop","floor":12,"key":"SMITH"},{"floor":15,"key":"REST"},{"floor":24,"key":"REST"},{"floor":30,"key":"REST"},{"floor":32,"key":"REST"}],"neow_cost":"CURSE","seed_source_timestamp":452109229396652,"circlet_count":0,"master_deck":["Strike_B","Strike_B","Strike_B+1","Defend_B","Defend_B","Zap","Dualcast","Cold Snap","Panacea","Static Discharge+1","Force Field","Loop+1","Turbo","Static Discharge","Electrodynamics","Cold Snap+1","Ball Lightning+1","Rainbow","Turbo","Decay","Conserve Battery","Creative AI","Echo Form","Consume","Buffer"],"relics":["Cracked Core","OrangePellets","Juzu Bracelet","Symbiotic Virus","Sozu","Dead Branch","SsserpentHead","Dodecahedron","Whetstone","Red Mask","Singing Bowl","Ancient Tea Set","Mercury Hourglass","Inserter","Nunchaku"],"potions_floor_usage":[16],"damage_taken":[{"damage":6,"enemies":"2 Louse","floor":1,"turns":3},{"damage":1,"enemies":"Cultist","floor":2,"turns":3},{"damage":11,"enemies":"Small Slimes","floor":8,"turns":2},{"damage":11,"enemies":"3 Louse","floor":14,"turns":2},{"damage":30,"enemies":"The Guardian","floor":16,"turns":10},{"damage":21,"enemies":"2 Thieves","floor":18,"turns":3},{"damage":2,"enemies":"3 Byrds","floor":21,"turns":2},{"damage":35,"enemies":"Slavers","floor":23,"turns":3},{"damage":22,"enemies":"Masked Bandits","floor":27,"turns":3},{"damage":16,"enemies":"Champ","floor":33,"turns":11},{"damage":15,"enemies":"Orb Walker","floor":35,"turns":3},{"damage":0,"enemies":"3 Shapes","floor":36,"turns":4},{"damage":53,"enemies":"2 Orb Walkers","floor":39,"turns":3},{"damage":15,"enemies":"Giant Head","floor":40,"turns":7}],"seed_played":"-6761803025733730325","potions_obtained":[{"floor":14,"key":"FocusPotion"}],"is_trial":false,"path_per_floor":["M","M","?","$","T","R","?","M","T","?","?","R","?","M","R","B",null,"M","$","?","M","?","E","R","?","T","?","T","$","R","?","R","B",null,"M","M","$","?","?","E"],"character_chosen":"DEFECT","items_purchased":["OrangePellets","Panacea","Static Discharge","Dead Branch","Cold Snap","Creative AI","Ancient Tea Set","Consume"],"campfire_rested":4,"item_purchase_floors":[4,4,4,19,19,29,29,37],"current_hp_per_floor":[69,68,68,68,68,68,68,57,57,32,32,32,32,21,43,13,75,54,54,54,52,52,17,39,39,39,17,17,17,39,39,61,45,75,62,64,64,64,13,0],"gold":216,"neow_bonus":"TWO_FIFTY_GOLD","is_prod":false,"is_daily":false,"chose_seed":false,"campfire_upgraded":2,"win_rate":0,"timestamp":1556742290,"path_taken":["M","M","?","$","?","R","?","M","T","?","?","R","?","M","R","BOSS","M","?","?","M","?","E","R","?","T","?","?","$","R","?","R","BOSS","M","M","$","?","?","E"],"build_version":"2019-01-23","purchased_purges":1,"victory":false,"max_hp_per_floor":[75,75,75,75,75,75,75,75,75,75,75,75,75,75,75,75,75,75,75,75,75,75,75,75,75,75,75,75,75,75,75,75,75,75,77,79,79,79,81,81],"card_choices":[{"not_picked":["Compile Driver","Rebound","Sweeping Beam"],"picked":"SKIP","floor":1},{"not_picked":["Blizzard","Redo"],"picked":"Cold Snap","floor":2},{"not_picked":["Core Surge","Darkness"],"picked":"Loop","floor":8},{"not_picked":["Ball Lightning","Scrape"],"picked":"Static Discharge","floor":14},{"not_picked":["Fission","Meteor Strike"],"picked":"Electrodynamics","floor":16},{"not_picked":["Stack","Gash","Lockon"],"picked":"SKIP","floor":18},{"not_picked":["Recycle+1","Beam Cell"],"picked":"Ball Lightning+1","floor":21},{"not_picked":["Beam Cell","Sunder+1"],"picked":"Turbo","floor":23},{"not_picked":["Genetic Algorithm","Barrage"],"picked":"Conserve Battery","floor":27},{"not_picked":["Hyperbeam","All For One"],"picked":"Echo Form","floor":33},{"not_picked":["Coolheaded","Ball Lightning","Rebound+1"],"picked":"Singing Bowl","floor":35},{"not_picked":["Streamline","Beam Cell","Hologram"],"picked":"Singing Bowl","floor":36},{"not_picked":["Redo","Leap","Steam Power"],"picked":"Singing Bowl","floor":39}],"player_experience":932584,"relics_obtained":[{"floor":5,"key":"Juzu Bracelet"},{"floor":23,"key":"Dodecahedron"},{"floor":26,"key":"Whetstone"},{"floor":27,"key":"Red Mask"},{"floor":28,"key":"Singing Bowl"},{"floor":39,"key":"Nunchaku"}],"event_choices":[{"damage_healed":0,"gold_gain":275,"player_choice":"Desecrate","damage_taken":0,"max_hp_gain":0,"max_hp_loss":0,"event_name":"Golden Shrine","floor":3,"gold_loss":0,"cards_obtained":["Regret"]},{"damage_healed":0,"gold_gain":0,"cards_transformed":["Strike_B"],"player_choice":"Transformed","damage_taken":0,"max_hp_gain":0,"max_hp_loss":0,"event_name":"Transmorgrifier","floor":7,"gold_loss":0,"cards_obtained":["Force Field"]},{"damage_healed":0,"gold_gain":0,"player_choice":"Success","damage_taken":25,"relics_obtained":["Symbiotic Virus"],"max_hp_gain":0,"max_hp_loss":0,"event_name":"Scrap Ooze","floor":10,"gold_loss":0},{"damage_healed":0,"gold_gain":0,"cards_transformed":["Defend_B"],"player_choice":"Change","damage_taken":0,"max_hp_gain":0,"max_hp_loss":0,"event_name":"Living Wall","floor":11,"gold_loss":0,"cards_obtained":["Turbo"]},{"cards_removed":["Clumsy"],"damage_healed":0,"gold_gain":0,"player_choice":"Removed Curses","damage_taken":0,"max_hp_gain":0,"max_hp_loss":0,"event_name":"Fountain of Cleansing","floor":13,"gold_loss":0},{"damage_healed":0,"gold_gain":0,"player_choice":"Trade","damage_taken":0,"relics_obtained":["SsserpentHead"],"max_hp_gain":0,"max_hp_loss":0,"event_name":"FaceTrader","floor":20,"gold_loss":0},{"damage_healed":0,"gold_gain":0,"cards_transformed":["Defend_B"],"player_choice":"Transformed","damage_taken":0,"max_hp_gain":0,"max_hp_loss":0,"event_name":"Transmorgrifier","floor":22,"gold_loss":0,"cards_obtained":["Rainbow"]},{"damage_healed":0,"gold_gain":0,"player_choice":"Smashed Altar","damage_taken":0,"max_hp_gain":0,"max_hp_loss":0,"event_name":"Forgotten Altar","floor":25,"gold_loss":0,"cards_obtained":["Decay"]},{"damage_healed":0,"gold_gain":0,"player_choice":"Fought Bandits","damage_taken":0,"max_hp_gain":0,"max_hp_loss":0,"event_name":"Masked Bandits","floor":27,"gold_loss":0},{"damage_healed":0,"gold_gain":0,"player_choice":"Paid Gold","damage_taken":0,"relics_obtained":["Mercury Hourglass"],"max_hp_gain":0,"max_hp_loss":0,"event_name":"WeMeetAgain","floor":31,"gold_loss":124},{"damage_healed":0,"gold_gain":0,"player_choice":"1 cards matched","damage_taken":0,"max_hp_gain":0,"max_hp_loss":0,"event_name":"Match and Keep!","floor":38,"gold_loss":0,"cards_obtained":["Buffer"]},{"damage_healed":0,"gold_gain":0,"player_choice":"Fight","damage_taken":0,"max_hp_gain":0,"max_hp_loss":0,"event_name":"Mysterious Sphere","floor":39,"gold_loss":0}],"is_beta":false,"boss_relics":[{"not_picked":["Calling Bell","Busted Crown"],"picked":"Sozu"},{"not_picked":["Orrery","Philosopher\u0027s Stone"],"picked":"Inserter"}],"items_purged_floors":[4],"is_endless":false,"potions_floor_spawned":[14,23,27,33,35],"killed_by":"Giant Head","ascension_level":2}