{"gold_per_floor":[114,133,152,172,172,172,205,205,274,274,303,303,303,332,332,428,428,438,438,450,450,97,97,108,108,131,157,357,377,388,417,417,518,518,536,550,550,550,108,137,137,165,165,182,0,0,13,38,38,38],"floor_reached":51,"playtime":5034,"items_purged":[],"score":974,"play_id":"ddf75d0b-9871-4dba-833b-c85d4f0accf1","local_time":"20190429201641","is_ascension_mode":true,"campfire_choices":[{"data":"Perfected Strike","floor":6.0,"key":"SMITH"},{"floor":8.0,"key":"REST"},{"floor":10.0,"key":"REST"},{"data":"Perfected Strike","floor":13.0,"key":"SMITH"},{"data":"Demon Form","floor":15.0,"key":"SMITH"},{"floor":23.0,"key":"REST"},{"floor":25.0,"key":"REST"},{"floor":32.0,"key":"REST"},{"floor":41,"key":"REST"},{"floor":46,"key":"REST"},{"floor":49,"key":"REST"}],"neow_cost":"NONE","seed_source_timestamp":0,"circlet_count":0,"master_deck":["Strike_R","Strike_R","Strike_R","Strike_R","Strike_R","Defend_R+1","Defend_R+1","Bash","Perfected Strike+1","Power Through","Pommel Strike","Double Tap","Corruption","Perfected Strike+1","Demon Form+1","Limit Break+1","Twin Strike","Heavy Blade","Seeing Red+1","Wild Strike","Limit Break","Pommel Strike","Perfected Strike","Heavy Blade+1","Pommel Strike+1","Wild Strike+1"],"special_seed":0,"relics":["Burning Blood","NeowsBlessing","Ice Cream","Ornamental Fan","Centennial Puzzle","Singing Bowl","Self Forming Clay","Empty Cage","Enchiridion","Red Skull","Strawberry","Pantograph","War Paint","Sozu","Champion Belt","Gremlin Horn","Blood Vial","Turnip","Mercury Hourglass","Charon\u0027s Ashes","Red Mask","Vajra"],"potions_floor_usage":[],"damage_taken":[{"damage":0.0,"enemies":"Cultist","floor":1.0,"turns":1.0},{"damage":0.0,"enemies":"Small Slimes","floor":2.0,"turns":1.0},{"damage":0.0,"enemies":"Jaw Worm","floor":3.0,"turns":1.0},{"damage":6.0,"enemies":"Looter","floor":4.0,"turns":3.0},{"damage":40.0,"enemies":"Lagavulin","floor":7.0,"turns":5.0},{"damage":18.0,"enemies":"Gremlin Nob","floor":11.0,"turns":3.0},{"damage":0.0,"enemies":"Lagavulin","floor":14.0,"turns":4.0},{"damage":45.0,"enemies":"The Guardian","floor":16.0,"turns":9.0},{"damage":0.0,"enemies":"Chosen","floor":18.0,"turns":4.0},{"damage":15.0,"enemies":"Shell Parasite","floor":20.0,"turns":5.0},{"damage":34.0,"enemies":"Chosen and Byrds","floor":24.0,"turns":6.0},{"damage":30.0,"enemies":"Book of Stabbing","floor":27.0,"turns":4.0},{"damage":10.0,"enemies":"Snecko","floor":29.0,"turns":3.0},{"damage":2.0,"enemies":"3 Cultists","floor":30.0,"turns":4.0},{"damage":36.0,"enemies":"Gremlin Leader","floor":31.0,"turns":3.0},{"damage":29.0,"enemies":"Champ","floor":33.0,"turns":5.0},{"damage":37.0,"enemies":"3 Darklings","floor":35.0,"turns":4.0},{"damage":4.0,"enemies":"3 Shapes","floor":36.0,"turns":3.0},{"damage":47,"enemies":"Reptomancer","floor":40,"turns":6},{"damage":67,"enemies":"Nemesis","floor":42,"turns":5},{"damage":7,"enemies":"Jaw Worm Horde","floor":44,"turns":2},{"damage":0,"enemies":"4 Shapes","floor":47,"turns":4},{"damage":5,"enemies":"Reptomancer","floor":48,"turns":3},{"damage":57,"enemies":"Time Eater","floor":50,"turns":8}],"seed_played":"-5068921922619172712","potions_obtained":[{"floor":3.0,"key":"Dexterity Potion"},{"floor":7.0,"key":"FearPotion"},{"floor":14.0,"key":"Dexterity Potion"},{"floor":16.0,"key":"PowerPotion"},{"floor":24.0,"key":"AttackPotion"},{"floor":30.0,"key":"SteroidPotion"},{"floor":31.0,"key":"Strength Potion"},{"floor":33.0,"key":"FairyPotion"}],"is_trial":false,"path_per_floor":["M","M","M","M","?","R","E","R","T","R","E","T","R","E","R","B",null,"M","?","M","?","$","R","M","R","T","E","?","M","M","E","R","B",null,"M","M","?","T","$","E","R","E","T","M","?","R","M","E","R","B",null],"character_chosen":"IRONCLAD","items_purchased":["Red Skull","Heavy Blade","Strawberry","Gremlin Horn","Perfected Strike","Blood Vial"],"campfire_rested":8,"item_purchase_floors":[22,22,22,39,39,39],"current_hp_per_floor":[80,80,80,80,64,64,30,54,54,78,66,66,66,72,72,33,80,82,66,57,41,48,76,50,78,78,54,54,50,56,28,58,60,100,69,73,73,73,73,36,67,8,8,9,9,40,48,53,84,55],"gold":38,"neow_bonus":"THREE_ENEMY_KILL","is_prod":false,"is_daily":false,"chose_seed":false,"campfire_upgraded":3,"win_rate":0,"timestamp":1556583401,"path_taken":["M","?","M","M","?","R","E","R","T","R","E","?","R","E","R","BOSS","M","?","M","?","$","R","?","R","T","E","?","?","M","E","R","BOSS","M","M","?","?","$","E","R","E","T","M","?","R","M","E","R","BOSS"],"build_version":"2019-01-23","purchased_purges":0,"victory":true,"max_hp_per_floor":[80,80,80,80,80,80,80,80,80,80,80,80,80,80,80,80,80,82,87,87,87,94,94,96,96,96,96,96,96,98,100,100,100,100,100,102,102,102,102,104,104,104,104,104,104,104,104,106,106,106],"card_choices":[{"not_picked":["Clash","Burning Pact"],"picked":"Perfected Strike","floor":1.0},{"not_picked":["Blood for Blood","Iron Wave"],"picked":"Power Through","floor":2.0},{"not_picked":["Feel No Pain","Armaments"],"picked":"Pommel Strike","floor":3.0},{"not_picked":["Warcry","Heavy Blade"],"picked":"Double Tap","floor":4.0},{"not_picked":["True Grit","Metallicize"],"picked":"Corruption","floor":7.0},{"not_picked":["Clash","Havoc"],"picked":"Perfected Strike","floor":11.0},{"not_picked":["Fire Breathing","Spot Weakness"],"picked":"Demon Form","floor":14.0},{"not_picked":["Juggernaut","Brutality"],"picked":"Limit Break","floor":16.0},{"not_picked":["Body Slam","Sword Boomerang+1","Pummel"],"picked":"Singing Bowl","floor":18.0},{"not_picked":["Iron Wave","Havoc"],"picked":"Twin Strike","floor":20.0},{"not_picked":["Flame Barrier","Shockwave","Rage"],"picked":"Singing Bowl","floor":24.0},{"not_picked":["Sentinel","Armaments"],"picked":"Seeing Red","floor":27.0},{"not_picked":["Brutality","Iron Wave"],"picked":"Wild Strike","floor":29.0},{"not_picked":["Flex","Infernal Blade","Rampage"],"picked":"Singing Bowl","floor":30.0},{"not_picked":["Bludgeon","Thunderclap+1","Warcry+1"],"picked":"Singing Bowl","floor":31.0},{"not_picked":["Demon Form","Fiend Fire"],"picked":"Limit Break","floor":33.0},{"not_picked":["Clothesline+1","Seeing Red"],"picked":"Pommel Strike","floor":35.0},{"not_picked":["Seeing Red","Burning Pact+1","Shrug It Off"],"picked":"Singing Bowl","floor":36.0},{"not_picked":["Iron Wave","Thunderclap","True Grit+1"],"picked":"Singing Bowl","floor":40},{"not_picked":["True Grit+1","Feel No Pain+1"],"picked":"Heavy Blade+1","floor":42},{"not_picked":["Armaments","Flex+1"],"picked":"Pommel Strike+1","floor":44},{"not_picked":["Combust","Blood for Blood"],"picked":"Wild Strike+1","floor":47},{"not_picked":["Infernal Blade","Entrench+1","Cleave"],"picked":"Singing Bowl","floor":48}],"player_experience":921538,"relics_obtained":[{"floor":7.0,"key":"Ice Cream"},{"floor":9.0,"key":"Ornamental Fan"},{"floor":11.0,"key":"Centennial Puzzle"},{"floor":12.0,"key":"Singing Bowl"},{"floor":14.0,"key":"Self Forming Clay"},{"floor":21.0,"key":"Enchiridion"},{"floor":27.0,"key":"Pantograph"},{"floor":31.0,"key":"War Paint"},{"floor":38.0,"key":"Champion Belt"},{"floor":40,"key":"Turnip"},{"floor":42,"key":"Mercury Hourglass"},{"floor":43,"key":"Charon\u0027s Ashes"},{"floor":48,"key":"Vajra"}],"event_choices":[{"damage_healed":0.0,"max_hp_gain":0.0,"max_hp_loss":0.0,"gold_gain":0.0,"event_name":"Shining Light","player_choice":"Entered Light","floor":5.0,"gold_loss":0.0,"damage_taken":16.0,"cards_upgraded":["Defend_R","Defend_R"]},{"damage_healed":0.0,"max_hp_gain":5.0,"max_hp_loss":0.0,"gold_gain":0.0,"event_name":"Forgotten Altar","player_choice":"Shed Blood","floor":19.0,"gold_loss":0.0,"damage_taken":21.0},{"damage_healed":0.0,"max_hp_gain":0.0,"max_hp_loss":0.0,"gold_gain":0.0,"event_name":"Cursed Tome","player_choice":"Obtained Book","floor":21.0,"gold_loss":0.0,"damage_taken":16.0},{"damage_healed":0.0,"max_hp_gain":0.0,"max_hp_loss":0.0,"gold_gain":200.0,"event_name":"Wheel of Change","player_choice":"Gold","floor":28.0,"gold_loss":0.0,"damage_taken":0.0},{"damage_healed":0.0,"max_hp_gain":0.0,"max_hp_loss":0.0,"gold_gain":0.0,"event_name":"Mysterious Sphere","player_choice":"Ignored","floor":37.0,"gold_loss":0.0,"damage_taken":0.0},{"damage_healed":0,"gold_gain":0,"player_choice":"Paid","damage_taken":0,"relics_obtained":["Red Mask"],"max_hp_gain":0,"max_hp_loss":0,"event_name":"Tomb of Lord Red Mask","floor":45,"gold_loss":182}],"is_beta":false,"boss_relics":[{"not_picked":["Snecko Eye","Runic Dome"],"picked":"Empty Cage"},{"not_picked":["Orrery","Philosopher\u0027s Stone"],"picked":"Sozu"}],"items_purged_floors":[],"is_endless":false,"potions_floor_spawned":[3,7,14,16,18,24,30,31,33,36,47,48],"ascension_level":4}