{"gold_per_floor":[112,112,122,47,57,57,17,43,43,77,77,91,91,126,126,197,197,209,259,37,37,49,49,60,94,94,128,128,28,28,41,41,115,115,134,146,163,182,197,231,231,102,126,141,156,191,291,339,339,339,339,339,339,19,51,51],"floor_reached":57,"playtime":3987,"items_purged":["Strike_R","Strike_R","Anger","Cleave"],"score":2765,"play_id":"0962b04d-2cac-41d7-8062-6f1501653e04","local_time":"20190507154418","is_ascension_mode":true,"campfire_choices":[{"data":"Bash","floor":6,"key":"SMITH"},{"data":"Disarm","floor":15,"key":"SMITH"},{"floor":23,"key":"REST"},{"floor":30,"key":"REST"},{"data":"Clothesline","floor":32,"key":"SMITH"},{"data":"Feel No Pain","floor":41,"key":"SMITH"},{"floor":49,"key":"RECALL"},{"floor":53,"key":"REST"}],"neow_cost":"PERCENT_DAMAGE","seed_source_timestamp":20935865773418,"circlet_count":0,"master_deck":["AscendersBane","Defend_R","Defend_R","Defend_R","Defend_R","Bash+1","Clothesline+1","Twin Strike","Feel No Pain+1","Shrug It Off","Juggernaut+1","Disarm+1","Feed","Shrug It Off","Finesse","Iron Wave+1","Metallicize","Thunderclap","Shockwave","Shrug It Off","Offering","Shrug It Off+1","Corruption+1","Shrug It Off","Shockwave+1","Shrug It Off+1","Juggernaut","Feel No Pain","Havoc","Rampage","Shockwave","Disarm"],"relics":["Burning Blood","Mercury Hourglass","PreservedInsect","Boot","Champion Belt","Empty Cage","Matryoshka","Ancient Tea Set","Pear","Oddly Smooth Stone","Snecko Eye","Smiling Mask","Strawberry","Art of War","Thread and Needle","Nunchaku","Incense Burner"],"potions_floor_usage":[8,18,27,33,40,50,50,56],"damage_taken":[{"damage":15,"enemies":"Jaw Worm","floor":1,"turns":6},{"damage":7,"enemies":"2 Louse","floor":3,"turns":3},{"damage":1,"enemies":"Small Slimes","floor":5,"turns":4},{"damage":4,"enemies":"Looter","floor":7,"turns":4},{"damage":10,"enemies":"3 Sentries","floor":8,"turns":12},{"damage":8,"enemies":"Gremlin Nob","floor":10,"turns":3},{"damage":4,"enemies":"Blue Slaver","floor":12,"turns":3},{"damage":15,"enemies":"Lagavulin","floor":14,"turns":5},{"damage":29,"enemies":"Slime Boss","floor":16,"turns":10},{"damage":23,"enemies":"2 Thieves","floor":18,"turns":4},{"damage":13,"enemies":"Spheric Guardian","floor":22,"turns":5},{"damage":30,"enemies":"3 Cultists","floor":24,"turns":5},{"damage":14,"enemies":"Gremlin Leader","floor":25,"turns":7},{"damage":47,"enemies":"Slavers","floor":27,"turns":5},{"damage":0,"enemies":"Chosen and Byrds","floor":31,"turns":8},{"damage":51,"enemies":"Champ","floor":33,"turns":13},{"damage":7,"enemies":"Orb Walker","floor":35,"turns":3},{"damage":6,"enemies":"3 Darklings","floor":36,"turns":4},{"damage":6,"enemies":"Maw","floor":37,"turns":8},{"damage":11,"enemies":"Sphere and 2 Shapes","floor":38,"turns":3},{"damage":12,"enemies":"Spire Growth","floor":39,"turns":4},{"damage":14,"enemies":"Reptomancer","floor":40,"turns":6},{"damage":0,"enemies":"Maw","floor":44,"turns":7},{"damage":0,"enemies":"Writhing Mass","floor":45,"turns":4},{"damage":23,"enemies":"Giant Head","floor":46,"turns":7},{"damage":13,"enemies":"Mind Bloom Boss Battle","floor":47,"turns":8},{"damage":21,"enemies":"2 Orb Walkers","floor":48,"turns":3},{"damage":45,"enemies":"Awakened One","floor":50,"turns":11},{"damage":28,"enemies":"Time Eater","floor":51,"turns":12},{"damage":6,"enemies":"Shield and Spear","floor":55,"turns":3},{"damage":64,"enemies":"The Heart","floor":56,"turns":8}],"seed_played":"-3566339145038622460","potions_obtained":[{"floor":1,"key":"EssenceOfSteel"},{"floor":5,"key":"PowerPotion"},{"floor":10,"key":"AttackPotion"},{"floor":27,"key":"AttackPotion"},{"floor":36,"key":"SkillPotion"},{"floor":47,"key":"PowerPotion"}],"is_trial":false,"path_per_floor":["M","?","M","?","M","R","M","E","T","E","?","M","?","E","R","B",null,"M","?","$","?","M","R","M","E","T","E","?","$","R","M","R","B",null,"M","M","M","M","M","E","R","$","T","M","M","E","?","?","R","B","B",null,"R","$","E","B",null],"character_chosen":"IRONCLAD","items_purchased":["Finesse","Strength Potion","GamblersBrew","Energy Potion","PowerPotion","Rampage","Shockwave"],"campfire_rested":3,"item_purchase_floors":[20,20,42,54,54,54,54],"current_hp_per_floor":[55,84,83,83,88,88,89,85,85,83,83,85,85,76,76,53,80,66,66,66,66,62,90,66,61,71,30,30,30,62,71,71,29,93,95,98,98,96,90,82,82,82,89,98,107,93,89,74,74,35,16,113,145,145,145,87],"gold":51,"neow_bonus":"TWENTY_PERCENT_HP_BONUS","is_prod":false,"is_daily":false,"chose_seed":false,"campfire_upgraded":4,"win_rate":0,"timestamp":1557269058,"path_taken":["M","?","M","?","M","R","M","E","T","E","?","M","?","E","R","BOSS","M","?","?","?","?","R","M","E","T","E","?","$","R","M","R","BOSS","M","M","M","M","M","E","R","$","T","M","M","E","?","?","R","BOSS","BOSS","R","$","E","BOSS"],"build_version":"2019-04-23","purchased_purges":4,"victory":true,"max_hp_per_floor":[89,89,89,89,89,89,89,89,89,89,89,89,89,89,89,89,89,92,92,92,92,95,95,95,98,108,108,108,108,108,111,111,114,114,117,120,120,123,123,123,123,123,130,133,136,139,142,142,142,142,145,145,145,145,145,145],"card_choices":[{"not_picked":["Heavy Blade","Wild Strike"],"picked":"Clothesline","floor":1},{"not_picked":["Power Through","Infernal Blade"],"picked":"Twin Strike","floor":3},{"not_picked":["Shrug It Off","Cleave"],"picked":"Feel No Pain","floor":5},{"not_picked":["Twin Strike","Bloodletting"],"picked":"Cleave","floor":7},{"not_picked":["Anger","Rupture"],"picked":"Shrug It Off","floor":8},{"not_picked":["Wild Strike","Rage"],"picked":"Juggernaut","floor":10},{"not_picked":["Iron Wave","Twin Strike"],"picked":"Anger","floor":12},{"not_picked":["Second Wind","Anger"],"picked":"Disarm","floor":14},{"not_picked":["Juggernaut","Demon Form"],"picked":"Feed","floor":16},{"not_picked":["Sever Soul","Armaments"],"picked":"Shrug It Off","floor":18},{"not_picked":["Heavy Blade","Thunderclap"],"picked":"Iron Wave+1","floor":22},{"not_picked":["Pommel Strike","Perfected Strike"],"picked":"Metallicize","floor":24},{"not_picked":["Dropkick","Heavy Blade"],"picked":"Thunderclap","floor":25},{"not_picked":["Rupture","Havoc"],"picked":"Shockwave","floor":27},{"not_picked":["Evolve+1","Brutality"],"picked":"Shrug It Off","floor":31},{"not_picked":["Juggernaut","Brutality"],"picked":"Offering","floor":33},{"not_picked":["Heavy Blade","Perfected Strike","Clothesline+1"],"picked":"SKIP","floor":35},{"not_picked":["Pommel Strike","Flex"],"picked":"Shrug It Off+1","floor":36},{"not_picked":["Clothesline","Anger","Clash"],"picked":"SKIP","floor":37},{"not_picked":["Feel No Pain","Havoc"],"picked":"Corruption+1","floor":38},{"not_picked":["Whirlwind","Sword Boomerang+1"],"picked":"Shrug It Off","floor":39},{"not_picked":["Power Through+1","Body Slam"],"picked":"Shockwave+1","floor":40},{"not_picked":["Twin Strike+1","Warcry"],"picked":"Shrug It Off+1","floor":44},{"not_picked":["Shockwave","Pummel","Carnage"],"picked":"SKIP","floor":45},{"not_picked":["Spot Weakness","Warcry"],"picked":"Juggernaut","floor":46},{"not_picked":["Battle Trance","Spot Weakness+1"],"picked":"Feel No Pain","floor":47},{"not_picked":["Whirlwind","Uppercut"],"picked":"Havoc","floor":48},{"not_picked":["Pommel Strike","Reckless Charge"],"picked":"Disarm","floor":55}],"player_experience":6241251,"relics_obtained":[{"floor":8,"key":"Mercury Hourglass"},{"floor":9,"key":"PreservedInsect"},{"floor":10,"key":"Boot"},{"floor":14,"key":"Champion Belt"},{"floor":25,"key":"Matryoshka"},{"floor":26,"key":"Ancient Tea Set"},{"floor":26,"key":"Pear"},{"floor":27,"key":"Oddly Smooth Stone"},{"floor":40,"key":"Smiling Mask"},{"floor":43,"key":"Strawberry"},{"floor":46,"key":"Art of War"},{"floor":47,"key":"Thread and Needle"},{"floor":48,"key":"Nunchaku"},{"floor":55,"key":"Incense Burner"}],"event_choices":[{"damage_healed":29,"gold_gain":0,"player_choice":"Banana","damage_taken":0,"max_hp_gain":0,"max_hp_loss":0,"event_name":"Big Fish","floor":2,"gold_loss":0},{"cards_removed":["Strike_R"],"damage_healed":0,"gold_gain":0,"player_choice":"Card Removal","damage_taken":0,"max_hp_gain":0,"max_hp_loss":0,"event_name":"The Cleric","floor":4,"gold_loss":75},{"damage_healed":0,"gold_gain":0,"player_choice":"Ignored","damage_taken":0,"max_hp_gain":0,"max_hp_loss":0,"event_name":"Liars Game","floor":11,"gold_loss":0},{"damage_healed":0,"gold_gain":0,"player_choice":"Grow","damage_taken":0,"max_hp_gain":0,"max_hp_loss":0,"event_name":"Living Wall","floor":13,"gold_loss":0,"cards_upgraded":["Juggernaut"]},{"damage_healed":0,"gold_gain":50,"player_choice":"Pray","damage_taken":0,"max_hp_gain":0,"max_hp_loss":0,"event_name":"Golden Shrine","floor":19,"gold_loss":0},{"damage_healed":0,"gold_gain":0,"player_choice":"Ignored","damage_taken":0,"max_hp_gain":0,"max_hp_loss":0,"event_name":"Beggar","floor":21,"gold_loss":0},{"damage_healed":0,"gold_gain":0,"player_choice":"Ignored","damage_taken":0,"max_hp_gain":0,"max_hp_loss":0,"event_name":"Vampires","floor":28,"gold_loss":0},{"damage_healed":0,"gold_gain":0,"player_choice":"Fight","damage_taken":0,"max_hp_gain":0,"max_hp_loss":0,"event_name":"MindBloom","floor":47,"gold_loss":0},{"damage_healed":0,"gold_gain":0,"player_choice":"Fight","damage_taken":0,"max_hp_gain":0,"max_hp_loss":0,"event_name":"Mysterious Sphere","floor":48,"gold_loss":0}],"is_beta":true,"boss_relics":[{"not_picked":["Lizard Tail","Orrery"],"picked":"Empty Cage"},{"not_picked":["Fusion Hammer","Calling Bell"],"picked":"Snecko Eye"}],"items_purged_floors":[20,29,42,54],"is_endless":false,"potions_floor_spawned":[1,5,10,12,22,27,31,36,38,39,46,47,55],"ascension_level":20}