{"gold_per_floor":[118,129,129,140,140,140,158,158,183,105,105,17,17,31,31,103,103,114,114,114,204,216,216,232,232,310,343,16,16,32,47,47,47],"floor_reached":33,"playtime":1074,"items_purged":[],"score":535,"play_id":"40262557-d100-4434-a61c-16394b96f094","local_time":"20190501014407","is_ascension_mode":true,"campfire_choices":[{"data":"Carnage","floor":6,"key":"SMITH"},{"data":"Clothesline","floor":8,"key":"SMITH"},{"data":"Exhume","floor":13,"key":"SMITH"},{"data":"Twin Strike","floor":15,"key":"SMITH"},{"data":"Demon Form","floor":23,"key":"SMITH"},{"data":"Impervious","floor":25,"key":"SMITH"},{"data":"True Grit","floor":29,"key":"SMITH"},{"data":"Sword Boomerang","floor":32,"key":"SMITH"}],"neow_cost":"NONE","seed_source_timestamp":718567023843930,"circlet_count":0,"master_deck":["AscendersBane","Defend_R","Defend_R","Defend_R","Defend_R","Bash+1","Clothesline+1","Twin Strike+1","Carnage+1","Exhume+1","Impervious+1","Reaper","Shrug It Off","Demon Form+1","Bite+1","Bite","Bite","Bite","Bite+1","True Grit+1","Sword Boomerang+1"],"relics":["Burning Blood","NeowsBlessing","Bronze Scales","Bag of Preparation","Meat on the Bone","Busted Crown","Mercury Hourglass","The Courier","Whetstone","Paper Frog"],"potions_floor_usage":[16,27,31,33],"damage_taken":[{"damage":0,"enemies":"2 Louse","floor":1,"turns":1},{"damage":0,"enemies":"Cultist","floor":2,"turns":1},{"damage":0,"enemies":"Small Slimes","floor":4,"turns":1},{"damage":7,"enemies":"Exordium Thugs","floor":7,"turns":4},{"damage":3,"enemies":"Blue Slaver","floor":14,"turns":3},{"damage":46,"enemies":"Slime Boss","floor":16,"turns":9},{"damage":1,"enemies":"3 Byrds","floor":18,"turns":4},{"damage":11,"enemies":"Spheric Guardian","floor":22,"turns":4},{"damage":8,"enemies":"Centurion and Healer","floor":24,"turns":8},{"damage":48,"enemies":"Book of Stabbing","floor":27,"turns":4},{"damage":1,"enemies":"Snecko","floor":30,"turns":4},{"damage":21,"enemies":"Shelled Parasite and Fungi","floor":31,"turns":3},{"damage":96,"enemies":"Automaton","floor":33,"turns":6}],"seed_played":"-6140777959373241526","potions_obtained":[{"floor":1,"key":"SmokeBomb"},{"floor":7,"key":"Strength Potion"},{"floor":14,"key":"AttackPotion"},{"floor":16,"key":"FearPotion"},{"floor":31,"key":"Energy Potion"}],"is_trial":false,"path_per_floor":["M","M","?","M","?","R","M","R","T","$","T","$","R","M","R","B",null,"M","?","?","?","M","R","M","R","T","E","$","R","M","M","R","B"],"character_chosen":"IRONCLAD","items_purchased":["Impervious","Reaper","Whetstone","Paper Frog"],"campfire_rested":0,"item_purchase_floors":[10,12,28,28],"current_hp_per_floor":[74,75,75,75,70,70,69,69,69,69,69,69,69,72,72,44,67,74,53,53,41,42,42,56,56,56,40,40,40,56,46,46,0],"gold":47,"neow_bonus":"THREE_ENEMY_KILL","is_prod":false,"is_daily":false,"chose_seed":false,"campfire_upgraded":8,"win_rate":0,"timestamp":1556689447,"path_taken":["M","M","?","?","?","R","M","R","T","$","?","?","R","M","R","BOSS","M","?","?","?","M","R","M","R","T","E","$","R","M","M","R","BOSS"],"build_version":"2019-01-23","purchased_purges":0,"victory":false,"max_hp_per_floor":[75,75,75,75,75,75,75,75,75,75,75,75,75,75,75,75,75,75,80,56,56,56,56,56,56,56,56,56,56,56,56,56,56],"card_choices":[{"not_picked":["Bloodletting","Heavy Blade"],"picked":"Clothesline","floor":1},{"not_picked":["Clothesline","Iron Wave"],"picked":"Twin Strike","floor":2},{"not_picked":["Anger","Intimidate"],"picked":"Carnage","floor":4},{"not_picked":["Pommel Strike","Armaments"],"picked":"Exhume","floor":7},{"not_picked":["Intimidate","Dual Wield"],"picked":"Shrug It Off","floor":14},{"not_picked":["Bludgeon","Double Tap"],"picked":"Demon Form","floor":16},{"not_picked":["Dropkick"],"picked":"SKIP","floor":18},{"not_picked":["Body Slam"],"picked":"SKIP","floor":22},{"not_picked":["Rampage"],"picked":"SKIP","floor":24},{"not_picked":[],"picked":"True Grit","floor":27},{"not_picked":[],"picked":"Sword Boomerang","floor":30},{"not_picked":["Clash"],"picked":"SKIP","floor":31}],"player_experience":2181437,"relics_obtained":[{"floor":9,"key":"Bag of Preparation"},{"floor":11,"key":"Meat on the Bone"},{"floor":26,"key":"Mercury Hourglass"},{"floor":27,"key":"The Courier"}],"event_choices":[{"damage_healed":0,"gold_gain":0,"player_choice":"Upgraded","damage_taken":0,"max_hp_gain":0,"max_hp_loss":0,"event_name":"Upgrade Shrine","floor":3,"gold_loss":0,"cards_upgraded":["Bash"]},{"damage_healed":0,"gold_gain":0,"player_choice":"Success","damage_taken":5,"relics_obtained":["Bronze Scales"],"max_hp_gain":0,"max_hp_loss":0,"event_name":"Scrap Ooze","floor":5,"gold_loss":0},{"damage_healed":0,"gold_gain":0,"player_choice":"Shed Blood","damage_taken":26,"max_hp_gain":5,"max_hp_loss":0,"event_name":"Forgotten Altar","floor":19,"gold_loss":0},{"damage_healed":0,"gold_gain":0,"player_choice":"Became a vampire","damage_taken":0,"max_hp_gain":0,"max_hp_loss":24,"event_name":"Vampires","floor":20,"gold_loss":0,"cards_obtained":["Bite","Bite","Bite","Bite","Bite"]},{"damage_healed":0,"gold_gain":90,"player_choice":"GOLD ","damage_taken":12,"max_hp_gain":0,"max_hp_loss":0,"event_name":"Knowing Skull","floor":21,"potions_obtained":[],"gold_loss":0,"cards_obtained":[]}],"is_beta":false,"boss_relics":[{"not_picked":["Pandora\u0027s Box","Runic Pyramid"],"picked":"Busted Crown"}],"items_purged_floors":[],"is_endless":false,"potions_floor_spawned":[1,7,14,16,18,24,31],"killed_by":"Automaton","ascension_level":20}