{"gold_per_floor":[116,131,21,21,21,21,54,64,90,90,90,129,79,119,119,119],"floor_reached":16,"playtime":390,"items_purged":[],"score":332,"play_id":"dbe235a3-5fed-4f48-bbc9-14da6ec3814e","local_time":"20190429094653","is_ascension_mode":true,"campfire_choices":[{"data":"Perfected Strike","floor":6,"key":"SMITH"},{"data":"Bash","floor":10,"key":"SMITH"},{"data":"Armaments","floor":15,"key":"SMITH"}],"neow_cost":"NONE","seed_source_timestamp":575407888299878,"circlet_count":0,"master_deck":["AscendersBane","Strike_R","Strike_R","Strike_R","Strike_R","Strike_R","Defend_R","Defend_R","Defend_R","Defend_R","Bash+1","Armaments+1","Perfected Strike+1","Twin Strike","Wild Strike","Shrug It Off","Wild Strike","Reaper"],"relics":["Burning Blood","NeowsBlessing","Red Skull","Matryoshka","Smiling Mask","Centennial Puzzle","Golden Idol","Bottled Flame","Incense Burner"],"potions_floor_usage":[12,16],"damage_taken":[{"damage":0,"enemies":"Jaw Worm","floor":1,"turns":1},{"damage":0,"enemies":"Small Slimes","floor":2,"turns":2},{"damage":0,"enemies":"3 Sentries","floor":7,"turns":2},{"damage":3,"enemies":"2 Louse","floor":8,"turns":2},{"damage":0,"enemies":"Gremlin Nob","floor":12,"turns":2},{"damage":20,"enemies":"3 Sentries","floor":14,"turns":6},{"damage":33,"enemies":"The Guardian","floor":16,"turns":9}],"seed_played":"-2248450120222369006","potions_obtained":[{"floor":1,"key":"FearPotion"},{"floor":7,"key":"FearPotion"}],"is_trial":false,"path_per_floor":["M","M","$","?","$","R","E","M","T","R","?","E","$","E","R","B"],"character_chosen":"IRONCLAD","items_purchased":["Twin Strike","Wild Strike","Wild Strike"],"campfire_rested":0,"item_purchase_floors":[3,3,13],"current_hp_per_floor":[74,75,75,57,57,57,63,66,66,66,40,46,46,32,32,0],"gold":119,"neow_bonus":"THREE_ENEMY_KILL","is_prod":false,"is_daily":false,"chose_seed":false,"campfire_upgraded":3,"win_rate":0,"timestamp":1556545613,"path_taken":["M","M","$","?","$","R","E","M","T","R","?","E","?","E","R","BOSS"],"build_version":"2019-01-23","purchased_purges":0,"victory":false,"max_hp_per_floor":[75,75,75,75,75,75,75,75,75,75,75,75,75,75,75,75],"card_choices":[{"not_picked":["Burning Pact","Sentinel"],"picked":"Armaments","floor":1},{"not_picked":["Anger","Sword Boomerang"],"picked":"Perfected Strike","floor":2},{"not_picked":["Iron Wave","Pommel Strike"],"picked":"Shrug It Off","floor":7},{"not_picked":["Sever Soul","Power Through","Sword Boomerang"],"picked":"SKIP","floor":8},{"not_picked":["Sentinel","Carnage","Havoc"],"picked":"SKIP","floor":12},{"not_picked":["Thunderclap","Power Through"],"picked":"Reaper","floor":14}],"player_experience":2095771,"relics_obtained":[{"floor":7,"key":"Matryoshka"},{"floor":9,"key":"Smiling Mask"},{"floor":9,"key":"Centennial Puzzle"},{"floor":12,"key":"Bottled Flame"},{"floor":14,"key":"Incense Burner"}],"event_choices":[{"damage_healed":0,"gold_gain":0,"player_choice":"Success","damage_taken":18,"relics_obtained":["Red Skull"],"max_hp_gain":0,"max_hp_loss":0,"event_name":"Scrap Ooze","floor":4,"gold_loss":0},{"damage_healed":0,"gold_gain":0,"player_choice":"Take Damage","damage_taken":26,"relics_obtained":["Golden Idol"],"max_hp_gain":0,"max_hp_loss":0,"event_name":"Golden Idol","floor":11,"gold_loss":0}],"is_beta":false,"boss_relics":[],"items_purged_floors":[],"is_endless":false,"potions_floor_spawned":[1,7],"killed_by":"The Guardian","ascension_level":20}