{"gold_per_floor":[112,37,37,47,6,34,48,73,73,85,85,118,118,118,118,192,192,202,87,99,117,131,131,163,163,163,192,205,239,239,258,258,335,335,352,352,368,368,77,102,102,127,127,127,145,170,170,180,180,180,180,180,180,51,84,84],"floor_reached":57,"playtime":4580,"items_purged":["Pain","Bite"],"score":3136,"play_id":"13fb2f0f-81ca-4f22-a318-c09ec29b0947","local_time":"20190506010531","is_ascension_mode":true,"campfire_choices":[{"data":"Darkness","floor":11,"key":"SMITH"},{"floor":15,"key":"REST"},{"data":"Defragment","floor":23,"key":"SMITH"},{"data":"Coolheaded","floor":30,"key":"SMITH"},{"data":"Hologram","floor":32,"key":"SMITH"},{"data":"Biased Cognition","floor":44,"key":"SMITH"},{"floor":49,"key":"RECALL"},{"data":"Loop","floor":53,"key":"SMITH"}],"neow_cost":"NONE","seed_source_timestamp":484220952676239,"circlet_count":0,"master_deck":["AscendersBane","Defend_B","Defend_B","Defend_B","Defend_B","Zap+1","Dualcast","Coolheaded+1","Reinforced Body","Genetic Algorithm","FTL","Darkness+1","Electrodynamics","Biased Cognition+1","Conserve Battery","Defragment+1","Glacier","Hologram+1","Turbo+1","Hologram+1","Bite","Bite","Bite","Bite","Core Surge","Reinforced Body+1","Multi-Cast","Go for the Eyes","Loop+1","Thinking Ahead","Panacea","Dark Shackles","Capacitor","Recycle","Chill","Capacitor","Go for the Eyes+1"],"relics":["Cracked Core","NeowsBlessing","Symbiotic Virus","Matryoshka","Potion Belt","Dodecahedron","Du-Vu Doll","WarpedTongs","Runic Pyramid","Sundial","Bronze Scales","Lantern","PreservedInsect","Velvet Choker","Omamori","Mummified Hand","Pear","Juzu Bracelet","DataDisk"],"potions_floor_usage":[16,16,21,22,27,27,56,56,56],"damage_taken":[{"damage":0,"enemies":"2 Louse","floor":1,"turns":1},{"damage":0,"enemies":"Jaw Worm","floor":4,"turns":1},{"damage":0,"enemies":"Lagavulin","floor":6,"turns":1},{"damage":0,"enemies":"Cultist","floor":7,"turns":4},{"damage":27,"enemies":"Gremlin Nob","floor":8,"turns":4},{"damage":0,"enemies":"Gremlin Gang","floor":10,"turns":3},{"damage":14,"enemies":"Lagavulin","floor":12,"turns":7},{"damage":24,"enemies":"Slime Boss","floor":16,"turns":7},{"damage":8,"enemies":"Chosen","floor":18,"turns":3},{"damage":3,"enemies":"Shell Parasite","floor":20,"turns":5},{"damage":0,"enemies":"Snake Plant","floor":21,"turns":4},{"damage":0,"enemies":"3 Cultists","floor":22,"turns":3},{"damage":6,"enemies":"Book of Stabbing","floor":24,"turns":3},{"damage":3,"enemies":"Slavers","floor":27,"turns":5},{"damage":4,"enemies":"Centurion and Healer","floor":28,"turns":5},{"damage":14,"enemies":"Book of Stabbing","floor":29,"turns":5},{"damage":19,"enemies":"Snake Plant","floor":31,"turns":4},{"damage":15,"enemies":"Automaton","floor":33,"turns":8},{"damage":10,"enemies":"3 Darklings","floor":35,"turns":4},{"damage":3,"enemies":"3 Shapes","floor":37,"turns":4},{"damage":8,"enemies":"Nemesis","floor":40,"turns":9},{"damage":0,"enemies":"Giant Head","floor":42,"turns":6},{"damage":0,"enemies":"Jaw Worm Horde","floor":45,"turns":3},{"damage":0,"enemies":"Nemesis","floor":46,"turns":7},{"damage":0,"enemies":"Sphere and 2 Shapes","floor":48,"turns":5},{"damage":14,"enemies":"Awakened One","floor":50,"turns":23},{"damage":19,"enemies":"Donu and Deca","floor":51,"turns":12},{"damage":0,"enemies":"Shield and Spear","floor":55,"turns":4},{"damage":0,"enemies":"The Heart","floor":56,"turns":11}],"seed_played":"8280511556804368250","potions_obtained":[{"floor":1,"key":"Energy Potion"},{"floor":7,"key":"Swift Potion"},{"floor":10,"key":"Block Potion"},{"floor":12,"key":"Regen Potion"},{"floor":16,"key":"Block Potion"},{"floor":21,"key":"GamblersBrew"},{"floor":22,"key":"Explosive Potion"},{"floor":24,"key":"Poison Potion"},{"floor":28,"key":"SpeedPotion"},{"floor":29,"key":"FearPotion"},{"floor":40,"key":"GamblersBrew"},{"floor":55,"key":"SpeedPotion"}],"is_trial":false,"path_per_floor":["M","?","?","M","$","E","M","E","T","M","R","E","?","?","R","B",null,"M","$","M","M","M","R","E","?","T","E","M","E","R","M","R","B",null,"M","?","M","?","$","E","$","E","T","R","M","E","?","M","R","B","B",null,"R","$","E","B",null],"character_chosen":"DEFECT","items_purchased":["Genetic Algorithm","Defragment","Dark Shackles","Capacitor","Chill","Capacitor"],"campfire_rested":1,"item_purchase_floors":[5,19,39,39,54,54],"current_hp_per_floor":[64,64,43,43,43,43,43,16,16,16,16,2,2,2,23,14,57,49,49,46,46,46,46,40,40,40,49,49,42,42,35,35,47,49,49,49,49,39,39,49,49,49,59,59,59,59,59,59,59,59,59,59,59,59,59,59],"gold":84,"neow_bonus":"THREE_ENEMY_KILL","is_prod":false,"is_daily":false,"chose_seed":false,"campfire_upgraded":6,"win_rate":0,"timestamp":1557129931,"path_taken":["M","?","?","M","$","E","M","E","T","M","R","E","?","?","R","BOSS","M","$","?","?","M","R","E","?","T","E","M","E","R","M","R","BOSS","M","?","M","?","$","E","?","E","T","R","?","E","?","M","R","BOSS","BOSS","R","$","E","BOSS"],"build_version":"2019-04-23","purchased_purges":2,"victory":true,"max_hp_per_floor":[71,71,71,71,71,71,71,71,71,71,71,71,71,71,71,71,71,71,71,71,71,71,71,71,49,49,49,49,49,49,49,49,49,49,49,49,49,49,49,49,49,49,59,59,59,59,59,59,59,59,59,59,59,59,59,59],"card_choices":[{"not_picked":["Blizzard","Conserve Battery"],"picked":"Coolheaded","floor":1},{"not_picked":["Rebound","Leap"],"picked":"Reinforced Body","floor":4},{"not_picked":["Gash","Skim"],"picked":"FTL","floor":6},{"not_picked":["Cold Snap","Streamline"],"picked":"Darkness","floor":7},{"not_picked":["Auto Shields","Aggregate"],"picked":"Electrodynamics","floor":8},{"not_picked":["Tempest","Force Field","Hologram"],"picked":"SKIP","floor":10},{"not_picked":["Tempest","Force Field","Hologram"],"picked":"SKIP","floor":10},{"not_picked":["Machine Learning","Cold Snap","Lockon"],"picked":"SKIP","floor":12},{"not_picked":["Machine Learning","Thunder Strike"],"picked":"Biased Cognition","floor":16},{"not_picked":["Rebound","Redo"],"picked":"Conserve Battery","floor":18},{"not_picked":["Leap","Stack"],"picked":"Glacier","floor":20},{"not_picked":["Compile Driver+1","Auto Shields"],"picked":"Hologram","floor":21},{"not_picked":["Gash","Hologram"],"picked":"Turbo+1","floor":22},{"not_picked":["Steam Power+1","Heatsinks"],"picked":"Hologram+1","floor":24},{"not_picked":["Rebound","Stack"],"picked":"Core Surge","floor":27},{"not_picked":["Redo","Turbo"],"picked":"Reinforced Body+1","floor":28},{"not_picked":["Conserve Battery+1","Gash","Fusion"],"picked":"SKIP","floor":29},{"not_picked":["Rebound","Beam Cell","Reinforced Body"],"picked":"SKIP","floor":31},{"not_picked":["Core Surge","Creative AI"],"picked":"Multi-Cast","floor":33},{"not_picked":["Leap","Compile Driver+1"],"picked":"Go for the Eyes","floor":35},{"not_picked":["Redo+1","Stack"],"picked":"Loop","floor":37},{"not_picked":["Purity","Transmutation"],"picked":"Thinking Ahead","floor":38},{"not_picked":["Thinking Ahead","Sadistic Nature"],"picked":"Panacea","floor":38},{"not_picked":["Rip and Tear+1","Hello World+1","Leap+1"],"picked":"SKIP","floor":40},{"not_picked":["Steam","Doom and Gloom+1","Go for the Eyes"],"picked":"SKIP","floor":42},{"not_picked":["Steam","Doom and Gloom+1","Go for the Eyes"],"picked":"SKIP","floor":42},{"not_picked":["Double Energy","Sweeping Beam"],"picked":"Recycle","floor":45},{"not_picked":["Storm+1","Reprogram","Steam"],"picked":"SKIP","floor":46},{"not_picked":["Chaos","Auto Shields+1","Self Repair"],"picked":"SKIP","floor":48},{"not_picked":["Turbo+1","FTL+1"],"picked":"Go for the Eyes+1","floor":55}],"player_experience":6202736,"relics_obtained":[{"floor":6,"key":"Symbiotic Virus"},{"floor":8,"key":"Matryoshka"},{"floor":9,"key":"Potion Belt"},{"floor":9,"key":"Dodecahedron"},{"floor":12,"key":"Du-Vu Doll"},{"floor":24,"key":"Sundial"},{"floor":26,"key":"Bronze Scales"},{"floor":27,"key":"Lantern"},{"floor":29,"key":"PreservedInsect"},{"floor":40,"key":"Omamori"},{"floor":42,"key":"Mummified Hand"},{"floor":43,"key":"Pear"},{"floor":46,"key":"Juzu Bracelet"},{"floor":55,"key":"DataDisk"}],"event_choices":[{"cards_removed":["Strike_B"],"damage_healed":0,"gold_gain":0,"player_choice":"Card Removal","damage_taken":0,"max_hp_gain":0,"max_hp_loss":0,"event_name":"The Cleric","floor":2,"gold_loss":75},{"damage_healed":0,"gold_gain":0,"player_choice":"Entered Light","damage_taken":21,"max_hp_gain":0,"max_hp_loss":0,"event_name":"Shining Light","floor":3,"gold_loss":0,"cards_upgraded":["Strike_B","Zap"]},{"damage_healed":0,"gold_gain":0,"player_choice":"Fled","damage_taken":0,"max_hp_gain":0,"max_hp_loss":0,"event_name":"Scrap Ooze","floor":13,"gold_loss":0},{"damage_healed":0,"gold_gain":0,"player_choice":"Rummage","damage_taken":0,"relics_obtained":["WarpedTongs"],"max_hp_gain":0,"max_hp_loss":0,"event_name":"Accursed Blacksmith","floor":14,"gold_loss":0,"cards_obtained":["Pain"]},{"damage_healed":0,"gold_gain":0,"player_choice":"Became a vampire","damage_taken":0,"max_hp_gain":0,"max_hp_loss":22,"event_name":"Vampires","floor":25,"gold_loss":0,"cards_obtained":["Bite","Bite","Bite","Bite","Bite"]},{"damage_healed":0,"gold_gain":0,"player_choice":"Ignored","damage_taken":0,"max_hp_gain":0,"max_hp_loss":0,"event_name":"Tomb of Lord Red Mask","floor":36,"gold_loss":0},{"damage_healed":0,"gold_gain":0,"player_choice":"Memory 3","damage_taken":10,"max_hp_gain":0,"max_hp_loss":0,"event_name":"SensoryStone","floor":38,"gold_loss":0},{"damage_healed":12,"gold_gain":0,"player_choice":"Writhe","damage_taken":0,"max_hp_gain":0,"max_hp_loss":0,"event_name":"Winding Halls","floor":47,"gold_loss":0,"cards_obtained":["Writhe"]}],"is_beta":true,"boss_relics":[{"not_picked":["White Beast Statue","FrozenCore"],"picked":"Runic Pyramid"},{"not_picked":["Runic Dome","Fusion Hammer"],"picked":"Velvet Choker"}],"items_purged_floors":[19,39],"is_endless":false,"potions_floor_spawned":[1,7,10,12,16,21,22,24,28,29,40,46,48,55],"ascension_level":20}