{"path_per_floor":["M","?","$","M","?","R","E","M","T","M","$","R","E","?","R","B",null,"M","?","M","?","?","R","?","R","T","M","?","E","M"],"character_chosen":"DEFECT","items_purchased":["Barrage","Heatsinks","Blaster"],"gold_per_floor":[114,189,141,154,154,154,188,208,208,222,109,109,141,141,141,242,242,261,176,190,190,190,190,190,190,190,208,235,260,275,275],"floor_reached":31,"campfire_rested":1,"playtime":1161,"current_hp_per_floor":[75,64,64,64,64,64,64,64,64,54,54,54,53,46,46,8,75,37,37,19,19,19,42,42,42,42,44,29,31,23,0],"items_purged":[],"gold":275,"score":327,"play_id":"094b32ff-dcee-41e8-a1f8-2209ff3d3144","local_time":"20180427134551","is_prod":false,"is_daily":false,"chose_seed":false,"is_ascension_mode":true,"campfire_upgraded":4,"timestamp":1524861951,"path_taken":["M","?","$","M","?","R","E","?","T","M","$","R","E","?","R","BOSS","M","?","M","?","?","R","?","R","T","?","?","E","M","M"],"build_version":"2018-04-26v2","seed_source_timestamp":159507723287861,"purchased_purges":1,"victory":false,"master_deck":["Strike_B+1","Strike_B+1","Strike_B+1","Defend_B+1","Defend_B+1","Defend_B+1","Defend_B+1","Zap+1","Dualcast+1","Rip and Tear","Barrage","Cold Snap","Cold Snap","Loop+1","Force Field","Heatsinks+1","Blaster","Stack","Echo Form+1","Ball Lightning","Force Field+1","Fusion"],"max_hp_per_floor":[75,75,75,75,75,75,75,75,75,75,75,75,75,75,75,75,75,75,75,77,77,77,77,77,77,77,79,79,81,81,81],"relics":["Cracked Core","NeowsBlessing","Shuriken","Toolbox","Singing Bowl","Philosopher\u0027s Stone","Dead Branch","Bottled Lightning","Red Mask","Oddly Smooth Stone"],"card_choices":[{"not_picked":["Capacitor","Stack"],"picked":"Rip and Tear","floor":1},{"not_picked":["Tempest","Hello World"],"picked":"Cold Snap","floor":4},{"not_picked":["Stack","Genetic Algorithm"],"picked":"Cold Snap","floor":7},{"not_picked":["Axe Kick","Static Discharge"],"picked":"Loop","floor":8},{"not_picked":["Stack","Undo"],"picked":"Force Field","floor":10},{"not_picked":["Streamline","Beam Cell"],"picked":"Stack","floor":13},{"not_picked":["Fusion","Biased Cognition"],"picked":"Echo Form","floor":16},{"not_picked":["Skim","Sweeping Beam"],"picked":"Ball Lightning","floor":18},{"not_picked":["Conserve Battery","FTL"],"picked":"Force Field","floor":28},{"not_picked":["Rip and Tear","White Noise"],"picked":"Fusion","floor":30}],"player_experience":520734,"potions_floor_usage":[13,13,16,30,30],"damage_taken":[{"damage":0,"enemies":"Jaw Worm","floor":1,"turns":1},{"damage":0,"enemies":"2 Louse","floor":4,"turns":1},{"damage":0,"enemies":"Gremlin Nob","floor":7,"turns":1},{"damage":0,"enemies":"Small Slimes","floor":8,"turns":2},{"damage":10,"enemies":"Looter","floor":10,"turns":2},{"damage":10,"enemies":"3 Sentries","floor":13,"turns":4},{"damage":38,"enemies":"Hexaghost","floor":16,"turns":13},{"damage":38,"enemies":"2 Thieves","floor":18,"turns":3},{"damage":20,"enemies":"Spheric Guardian","floor":20,"turns":4},{"damage":0,"enemies":"Snecko","floor":27,"turns":4},{"damage":15,"enemies":"Masked Bandits","floor":28,"turns":4},{"damage":0,"enemies":"Gremlin Leader","floor":29,"turns":6},{"damage":8,"enemies":"Snake Plant","floor":30,"turns":4},{"damage":34,"enemies":"Cultist and Chosen","floor":31,"turns":4}],"event_choices":[{"event_name":"World of Goop","player_choice":"Gather Gold","floor":2,"damage_taken":0},{"event_name":"Living Wall","player_choice":"Grow","floor":5,"damage_taken":0},{"event_name":"Golden Wing","player_choice":"Card Removal","floor":14,"damage_taken":0},{"event_name":"Addict","player_choice":"Obtained Relic","floor":19,"damage_taken":0},{"event_name":"Back to Basics","player_choice":"Simplicity","floor":21,"damage_taken":0},{"event_name":"Cursed Tome","player_choice":"Ignored","floor":22,"damage_taken":0},{"event_name":"The Mausoleum","player_choice":"No","floor":24,"damage_taken":0},{"event_name":"Masked Bandits","player_choice":"Fought over 208 gold","floor":28,"damage_taken":0}],"boss_relics":[{"not_picked":["Velvet Choker","Eternal Feather"],"picked":"Philosopher\u0027s Stone"}],"potions_floor_spawned":[4,7,8,10,27,29],"seed_played":"-8419795090780743558","killed_by":"Cultist and Chosen","ascension_level":1,"is_trial":false}