{"path_per_floor":["M","?","M","?","$","E","M","E","T","E","M","$","?","E","R","B",null,"M","$","M","?","M","R","E","R","T","?","R","M","R","E","R"],"character_chosen":"THE_SILENT","items_purchased":["Vajra","Acrobatics","Infinite Blades"],"gold_per_floor":[116,116,126,126,51,81,97,130,153,180,200,43,43,75,75,179,179,196,99,114,114,126,126,161,161,187,87,87,100,100,126,126],"floor_reached":33,"campfire_rested":3,"playtime":2925,"current_hp_per_floor":[70,70,70,67,67,67,67,47,47,38,35,35,90,67,67,49,80,85,85,69,69,43,43,22,51,51,51,80,30,59,35,35],"items_purged":["Normality"],"gold":126,"score":445,"play_id":"a0bf64ce-4b25-482d-b974-6123eda798f3","is_prod":false,"is_daily":false,"is_ascension_mode":true,"campfire_upgraded":3,"path_taken":["M","?","M","?","$","E","M","E","T","E","M","$","?","E","R","BOSS","M","$","?","?","M","R","E","R","T","?","R","M","R","E","R","BOSS"],"build_version":"2018-02-15-PROD1","purchased_purges":2,"victory":false,"master_deck":["Survivor","Neutralize","Footwork","Calculated Gamble+1","Dash","Leg Sweep","Die Die Die","Reflex","Tools of the Trade","Phantasmal Killer+1","Backflip","Deflect","Prepared","Flying Knee","All Out Attack","Accuracy","Malaise","Underhanded Strike","Escape Plan","PiercingWail","Outmaneuver+1","Acrobatics","Infinite Blades+1","Underhanded Strike+1","Quick Slash+1","Venomology","J.A.X.","Dash+1","Prepared+1","Noxious Fumes"],"max_hp_per_floor":[70,70,70,70,70,70,70,70,70,80,80,80,90,90,90,90,90,90,90,90,90,90,90,97,97,97,97,97,97,97,97,97],"relics":["Ring of the Snake","NeowsBlessing","Toolbox","Art of War","Sundial","Shuriken","Omamori","Pear","Vajra","Bird Faced Urn","Pandora\u0027s Box","Strawberry","Dream Catcher","Happy Flower"],"card_choices":[{"not_picked":["Catalyst","Endless Agony"],"picked":"Footwork"},{"not_picked":["Deadly Poison","Eviscerate"],"picked":"Calculated Gamble"},{"not_picked":["Dodge and Roll","Cloak And Dagger"],"picked":"Dash"},{"not_picked":["Setup","Cloak And Dagger"],"picked":"Leg Sweep"},{"not_picked":["Slice","Deflect"],"picked":"Envenom"},{"not_picked":["Skewer","Sucker Punch"],"picked":"Die Die Die"},{"not_picked":["Expertise","Poisoned Stab"],"picked":"Reflex"},{"not_picked":["Outmaneuver","Crippling Poison"],"picked":"Tools of the Trade"},{"not_picked":["Corpse Explosion","Grand Finale"],"picked":"Phantasmal Killer"},{"not_picked":["Slice","Masterful Stab"],"picked":"Outmaneuver"},{"not_picked":["Dagger Spray","Prepared"],"picked":"Underhanded Strike"},{"not_picked":["Sucker Punch","PiercingWail"],"picked":"Quick Slash"},{"not_picked":["Backstab","Poisoned Stab"],"picked":"Venomology"},{"not_picked":["Masterful Stab","Outmaneuver"],"picked":"Dash"},{"not_picked":["Flying Knee","Poisoned Stab"],"picked":"Prepared"},{"not_picked":["Eviscerate","PiercingWail"],"picked":"Noxious Fumes"}],"player_experience":271562,"potions_floor_usage":[8,14,16,22,24,31,31,31,33],"damage_taken":[{"damage":0,"enemies":"Small Slimes","floor":1,"turns":1},{"damage":0,"enemies":"Cultist","floor":3,"turns":1},{"damage":0,"enemies":"Lagavulin","floor":6,"turns":1},{"damage":0,"enemies":"2 Louse","floor":7,"turns":2},{"damage":24,"enemies":"Gremlin Nob","floor":8,"turns":8},{"damage":19,"enemies":"3 Sentries","floor":10,"turns":12},{"damage":3,"enemies":"Large Slime","floor":11,"turns":9},{"damage":23,"enemies":"Gremlin Nob","floor":14,"turns":5},{"damage":22,"enemies":"Hexaghost","floor":16,"turns":11},{"damage":3,"enemies":"Shell Parasite","floor":18,"turns":6},{"damage":25,"enemies":"Chosen","floor":20,"turns":5},{"damage":32,"enemies":"3 Cultists","floor":22,"turns":5},{"damage":36,"enemies":"Slavers","floor":24,"turns":4},{"damage":58,"enemies":"Slaver and Parasite","floor":29,"turns":5},{"damage":30,"enemies":"Book of Stabbing","floor":31,"turns":4},{"damage":46,"enemies":"Collector","floor":33,"turns":6}],"event_choices":[{"event_name":"Accursed Blacksmith","player_choice":"Rummage","floor":2,"damage_taken":0},{"event_name":"Scrap Ooze","player_choice":"success","floor":4,"damage_taken":3},{"event_name":"Bonfire Elementals","player_choice":"RARE","floor":13,"damage_taken":0},{"event_name":"Forgotten Altar","player_choice":"Smashed Altar","floor":21,"damage_taken":0},{"event_name":"Drug Dealer","player_choice":"Got JAXXED","floor":27,"damage_taken":0}],"boss_relics":[{"not_picked":["White Beast Statue","Ectoplasm"],"picked":"Pandora\u0027s Box"}],"potions_floor_spawned":[1,3,11,14,20,24],"seed_played":"-5037583787699836638","killed_by":"Collector","ascension_level":5,"is_trial":false}