{"path_per_floor":["M","?","M","?","M","R","?","M","T","M","M","M","E","$","R"],"character_chosen":"IRONCLAD","items_purchased":["Ginger"],"gold_per_floor":[111,111,127,127,141,141,141,156,228,253,278,293,337,24,24,24],"floor_reached":16,"campfire_rested":0,"playtime":625,"current_hp_per_floor":[60,60,58,32,26,26,26,32,32,21,27,22,11,11,11,0],"items_purged":[],"gold":24,"score":181,"play_id":"62de4a38-68cd-441b-9f57-6ae912e6e225","local_time":"20180415134750","is_prod":false,"is_daily":false,"chose_seed":false,"is_ascension_mode":true,"campfire_upgraded":2,"timestamp":1523814470,"path_taken":["M","?","M","?","M","R","?","M","T","M","?","M","E","$","R","BOSS"],"build_version":"2018-04-12","seed_source_timestamp":294213368351,"purchased_purges":1,"victory":false,"master_deck":["Strike_R","Strike_R","Strike_R","Strike_R","Strike_R","Defend_R","Defend_R","Defend_R","Defend_R","Bash","AscendersBane","Reckless Charge","Twin Strike","Dual Wield+1","Clothesline","Headbutt","Feel No Pain+1","Flex","Metallicize","Evolve"],"max_hp_per_floor":[75,75,75,75,75,75,75,75,75,75,75,75,75,75,75,75],"relics":["Burning Blood","Golden Idol","Spirit Poop","Letter Opener","Juzu Bracelet","Ginger"],"card_choices":[{"not_picked":["Thunderclap","Warcry"],"picked":"Reckless Charge","floor":1},{"not_picked":["Havoc","Body Slam"],"picked":"Dual Wield","floor":3},{"not_picked":["Headbutt","Cleave"],"picked":"Clothesline","floor":5},{"not_picked":["Sentinel","Cleave"],"picked":"Headbutt","floor":8},{"not_picked":["Cleave","Intimidate"],"picked":"Feel No Pain","floor":10},{"not_picked":["Second Wind","Anger"],"picked":"Flex","floor":11},{"not_picked":["Pummel","Flame Barrier"],"picked":"Metallicize","floor":12},{"not_picked":["Dual Wield","Sword Boomerang"],"picked":"Evolve","floor":13}],"player_experience":879767,"potions_floor_usage":[8,11,13,13],"damage_taken":[{"damage":14,"enemies":"Small Slimes","floor":1,"turns":6},{"damage":8,"enemies":"Cultist","floor":3,"turns":4},{"damage":12,"enemies":"Jaw Worm","floor":5,"turns":4},{"damage":0,"enemies":"Large Slime","floor":8,"turns":5},{"damage":17,"enemies":"Looter","floor":10,"turns":3},{"damage":0,"enemies":"2 Fungi Beasts","floor":11,"turns":2},{"damage":11,"enemies":"3 Louse","floor":12,"turns":3},{"damage":17,"enemies":"Lagavulin","floor":13,"turns":9},{"damage":12,"enemies":"Hexaghost","floor":16,"turns":9}],"event_choices":[{"event_name":"Match and Keep!","player_choice":"2 cards matched","floor":2,"damage_taken":0},{"event_name":"Golden Idol","player_choice":"Take Damage","floor":4,"damage_taken":0},{"event_name":"Bonfire Elementals","player_choice":"CURSE","floor":7,"damage_taken":0}],"boss_relics":[],"potions_floor_spawned":[3,5,8,11],"seed_played":"1927356577053219999","killed_by":"Hexaghost","ascension_level":15,"is_trial":false}