{"gold_per_floor":[115,115,135,148,113,113,126,126,126,126,126,46,60,22,22,99,99,116,116,41,41,57,57,57],"floor_reached":24,"playtime":471,"items_purged":[],"score":322,"play_id":"b9161b1a-b58f-4b2f-b14b-cb7ff03edfad","local_time":"20180812225740","is_ascension_mode":true,"campfire_choices":[{"data":"Zap","floor":6,"key":"SMITH"},{"data":"Reinforced Body","floor":8,"key":"SMITH"},{"data":"Dualcast","floor":10,"key":"SMITH"},{"data":"Defragment","floor":15,"key":"SMITH"},{"floor":23,"key":"REST"}],"neow_cost":"NONE","seed_source_timestamp":45004855620765,"circlet_count":0,"master_deck":["Strike_B","Strike_B","Defend_B","Defend_B","Defend_B","Defend_B","Zap+1","Dualcast+1","AscendersBane","Leap","Stack","Reinforced Body+1","Cold Snap","Loop","Leap+1","Capacitor","Defragment+1","Core Surge","Go for the Eyes"],"relics":["Cracked Core","Dream Catcher","Toxic Egg 2","Velvet Choker"],"potions_floor_usage":[13,16,24],"damage_taken":[{"damage":4,"enemies":"Small Slimes","floor":1,"turns":4},{"damage":9,"enemies":"Jaw Worm","floor":3,"turns":4},{"damage":0,"enemies":"Cultist","floor":4,"turns":3},{"damage":0,"enemies":"Red Slaver","floor":7,"turns":4},{"damage":0,"enemies":"Lots of Slimes","floor":13,"turns":2},{"damage":19,"enemies":"The Guardian","floor":16,"turns":15},{"damage":18,"enemies":"3 Byrds","floor":18,"turns":6},{"damage":2,"enemies":"Chosen","floor":22,"turns":7},{"damage":47,"enemies":"Gremlin Leader","floor":24,"turns":6}],"seed_played":"8303936387867916946","potions_obtained":[{"floor":4,"key":"Explosive Potion"},{"floor":13,"key":"Strength Potion"},{"floor":18,"key":"Weak Potion"}],"is_trial":false,"path_per_floor":["M","?","M","M","?","R","M","R","T","R","?","$","M","$","R","B",null,"M","?","?","?","M","R"],"character_chosen":"DEFECT","items_purchased":["Loop","Leap+1","Defragment"],"campfire_rested":1,"item_purchase_floors":[12,12,14],"current_hp_per_floor":[60,53,44,44,61,61,61,61,61,61,61,61,61,61,61,42,64,46,26,26,26,24,46,0],"gold":57,"neow_bonus":"RANDOM_COMMON_RELIC","is_prod":false,"is_daily":false,"chose_seed":false,"campfire_upgraded":4,"win_rate":0,"timestamp":1534139860,"path_taken":["M","?","M","?","?","R","M","R","T","R","?","?","M","?","R","BOSS","M","?","?","?","M","R","E"],"build_version":"2018-08-08","purchased_purges":0,"victory":false,"max_hp_per_floor":[71,71,71,71,71,71,71,71,71,71,71,71,71,71,71,71,71,71,76,76,76,76,76,76],"card_choices":[{"not_picked":["Hologram","Chaos"],"picked":"Leap","floor":1},{"not_picked":["Aggregate","Gash"],"picked":"Stack","floor":3},{"not_picked":["Compile Driver","Blizzard"],"picked":"Reinforced Body","floor":4},{"not_picked":["Steam","Meteor Strike"],"picked":"Cold Snap","floor":7},{"not_picked":["Rebound","Cold Snap"],"picked":"Capacitor","floor":13},{"not_picked":["Thunder Strike","Amplify+1"],"picked":"Core Surge","floor":16},{"not_picked":["Turbo+1","Compile Driver","Steam+1"],"picked":"SKIP","floor":18},{"not_picked":["Beam Cell","Darkness+1","Sweeping Beam+1"],"picked":"SKIP","floor":22},{"not_picked":["Barrage+1","Sweeping Beam+1"],"picked":"Go for the Eyes","floor":23}],"player_experience":876032,"relics_obtained":[{"floor":9,"key":"Toxic Egg 2"}],"event_choices":[{"event_name":"Golden Wing","player_choice":"Card Removal","floor":2,"damage_taken":0},{"event_name":"The Cleric","player_choice":"Healed","floor":5,"damage_taken":0},{"event_name":"Shining Light","player_choice":"Ignored","floor":11,"damage_taken":0},{"event_name":"Forgotten Altar","player_choice":"Shed Blood","floor":19,"damage_taken":0},{"event_name":"Beggar","player_choice":"Gave Gold","floor":20,"damage_taken":0},{"event_name":"Ghosts","player_choice":"Ignored","floor":21,"damage_taken":0}],"is_beta":true,"boss_relics":[{"not_picked":["White Beast Statue","Inserter"],"picked":"Velvet Choker"}],"items_purged_floors":[],"is_endless":false,"potions_floor_spawned":[4,13,18],"killed_by":"Gremlin Leader","ascension_level":15}