{"gold_per_floor":[116,126,126,137,137,137,151,151,203,238,238,269,269,116,116,190,190,202,217,237,266,266,266,266,296,320,350,364,364,235,235,235,308,308,325,340,340,5,58,58,93,93,116,128,128,178,178,198,198,198,198,198,148,148],"floor_reached":54,"playtime":1885,"items_purged":["Strike_B","Strike_B","Defend_B","Dualcast"],"score":1353,"play_id":"c5b69ab9-7ef9-4986-a005-04bd11a45516","local_time":"20190423193641","is_ascension_mode":true,"campfire_choices":[{"data":"Defragment","floor":6.0,"key":"SMITH"},{"data":"Sweeping Beam","floor":8.0,"key":"SMITH"},{"data":"Glacier","floor":11.0,"key":"SMITH"},{"data":"Loop","floor":13.0,"key":"SMITH"},{"data":"Defragment","floor":15.0,"key":"SMITH"},{"floor":23,"key":"REST"},{"floor":29,"key":"REST"},{"data":"Capacitor","floor":32,"key":"SMITH"},{"floor":40,"key":"REST"},{"floor":42,"key":"RECALL"},{"data":"Coolheaded","floor":47,"key":"SMITH"},{"data":"Chill","floor":49,"key":"SMITH"},{"data":"Electrodynamics","floor":52,"key":"SMITH"}],"neow_cost":"NONE","seed_source_timestamp":1139430549657480,"circlet_count":0,"master_deck":["AscendersBane","Defend_B","Defend_B","Defend_B","Zap+1","Defragment+1","Sweeping Beam+1","Chill+1","Reinforced Body","Glacier+1","Loop+1","Defragment+1","Electrodynamics+1","Cold Snap","Coolheaded","Biased Cognition","Capacitor+1","Bite+1","Bite","Bite","Bite","Bite","Echo Form","Ball Lightning+1","Capacitor","Coolheaded+1","Echo Form","Darkness"],"special_seed":0,"relics":["Cracked Core","Vajra","Ancient Tea Set","Regal Pillow","Sozu","Red Mask","Smiling Mask","Mercury Hourglass","Black Star","Medical Kit","Turnip","Du-Vu Doll","Singing Bowl","Strawberry","Whetstone"],"potions_floor_usage":[21,27],"damage_taken":[{"damage":0.0,"enemies":"Small Slimes","floor":1.0,"turns":3.0},{"damage":1.0,"enemies":"Cultist","floor":2.0,"turns":3.0},{"damage":6.0,"enemies":"2 Louse","floor":4.0,"turns":2.0},{"damage":0.0,"enemies":"Large Slime","floor":7.0,"turns":4.0},{"damage":17.0,"enemies":"Gremlin Nob","floor":10.0,"turns":4.0},{"damage":0.0,"enemies":"Lagavulin","floor":12.0,"turns":7.0},{"damage":2.0,"enemies":"Hexaghost","floor":16.0,"turns":12.0},{"damage":18.0,"enemies":"Chosen","floor":18.0,"turns":5.0},{"damage":2.0,"enemies":"Shell Parasite","floor":19.0,"turns":6.0},{"damage":14.0,"enemies":"Shelled Parasite and Fungi","floor":20.0,"turns":5.0},{"damage":0,"enemies":"Masked Bandits","floor":21,"turns":3},{"damage":17,"enemies":"Book of Stabbing","floor":25,"turns":8},{"damage":8,"enemies":"Gremlin Leader","floor":27,"turns":6},{"damage":1,"enemies":"Cultist and Chosen","floor":28,"turns":5},{"damage":0,"enemies":"Champ","floor":33,"turns":13},{"damage":0,"enemies":"3 Shapes","floor":35,"turns":5},{"damage":0,"enemies":"Orb Walker","floor":36,"turns":5},{"damage":35,"enemies":"2 Orb Walkers","floor":39,"turns":5},{"damage":36,"enemies":"Giant Head","floor":41,"turns":18},{"damage":4,"enemies":"Writhing Mass","floor":44,"turns":8},{"damage":2,"enemies":"Sphere and 2 Shapes","floor":48,"turns":7},{"damage":58,"enemies":"Time Eater","floor":50,"turns":20},{"damage":110,"enemies":"Shield and Spear","floor":54,"turns":5}],"seed_played":"-9121353676136900887","potions_obtained":[{"floor":1.0,"key":"LiquidBronze"},{"floor":12.0,"key":"Strength Potion"},{"floor":16.0,"key":"PowerPotion"}],"is_trial":false,"path_per_floor":["M","M","?","M","?","R","M","R","T","E","R","E","R","$","R","B",null,"M","M","M","?","?","R","?","E","T","E","M","R","$","?","R","B",null,"M","M","?","$","?","R","E","R","T","M","?","T","R","M","R","B",null,"R","$","E"],"character_chosen":"DEFECT","items_purchased":["Defragment","Capacitor","Capacitor","Medical Kit"],"campfire_rested":3,"item_purchase_floors":[14,30,38,38],"current_hp_per_floor":[71,70,70,64,64,64,64,64,64,47,47,47,47,47,47,45,70,52,50,36,36,14,53,53,36,36,30,31,70,70,70,70,83,83,83,83,73,73,42,81,83,83,90,90,85,85,85,87,87,87,87,87,87,0],"gold":148,"neow_bonus":"TEN_PERCENT_HP_BONUS","is_prod":false,"is_daily":false,"chose_seed":false,"campfire_upgraded":9,"win_rate":0,"timestamp":1556062601,"path_taken":["M","M","?","M","?","R","?","R","T","E","R","E","R","$","R","BOSS","M","M","?","?","?","R","?","E","T","E","M","R","$","?","R","BOSS","M","M","?","$","?","R","E","R","T","?","?","?","R","M","R","BOSS","R","$","E"],"build_version":"2019-04-21","purchased_purges":4,"victory":false,"max_hp_per_floor":[78,78,78,78,78,78,78,78,78,78,78,78,78,78,78,78,78,78,78,78,78,83,83,83,83,83,83,83,83,83,83,83,83,83,83,83,83,83,83,83,83,83,90,90,85,85,85,87,87,87,87,87,87,87],"card_choices":[{"not_picked":["Cold Snap","Steam"],"picked":"Defragment","floor":1.0},{"not_picked":["Leap","Beam Cell"],"picked":"Sweeping Beam","floor":2.0},{"not_picked":["Gash","Beam Cell"],"picked":"Chill","floor":4.0},{"not_picked":["Force Field","Steam"],"picked":"Reinforced Body","floor":7.0},{"not_picked":["Compile Driver","Streamline"],"picked":"Glacier","floor":10.0},{"not_picked":["Rip and Tear","Hologram"],"picked":"Loop","floor":12.0},{"not_picked":["Creative AI","Reboot"],"picked":"Electrodynamics","floor":16.0},{"not_picked":["Fusion","Streamline"],"picked":"Cold Snap","floor":18.0},{"not_picked":["Conserve Battery","Turbo","Steam"],"picked":"SKIP","floor":19.0},{"not_picked":["Ball Lightning","Heatsinks","Chaos"],"picked":"SKIP","floor":20.0},{"not_picked":["Fusion","Ball Lightning"],"picked":"Coolheaded","floor":21},{"not_picked":["Turbo","Doom and Gloom"],"picked":"Biased Cognition","floor":25},{"not_picked":["Chaos","Sweeping Beam","Storm"],"picked":"SKIP","floor":27},{"not_picked":["Hologram","Stack","Scrape"],"picked":"SKIP","floor":28},{"not_picked":["Hyperbeam","Thunder Strike"],"picked":"Echo Form","floor":33},{"not_picked":["Aggregate","Auto Shields+1","Rebound"],"picked":"SKIP","floor":35},{"not_picked":["Fusion","Coolheaded"],"picked":"Ball Lightning","floor":36},{"not_picked":["Tempest","Capacitor+1"],"picked":"Coolheaded","floor":39},{"not_picked":["Multi-Cast","Steam"],"picked":"Echo Form","floor":41},{"not_picked":["Hologram","Go for the Eyes"],"picked":"Darkness","floor":44},{"not_picked":["Barrage","Cold Snap","Hello World"],"picked":"Singing Bowl","floor":48}],"player_experience":2445685,"relics_obtained":[{"floor":10.0,"key":"Ancient Tea Set"},{"floor":12.0,"key":"Regal Pillow"},{"floor":21,"key":"Red Mask"},{"floor":25,"key":"Blood Vial"},{"floor":26,"key":"Smiling Mask"},{"floor":27,"key":"Mercury Hourglass"},{"floor":39,"key":"Turnip"},{"floor":41,"key":"Du-Vu Doll"},{"floor":41,"key":"Singing Bowl"},{"floor":43,"key":"Strawberry"},{"floor":46,"key":"Whetstone"}],"event_choices":[{"damage_healed":0.0,"max_hp_gain":0.0,"max_hp_loss":0.0,"gold_gain":0.0,"event_name":"Living Wall","player_choice":"Grow","floor":3.0,"gold_loss":0.0,"damage_taken":0.0,"cards_upgraded":["Zap"]},{"damage_healed":0.0,"max_hp_gain":0.0,"max_hp_loss":0.0,"gold_gain":0.0,"event_name":"WeMeetAgain","player_choice":"Gave Potion","floor":5.0,"gold_loss":0.0,"damage_taken":0.0,"relics_obtained":["Vajra"]},{"damage_healed":0,"gold_gain":0,"player_choice":"Fought Bandits","damage_taken":0,"max_hp_gain":0,"max_hp_loss":0,"event_name":"Masked Bandits","floor":21,"gold_loss":0},{"damage_healed":0,"gold_gain":0,"player_choice":"Shed Blood","damage_taken":27,"max_hp_gain":5,"max_hp_loss":0,"event_name":"Forgotten Altar","floor":22,"gold_loss":0},{"damage_healed":0,"gold_gain":0,"player_choice":"Ignored","damage_taken":0,"max_hp_gain":0,"max_hp_loss":0,"event_name":"Ghosts","floor":24,"gold_loss":0},{"damage_healed":0,"gold_gain":0,"player_choice":"Became a vampire (Vial)","damage_taken":0,"max_hp_gain":0,"max_hp_loss":0,"event_name":"Vampires","floor":31,"relics_lost":["Blood Vial"],"gold_loss":0,"cards_obtained":["Bite","Bite","Bite","Bite","Bite"]},{"damage_healed":0,"gold_gain":0,"player_choice":"Memory 3","damage_taken":10,"max_hp_gain":0,"max_hp_loss":0,"event_name":"SensoryStone","floor":37,"gold_loss":0},{"damage_healed":0,"gold_gain":0,"player_choice":"Fight","damage_taken":0,"max_hp_gain":0,"max_hp_loss":0,"event_name":"Mysterious Sphere","floor":39,"gold_loss":0},{"damage_healed":0,"gold_gain":0,"player_choice":"Max HP","damage_taken":0,"max_hp_gain":0,"max_hp_loss":5,"event_name":"Winding Halls","floor":45,"gold_loss":0}],"is_beta":true,"boss_relics":[{"not_picked":["Orrery","Snecko Eye"],"picked":"Sozu"},{"not_picked":["Tiny House","Lizard Tail"],"picked":"Black Star"}],"items_purged_floors":[14,30,38,53],"is_endless":false,"potions_floor_spawned":[1,12,16,20,25,33,35,44,48],"killed_by":"Shield and Spear","ascension_level":15}