{"gold_per_floor":[117,117,130,95,111,111,140,157,157,157,157,186,186,186,186,264,264,275,290,290,307,317,317,109,109,109,121,121,121,121,137,137,210,210,227,227,227,227,227,227,227,227,227,227,242,257,270,282,282,282],"floor_reached":51,"playtime":2083,"items_purged":["Strike_G"],"score":1255,"play_id":"530e8d1c-4bf3-4129-ba24-222efde812af","local_time":"20180903225211","is_ascension_mode":true,"campfire_choices":[{"data":"Neutralize","floor":6.0,"key":"SMITH"},{"floor":10.0,"key":"REST"},{"floor":13.0,"key":"REST"},{"data":"Noxious Fumes","floor":15.0,"key":"SMITH"},{"data":"Malaise","floor":23.0,"key":"SMITH"},{"data":"Footwork","floor":30.0,"key":"SMITH"},{"data":"Malaise","floor":32.0,"key":"SMITH"},{"data":"Footwork","floor":40.0,"key":"SMITH"},{"data":"Leg Sweep","floor":42.0,"key":"SMITH"},{"data":"Backflip","floor":44.0,"key":"SMITH"},{"data":"Noxious Fumes","floor":49.0,"key":"SMITH"}],"neow_cost":"","seed_source_timestamp":127577454388262,"circlet_count":0,"master_deck":["Defend_G+1","Defend_G","Defend_G","Defend_G","Defend_G","Survivor+1","Neutralize+1","AscendersBane","Backstab","Sucker Punch","Backflip+1","Noxious Fumes+1","Blur","Malaise+1","Crippling Poison","Malaise+1","Dash+1","Footwork+1","Leg Sweep+1","Bite","Bite","Bite","Bite","Sucker Punch+1","Burst+1","Heel Hook+1","Footwork+1","Deflect+1","Backflip","Noxious Fumes+1"],"special_seed":0,"relics":["Ring of the Snake","Whetstone","Shuriken","Sozu","Nloth\u0027s Gift","Mercury Hourglass","Molten Egg 2","Coffee Dripper","Tingsha","Nunchaku","Mango"],"potions_floor_usage":[50],"damage_taken":[{"damage":0.0,"enemies":"Jaw Worm","floor":1.0,"turns":6.0},{"damage":0.0,"enemies":"Small Slimes","floor":3.0,"turns":4.0},{"damage":0.0,"enemies":"2 Louse","floor":5.0,"turns":3.0},{"damage":39.0,"enemies":"3 Sentries","floor":7.0,"turns":16.0},{"damage":8.0,"enemies":"Gremlin Gang","floor":8.0,"turns":5.0},{"damage":11.0,"enemies":"Lagavulin","floor":12.0,"turns":8.0},{"damage":3.0,"enemies":"The Guardian","floor":16.0,"turns":13.0},{"damage":7.0,"enemies":"Spheric Guardian","floor":18.0,"turns":5.0},{"damage":15.0,"enemies":"Shell Parasite","floor":19.0,"turns":6.0},{"damage":0.0,"enemies":"Centurion and Healer","floor":21.0,"turns":6.0},{"damage":2.0,"enemies":"Snecko","floor":22.0,"turns":10.0},{"damage":5.0,"enemies":"Snake Plant","floor":27.0,"turns":6.0},{"damage":17.0,"enemies":"Colosseum Slavers","floor":28.0,"turns":7.0},{"damage":6.0,"enemies":"Cultist and Chosen","floor":31.0,"turns":11.0},{"damage":26.0,"enemies":"Automaton","floor":33.0,"turns":12.0},{"damage":21.0,"enemies":"3 Darklings","floor":35.0,"turns":6.0},{"damage":0.0,"enemies":"Mind Bloom Boss Battle","floor":39.0,"turns":9.0},{"damage":7.0,"enemies":"3 Shapes","floor":45.0,"turns":3.0},{"damage":5.0,"enemies":"Transient","floor":46.0,"turns":6.0},{"damage":4.0,"enemies":"Maw","floor":47.0,"turns":10.0},{"damage":14.0,"enemies":"4 Shapes","floor":48.0,"turns":5.0},{"damage":31,"enemies":"Awakened One","floor":50,"turns":29}],"seed_played":"1490562049543002208","potions_obtained":[{"floor":7.0,"key":"Weak Potion"},{"floor":8.0,"key":"Ancient Potion"},{"floor":16.0,"key":"FearPotion"}],"is_trial":false,"path_per_floor":["M","?","M","?","M","R","E","M","T","R","?","E","R","?","R","B",null,"M","M","?","M","M","R","$","?","T","M","?","T","R","M","R","B",null,"M","?","?","?","?","R","?","R","T","R","M","M","M","M","R","B"],"character_chosen":"THE_SILENT","items_purchased":["Footwork","Leg Sweep"],"campfire_rested":2,"item_purchase_floors":[24,24],"current_hp_per_floor":[59,39,39,55,55,55,16,8,8,27,27,16,35,30,30,27,56,49,34,34,34,32,32,32,32,32,35,28,28,28,42,42,28,42,33,33,33,33,46,46,46,46,60,60,55,58,60,50,50,60],"gold":282,"neow_bonus":"","is_prod":false,"is_daily":false,"chose_seed":false,"campfire_upgraded":9,"win_rate":0,"timestamp":1536040331,"path_taken":["M","?","M","?","M","R","E","M","T","R","?","E","R","?","R","BOSS","M","M","?","M","M","R","$","?","T","M","?","?","R","M","R","BOSS","M","?","?","?","?","R","?","R","T","R","M","M","M","M","R","BOSS"],"build_version":"2018-08-30","purchased_purges":1,"victory":true,"max_hp_per_floor":[66,66,66,66,66,66,66,66,66,66,66,66,66,66,66,66,66,66,66,66,66,66,66,66,46,46,46,46,46,46,46,46,46,46,46,46,46,46,46,46,46,46,60,60,60,60,60,60,60,60],"card_choices":[{"not_picked":["Prepared","Quick Slash"],"picked":"Backstab","floor":1.0},{"not_picked":["Blur","Acrobatics"],"picked":"Sucker Punch","floor":3.0},{"not_picked":["Concentrate","Finisher"],"picked":"Backflip","floor":5.0},{"not_picked":["Blade Dance","Prepared"],"picked":"Noxious Fumes","floor":7.0},{"not_picked":["Flechettes","Terror","Skewer"],"picked":"SKIP","floor":8.0},{"not_picked":["Poisoned Stab","Blade Dance"],"picked":"Blur","floor":12.0},{"not_picked":["A Thousand Cuts","Burst"],"picked":"Malaise","floor":16.0},{"not_picked":["Dagger Spray","Tactician"],"picked":"Crippling Poison","floor":18.0},{"not_picked":["Prepared","Blade Dance","Riddle With Holes+1"],"picked":"SKIP","floor":19.0},{"not_picked":["Poisoned Stab","Finisher"],"picked":"Malaise","floor":21.0},{"not_picked":["Cloak And Dagger","Deadly Poison"],"picked":"Dash+1","floor":22.0},{"not_picked":["Flying Knee","Choke","Eviscerate+1"],"picked":"SKIP","floor":27.0},{"not_picked":["Riddle With Holes+1","Expertise"],"picked":"Sucker Punch+1","floor":31.0},{"not_picked":["Corpse Explosion","Bullet Time"],"picked":"Burst","floor":33.0},{"not_picked":["Poisoned Stab+1","Flying Knee+1"],"picked":"Heel Hook+1","floor":35.0},{"not_picked":["Tactician+1","Acrobatics"],"picked":"Footwork","floor":39.0},{"not_picked":["Outmaneuver","Bane+1"],"picked":"Deflect+1","floor":45.0},{"not_picked":["Outmaneuver+1","Grand Finale+1"],"picked":"Backflip","floor":46.0},{"not_picked":["Bane+1","Deadly Poison"],"picked":"Noxious Fumes","floor":47.0},{"not_picked":["Flying Knee+1","Well Laid Plans","Poisoned Stab+1"],"picked":"SKIP","floor":48.0}],"player_experience":911839,"relics_obtained":[{"floor":7.0,"key":"Whetstone"},{"floor":9.0,"key":"Potion Belt"},{"floor":12.0,"key":"Shuriken"},{"floor":26.0,"key":"Mercury Hourglass"},{"floor":29.0,"key":"Molten Egg 2"},{"floor":38.0,"key":"Tingsha"},{"floor":39.0,"key":"Nunchaku"},{"floor":43.0,"key":"Mango"}],"event_choices":[{"event_name":"Shining Light","player_choice":"Entered Light","floor":2.0,"damage_taken":0.0},{"event_name":"The Cleric","player_choice":"Healed","floor":4.0,"damage_taken":0.0},{"event_name":"Dead Adventurer","player_choice":"Searched \u00270\u0027 times","floor":11.0,"damage_taken":0.0},{"event_name":"Scrap Ooze","player_choice":"unsuccessful","floor":14.0,"damage_taken":5.0},{"event_name":"N\u0027loth","player_choice":"Traded a Potion Belt","floor":20.0,"damage_taken":0.0},{"event_name":"Vampires","player_choice":"Became a vampire","floor":25.0,"damage_taken":0.0},{"event_name":"Colosseum","player_choice":"Fight","floor":28.0,"damage_taken":0.0},{"event_name":"Colosseum","player_choice":"Fled From Nobs","floor":28.0,"damage_taken":0.0},{"event_name":"Upgrade Shrine","player_choice":"Upgraded","floor":36.0,"damage_taken":0.0},{"event_name":"Falling","player_choice":"Removed Attack","floor":37.0,"damage_taken":0.0},{"event_name":"Wheel of Change","player_choice":"Relic","floor":38.0,"damage_taken":0.0},{"event_name":"MindBloom","player_choice":"Fight","floor":39.0,"damage_taken":0.0},{"event_name":"Mysterious Sphere","player_choice":"Ignore","floor":41.0,"damage_taken":0.0}],"is_beta":true,"boss_relics":[{"not_picked":["White Beast Statue","Fusion Hammer"],"picked":"Sozu"},{"not_picked":["Tiny House","Runic Dome"],"picked":"Coffee Dripper"}],"items_purged_floors":[24],"is_endless":false,"potions_floor_spawned":[7,8,16,21,27,28,31,35,48],"ascension_level":19}