{"gold_per_floor":[116,116,116,76,1,1,16,37,37,57,78,113,113,113,113,113],"floor_reached":16,"playtime":507,"items_purged":[],"score":189,"play_id":"d7977d6e-bf51-428d-80a1-3a0f4da041f6","local_time":"20190313001711","is_ascension_mode":true,"campfire_choices":[{"data":"Fire Breathing","floor":6,"key":"SMITH"},{"data":"Bash","floor":13,"key":"SMITH"},{"data":"Flex","floor":15,"key":"SMITH"}],"neow_cost":"NONE","seed_source_timestamp":825344579225858,"circlet_count":0,"master_deck":["AscendersBane","Strike_R","Strike_R","Strike_R","Defend_R","Defend_R","Defend_R","Defend_R","Bash+1","Spot Weakness","Flex+1","Fire Breathing+1","Cleave","Battle Trance+1","Burning Pact+1","Whirlwind+1"],"relics":["Burning Blood","Ancient Tea Set","Golden Idol","Toxic Egg 2","Molten Egg 2"],"potions_floor_usage":[10,11,14],"damage_taken":[{"damage":12,"enemies":"2 Louse","floor":1,"turns":3},{"damage":12,"enemies":"Small Slimes","floor":7,"turns":5},{"damage":7,"enemies":"Jaw Worm","floor":8,"turns":3},{"damage":0,"enemies":"Looter","floor":10,"turns":1},{"damage":3,"enemies":"Blue Slaver","floor":11,"turns":5},{"damage":30,"enemies":"Lagavulin","floor":12,"turns":7},{"damage":0,"enemies":"Red Slaver","floor":14,"turns":1},{"damage":38,"enemies":"Slime Boss","floor":16,"turns":3}],"seed_played":"2717601583421307088","potions_obtained":[{"floor":7,"key":"FearPotion"},{"floor":8,"key":"AttackPotion"},{"floor":12,"key":"SmokeBomb"}],"is_trial":false,"path_per_floor":["M","?","?","$","?","R","M","M","T","M","M","E","R","M","R","B"],"character_chosen":"IRONCLAD","items_purchased":["Fire Breathing"],"campfire_rested":0,"item_purchase_floors":[4],"current_hp_per_floor":[62,57,31,31,31,31,25,24,24,30,33,9,9,15,15,0],"gold":113,"neow_bonus":"TRANSFORM_CARD","is_prod":false,"is_daily":false,"chose_seed":false,"campfire_upgraded":3,"win_rate":0,"timestamp":1552450631,"path_taken":["M","?","?","?","?","R","M","M","T","M","?","E","R","M","R","BOSS"],"build_version":"2019-01-23","purchased_purges":0,"victory":false,"max_hp_per_floor":[75,75,75,75,75,75,75,75,75,75,75,75,75,75,75,75],"card_choices":[{"not_picked":["Body Slam","Rage"],"picked":"Flex","floor":1},{"not_picked":["Perfected Strike","Reckless Charge","Havoc"],"picked":"SKIP","floor":7},{"not_picked":["Evolve","Thunderclap"],"picked":"Cleave","floor":8},{"not_picked":["Havoc+1","Intimidate+1"],"picked":"Battle Trance+1","floor":10},{"not_picked":["Body Slam","Power Through+1"],"picked":"Burning Pact+1","floor":11},{"not_picked":["Shrug It Off+1","Cleave"],"picked":"Whirlwind","floor":12}],"player_experience":1062668,"relics_obtained":[{"floor":9,"key":"Toxic Egg 2"},{"floor":12,"key":"Molten Egg 2"}],"event_choices":[{"damage_healed":0,"gold_gain":0,"player_choice":"Success","damage_taken":5,"relics_obtained":["Ancient Tea Set"],"max_hp_gain":0,"max_hp_loss":0,"event_name":"Scrap Ooze","floor":2,"gold_loss":0},{"damage_healed":0,"gold_gain":0,"player_choice":"Take Damage","damage_taken":26,"relics_obtained":["Golden Idol"],"max_hp_gain":0,"max_hp_loss":0,"event_name":"Golden Idol","floor":3,"gold_loss":0},{"cards_removed":["Strike_R"],"damage_healed":0,"gold_gain":0,"player_choice":"Card Removal","damage_taken":0,"max_hp_gain":0,"max_hp_loss":0,"event_name":"The Cleric","floor":5,"gold_loss":75}],"is_beta":false,"boss_relics":[],"items_purged_floors":[],"is_endless":false,"potions_floor_spawned":[7,8,12],"killed_by":"Slime Boss","ascension_level":17}