{"gold_per_floor":[113,132,147,147,167,167,188,204,227,227,251,251,251,295,295,391,391,407,457,38,38,38,38,38,58,58,58,58,58,89,103,103,178,178,188,188,207,46,64,64,64,92,119,168,168,197,197,212,212,212],"floor_reached":51,"playtime":1382,"items_purged":[],"score":1320,"play_id":"dd160acf-4045-4f52-bf8a-a0077031be35","local_time":"20180926003118","is_ascension_mode":true,"campfire_choices":[{"data":"Zap","floor":6.0,"key":"SMITH"},{"data":"Tempest","floor":10.0,"key":"SMITH"},{"data":"Electrodynamics","floor":12.0,"key":"SMITH"},{"floor":15,"key":"REST"},{"data":"Defragment","floor":23,"key":"SMITH"},{"data":"Seek","floor":27,"key":"SMITH"},{"data":"Dualcast","floor":29,"key":"SMITH"},{"floor":32,"key":"REST"},{"data":"Buffer","floor":40,"key":"SMITH"},{"floor":47,"key":"REST"},{"data":"Panache","floor":49,"key":"SMITH"}],"neow_cost":"NONE","seed_source_timestamp":309505285035783,"circlet_count":0,"master_deck":["Defend_B","Defend_B","Defend_B","Zap+1","Dualcast+1","AscendersBane","Tempest+1","Gash","Go for the Eyes+1","Leap","Electrodynamics+1","Gash+1","Seek+1","Leap+1","Coolheaded+1","Turbo+1","Conserve Battery","Defragment+1","Blizzard","Steam","Conserve Battery+1","Biased Cognition","Buffer+1","White Noise","Finesse","Conserve Battery","Hologram+1","Glacier","Coolheaded","Panache+1","Finesse","Flash of Steel","Conserve Battery+1","Redo+1"],"special_seed":0,"relics":["FrozenCore","Bloody Idol","Regal Pillow","Pen Nib","Astrolabe","Runic Capacitor","Question Card","Centennial Puzzle","Whetstone","DataDisk","Ice Cream","Gambling Chip"],"potions_floor_usage":[14,50,50],"damage_taken":[{"damage":2.0,"enemies":"Jaw Worm","floor":1.0,"turns":3.0},{"damage":2.0,"enemies":"Small Slimes","floor":2.0,"turns":3.0},{"damage":0.0,"enemies":"Cultist","floor":3.0,"turns":3.0},{"damage":0.0,"enemies":"Large Slime","floor":5.0,"turns":5.0},{"damage":0.0,"enemies":"2 Fungi Beasts","floor":7.0,"turns":2.0},{"damage":11.0,"enemies":"Looter","floor":8.0,"turns":3.0},{"damage":4.0,"enemies":"Gremlin Gang","floor":11.0,"turns":2.0},{"damage":11,"enemies":"Lagavulin","floor":14,"turns":4},{"damage":15,"enemies":"The Guardian","floor":16,"turns":10},{"damage":6,"enemies":"Spheric Guardian","floor":18,"turns":3},{"damage":8,"enemies":"2 Thieves","floor":25,"turns":3},{"damage":11,"enemies":"Gremlin Leader","floor":30,"turns":4},{"damage":35,"enemies":"Shelled Parasite and Fungi","floor":31,"turns":6},{"damage":33,"enemies":"Automaton","floor":33,"turns":8},{"damage":7,"enemies":"Orb Walker","floor":35,"turns":6},{"damage":5,"enemies":"3 Shapes","floor":37,"turns":3},{"damage":0,"enemies":"3 Darklings","floor":39,"turns":4},{"damage":21,"enemies":"Nemesis","floor":42,"turns":11},{"damage":0,"enemies":"Mysterious Sphere","floor":44,"turns":4},{"damage":20,"enemies":"2 Orb Walkers","floor":46,"turns":4},{"damage":0,"enemies":"Maw","floor":48,"turns":8},{"damage":9,"enemies":"Donu and Deca","floor":50,"turns":9}],"seed_played":"-653611612456050097","potions_obtained":[{"floor":3.0,"key":"SkillPotion"},{"floor":5.0,"key":"Strength Potion"},{"floor":11.0,"key":"Dexterity Potion"},{"floor":18,"key":"Dexterity Potion"}],"is_trial":false,"path_per_floor":["M","M","M","?","M","R","M","M","T","R","M","R","?","E","R","B",null,"M","?","$","?","$","R","$","M","T","R","?","R","E","M","R","B",null,"M","?","M","$","M","R","$","E","T","?","?","E","R","M","R","B"],"character_chosen":"DEFECT","items_purchased":["Defragment","Runic Capacitor","Blizzard","Finesse","Conserve Battery"],"campfire_rested":3,"item_purchase_floors":[20,20,20,38,38],"current_hp_per_floor":[62,60,60,60,60,60,60,49,49,49,45,45,38,27,61,46,60,54,54,54,54,54,54,54,46,46,46,46,46,40,10,44,16,52,50,50,50,50,55,55,55,39,44,49,39,24,57,61,61,52],"gold":212,"neow_bonus":"TRANSFORM_CARD","is_prod":false,"is_daily":false,"chose_seed":false,"campfire_upgraded":8,"win_rate":0,"timestamp":1537947078,"path_taken":["M","M","M","?","M","R","M","M","T","R","M","R","?","E","R","BOSS","M","?","$","?","?","R","$","M","T","R","?","R","E","?","R","BOSS","M","?","M","$","M","R","$","E","T","?","?","E","R","M","R","BOSS"],"build_version":"2018-09-24","purchased_purges":0,"victory":true,"max_hp_per_floor":[71,71,71,64,64,64,64,64,64,64,64,64,64,64,64,64,64,64,64,64,64,64,64,64,64,64,64,64,64,64,64,64,64,64,64,61,61,61,61,61,61,61,61,61,61,61,61,61,61,61],"card_choices":[{"not_picked":["Consume","Barrage"],"picked":"Gash","floor":1.0},{"not_picked":["Hologram","Steam"],"picked":"Go for the Eyes","floor":2.0},{"not_picked":["Barrage","Rebound"],"picked":"Leap","floor":3.0},{"not_picked":["Hello World","Barrage"],"picked":"Electrodynamics","floor":5.0},{"not_picked":["Darkness","Chaos","Turbo"],"picked":"SKIP","floor":7.0},{"not_picked":["Sweeping Beam","Go for the Eyes"],"picked":"Gash","floor":8.0},{"not_picked":["Heatsinks","Genetic Algorithm","Steam"],"picked":"SKIP","floor":11.0},{"not_picked":["Chaos","Undo","Beam Cell"],"picked":"SKIP","floor":14},{"not_picked":["Fission","Hyperbeam"],"picked":"Seek","floor":16},{"not_picked":["Self Repair","Compile Driver"],"picked":"Conserve Battery","floor":18},{"not_picked":["Go for the Eyes","Doom and Gloom","Streamline"],"picked":"SKIP","floor":25},{"not_picked":["Steam Power","Streamline","Coolheaded"],"picked":"Conserve Battery+1","floor":30},{"not_picked":["Sunder","FTL+1","Gash"],"picked":"Biased Cognition","floor":31},{"not_picked":["Reboot","Machine Learning","Electrodynamics"],"picked":"Buffer","floor":33},{"not_picked":["Turbo","Undo","Sweeping Beam","Beam Cell"],"picked":"SKIP","floor":35},{"not_picked":["Fusion","Chaos","Gash"],"picked":"White Noise","floor":37},{"not_picked":["Barrage","Genetic Algorithm+1","Beam Cell"],"picked":"Hologram+1","floor":39},{"not_picked":["Reboot","White Noise","Buffer"],"picked":"Glacier","floor":42},{"not_picked":["Rebound","Hologram+1","Redo"],"picked":"Coolheaded","floor":44},{"not_picked":["Metamorphosis","Bandage Up","Sadistic Nature"],"picked":"Panache","floor":45},{"not_picked":["Forethought","Metamorphosis","Blind"],"picked":"Finesse","floor":45},{"not_picked":["Discovery","Jack Of All Trades","Mind Blast"],"picked":"Flash of Steel","floor":45},{"not_picked":["Barrage","Reinforced Body","Rebound"],"picked":"Conserve Battery+1","floor":46},{"not_picked":["Go for the Eyes","Aggregate+1","Compile Driver"],"picked":"Redo+1","floor":48}],"player_experience":932450,"relics_obtained":[{"floor":9.0,"key":"Regal Pillow"},{"floor":14,"key":"Pen Nib"},{"floor":26,"key":"Question Card"},{"floor":30,"key":"Centennial Puzzle"},{"floor":42,"key":"Whetstone"},{"floor":43,"key":"DataDisk"},{"floor":44,"key":"Ice Cream"},{"floor":46,"key":"Gambling Chip"}],"event_choices":[{"event_name":"Golden Idol","player_choice":"Lose Max HP","floor":4.0,"damage_taken":0.0},{"event_name":"Golden Wing","player_choice":"Card Removal","floor":13.0,"damage_taken":0.0},{"event_name":"Golden Shrine","player_choice":"Pray","floor":19,"damage_taken":0},{"event_name":"Match and Keep!","player_choice":"1 cards matched","floor":21,"damage_taken":0},{"event_name":"Forgotten Altar","player_choice":"Gave Idol","floor":28,"damage_taken":0},{"event_name":"Winding Halls","player_choice":"Max HP","floor":36,"damage_taken":0},{"event_name":"Mysterious Sphere","player_choice":"Fight","floor":44,"damage_taken":0},{"event_name":"SensoryStone","player_choice":"Memory 3","floor":45,"damage_taken":0}],"is_beta":true,"boss_relics":[{"not_picked":["Velvet Choker","Busted Crown"],"picked":"Astrolabe"},{"not_picked":["Runic Pyramid","Inserter"],"picked":"FrozenCore"}],"items_purged_floors":[],"is_endless":false,"potions_floor_spawned":[3,5,11,18,31,42,46,48],"ascension_level":17}