{"gold_per_floor":[118,118,34,34,34,34,68,93,93,93,93,134,148,186,186,282,282,297,347,121,71,92,92,136,136,163,198,198,219,219,262,262,358,358,377,400,156,156,170,201,201,235,259,295,314,314,335,289,289,289,289,289,289,16,60,60],"floor_reached":57,"playtime":3945,"items_purged":["Headbutt"],"score":3074,"play_id":"776e4508-69e4-4709-97af-ac2cb704848b","local_time":"20190508175902","is_ascension_mode":true,"campfire_choices":[{"data":"Bash","floor":6,"key":"SMITH"},{"floor":11,"key":"REST"},{"data":"Disarm","floor":15,"key":"SMITH"},{"data":"Armaments","floor":23,"key":"SMITH"},{"floor":28,"key":"REST"},{"floor":32,"key":"REST"},{"floor":41,"key":"REST"},{"floor":46,"key":"RECALL"},{"floor":49,"key":"REST"},{"data":"Heavy Blade","floor":53,"key":"SMITH"}],"neow_cost":"NONE","seed_source_timestamp":115472121123969,"circlet_count":0,"master_deck":["AscendersBane","Bash+1","Clothesline","Inflame+1","True Grit","Disarm+1","Sword Boomerang","Offering","Flame Barrier","Sentinel","Corruption","Heavy Blade+1","Exhume","Burning Pact","Limit Break","Armaments+1","Metallicize","Feel No Pain+1","Juggernaut","Shrug It Off","Burning Pact+1","Feed","Dark Embrace","Shrug It Off+1","Spot Weakness+1","Disarm","Entrench+1","Seeing Red","True Grit+1"],"relics":["Burning Blood","Golden Idol","Calipers","Boot","Red Skull","Lantern","Pandora\u0027s Box","Centennial Puzzle","Bronze Scales","Anchor","Question Card","Happy Flower","Snecko Eye","Potion Belt","Dream Catcher","Bag of Preparation","Blood Vial","The Courier","OrangePellets","Mercury Hourglass"],"potions_floor_usage":[12,18,27,31,40,56,56,56,56],"damage_taken":[{"damage":4,"enemies":"Jaw Worm","floor":1,"turns":5},{"damage":42,"enemies":"Gremlin Nob","floor":7,"turns":5},{"damage":8,"enemies":"Small Slimes","floor":8,"turns":4},{"damage":33,"enemies":"3 Sentries","floor":12,"turns":7},{"damage":0,"enemies":"2 Louse","floor":13,"turns":3},{"damage":6,"enemies":"Gremlin Nob","floor":14,"turns":3},{"damage":14,"enemies":"Hexaghost","floor":16,"turns":6},{"damage":7,"enemies":"3 Byrds","floor":18,"turns":3},{"damage":6,"enemies":"2 Thieves","floor":22,"turns":2},{"damage":16,"enemies":"Book of Stabbing","floor":24,"turns":4},{"damage":22,"enemies":"Gremlin Leader","floor":27,"turns":5},{"damage":6,"enemies":"Snecko","floor":29,"turns":3},{"damage":19,"enemies":"Slavers","floor":31,"turns":2},{"damage":22,"enemies":"Automaton","floor":33,"turns":7},{"damage":15,"enemies":"3 Darklings","floor":35,"turns":4},{"damage":6,"enemies":"3 Shapes","floor":36,"turns":2},{"damage":26,"enemies":"Sphere and 2 Shapes","floor":39,"turns":4},{"damage":34,"enemies":"Reptomancer","floor":40,"turns":3},{"damage":26,"enemies":"Nemesis","floor":42,"turns":3},{"damage":6,"enemies":"Giant Head","floor":44,"turns":3},{"damage":6,"enemies":"4 Shapes","floor":45,"turns":3},{"damage":0,"enemies":"Jaw Worm Horde","floor":47,"turns":1},{"damage":14,"enemies":"Awakened One","floor":50,"turns":6},{"damage":6,"enemies":"Time Eater","floor":51,"turns":4},{"damage":6,"enemies":"Shield and Spear","floor":55,"turns":3},{"damage":33,"enemies":"The Heart","floor":56,"turns":6}],"seed_played":"1452659238207830023","potions_obtained":[{"floor":7,"key":"LiquidBronze"},{"floor":12,"key":"Block Potion"},{"floor":14,"key":"Poison Potion"},{"floor":29,"key":"Weak Potion"},{"floor":36,"key":"SpeedPotion"},{"floor":39,"key":"LiquidBronze"},{"floor":45,"key":"Fire Potion"}],"is_trial":false,"path_per_floor":["M","?","$","?","?","R","E","M","T","?","R","E","M","E","R","B",null,"M","?","$","?","M","R","E","?","T","E","R","M","$","E","R","B",null,"M","M","$","?","M","E","R","E","T","E","M","R","M","$","R","B","B",null,"R","$","E","B",null],"character_chosen":"IRONCLAD","items_purchased":["Inflame","Centennial Puzzle","Strength Potion","Feed","Potion Belt","Strength Potion","OrangePellets","Energy Potion"],"campfire_rested":5,"item_purchase_floors":[3,20,20,37,37,48,54,54],"current_hp_per_floor":[70,63,63,68,68,68,32,30,30,19,40,13,19,19,19,11,57,56,56,56,56,56,56,46,46,46,30,51,51,51,38,59,43,65,56,56,56,61,45,21,45,28,28,33,43,43,59,59,89,90,96,109,109,109,119,98],"gold":60,"neow_bonus":"THREE_CARDS","is_prod":false,"is_daily":false,"chose_seed":false,"campfire_upgraded":4,"win_rate":0,"timestamp":1557363542,"path_taken":["M","?","$","?","?","R","E","M","T","?","R","E","M","E","R","BOSS","M","?","$","?","?","R","E","?","T","E","R","M","$","E","R","BOSS","M","M","?","?","M","E","R","E","T","E","M","R","M","$","R","BOSS","BOSS","R","$","E","BOSS"],"build_version":"2019-05-07","purchased_purges":1,"victory":true,"max_hp_per_floor":[75,75,75,80,72,72,72,72,72,72,72,72,72,72,72,72,72,72,72,72,72,72,72,72,72,72,72,72,72,72,72,72,72,72,72,72,72,72,76,80,80,83,83,86,94,94,102,102,102,109,113,113,113,113,121,125],"card_choices":[{"not_picked":["True Grit","Headbutt"],"picked":"Clothesline","floor":0},{"not_picked":["Clash","Havoc"],"picked":"Headbutt","floor":1},{"not_picked":["Sentinel","Dark Embrace"],"picked":"True Grit","floor":7},{"not_picked":["Searing Blow","Thunderclap"],"picked":"Anger","floor":8},{"not_picked":["Fire Breathing","Clash","Searing Blow"],"picked":"SKIP","floor":12},{"not_picked":["Cleave","Spot Weakness"],"picked":"Disarm","floor":13},{"not_picked":["Iron Wave","Blood for Blood"],"picked":"Sword Boomerang","floor":14},{"not_picked":["Juggernaut","Feed"],"picked":"Offering","floor":16},{"not_picked":["Cleave","Flex","Headbutt"],"picked":"SKIP","floor":18},{"not_picked":["Thunderclap","Cleave"],"picked":"Armaments","floor":22},{"not_picked":["Perfected Strike","Clothesline"],"picked":"Metallicize","floor":24},{"not_picked":["Flex","Berserk","Twin Strike+1"],"picked":"SKIP","floor":27},{"not_picked":["Sword Boomerang","Thunderclap","Perfected Strike","Warcry"],"picked":"SKIP","floor":29},{"not_picked":["Perfected Strike","Juggernaut","Sentinel"],"picked":"Feel No Pain+1","floor":31},{"not_picked":["Barricade","Bludgeon","Exhume"],"picked":"Juggernaut","floor":33},{"not_picked":["Dropkick","Body Slam","Second Wind"],"picked":"Shrug It Off","floor":35},{"not_picked":["Corruption+1","Sword Boomerang","Headbutt"],"picked":"Burning Pact+1","floor":36},{"not_picked":["Warcry","Cleave","Sword Boomerang+1"],"picked":"Dark Embrace","floor":39},{"not_picked":["Combust+1","Metallicize","Headbutt"],"picked":"Shrug It Off+1","floor":40},{"not_picked":["Heavy Blade","Headbutt","Thunderclap"],"picked":"Spot Weakness+1","floor":41},{"not_picked":["Sword Boomerang","Iron Wave","Wild Strike"],"picked":"Disarm","floor":42},{"not_picked":["Headbutt","Clothesline","Clash"],"picked":"Entrench+1","floor":44},{"not_picked":["Cleave","Sword Boomerang","Pummel"],"picked":"Seeing Red","floor":45},{"not_picked":["Iron Wave","Warcry","Clash"],"picked":"True Grit+1","floor":47},{"not_picked":["Havoc","Pommel Strike","Wild Strike","Headbutt"],"picked":"SKIP","floor":55}],"player_experience":6279657,"relics_obtained":[{"floor":7,"key":"Calipers"},{"floor":12,"key":"Red Skull"},{"floor":14,"key":"Lantern"},{"floor":24,"key":"Bronze Scales"},{"floor":26,"key":"Anchor"},{"floor":27,"key":"Question Card"},{"floor":31,"key":"Happy Flower"},{"floor":40,"key":"Dream Catcher"},{"floor":42,"key":"Bag of Preparation"},{"floor":43,"key":"Blood Vial"},{"floor":44,"key":"The Courier"},{"floor":55,"key":"Mercury Hourglass"}],"event_choices":[{"cards_removed":["Strike_R"],"damage_healed":0,"gold_gain":0,"player_choice":"Card Removal","damage_taken":7,"max_hp_gain":0,"max_hp_loss":0,"event_name":"Golden Wing","floor":2,"gold_loss":0},{"damage_healed":0,"gold_gain":0,"player_choice":"Donut","damage_taken":0,"max_hp_gain":5,"max_hp_loss":0,"event_name":"Big Fish","floor":4,"gold_loss":0},{"damage_healed":0,"gold_gain":0,"player_choice":"Lose Max HP","damage_taken":0,"relics_obtained":["Golden Idol"],"max_hp_gain":0,"max_hp_loss":8,"event_name":"Golden Idol","floor":5,"gold_loss":0},{"damage_healed":0,"gold_gain":0,"player_choice":"Success","damage_taken":11,"relics_obtained":["Boot"],"max_hp_gain":0,"max_hp_loss":0,"event_name":"Scrap Ooze","floor":10,"gold_loss":0},{"damage_healed":0,"gold_gain":50,"player_choice":"Stole From Cult","damage_taken":0,"max_hp_gain":0,"max_hp_loss":0,"event_name":"Nest","floor":19,"gold_loss":0},{"damage_healed":0,"gold_gain":0,"player_choice":"Upgrade","damage_taken":0,"max_hp_gain":0,"max_hp_loss":0,"event_name":"Designer","floor":21,"gold_loss":50,"cards_upgraded":["Inflame"]},{"cards_removed":["Dual Wield"],"damage_healed":0,"gold_gain":0,"player_choice":"Purged","damage_taken":0,"max_hp_gain":0,"max_hp_loss":0,"event_name":"Purifier","floor":25,"gold_loss":0},{"cards_removed":["Anger"],"damage_healed":5,"gold_gain":0,"player_choice":"Offered Common","damage_taken":0,"max_hp_gain":0,"max_hp_loss":0,"event_name":"Bonfire Elementals","floor":38,"gold_loss":0},{"cards_removed":["Anger"],"damage_healed":5,"gold_gain":0,"player_choice":"Offered Special","damage_taken":0,"max_hp_gain":0,"max_hp_loss":0,"event_name":"Bonfire Elementals","floor":38,"gold_loss":0}],"is_beta":true,"boss_relics":[{"not_picked":["Velvet Choker","Sozu"],"picked":"Pandora\u0027s Box"},{"not_picked":["Fusion Hammer","Runic Dome"],"picked":"Snecko Eye"}],"items_purged_floors":[54],"is_endless":false,"potions_floor_spawned":[7,12,14,16,22,24,29,36,39,45],"ascension_level":20}