{"gold_per_floor":[112,112,126,136,155,180,180,198,228,244,244,260,289,289,289,385,385,396,13,113,129,144,144,173,173,173,183,201,215,228,254,254,356,356,369,386,405,254,272,272,298,308,360,360,377,402,31,48,48,48],"floor_reached":51,"playtime":10332,"items_purged":["Defend_B"],"score":1101,"play_id":"feb05a97-7e4e-4e2d-9b10-2b78d09cdc8a","local_time":"20190317214721","is_ascension_mode":true,"campfire_choices":[{"data":"Zap","floor":7,"key":"SMITH"},{"data":"Hologram","floor":11,"key":"SMITH"},{"data":"Consume","floor":15,"key":"SMITH"},{"data":"Consume","floor":23,"key":"SMITH"},{"data":"Capacitor","floor":25,"key":"SMITH"},{"floor":32,"key":"REST"},{"floor":40,"key":"REST"},{"data":"Thunder Strike","floor":44,"key":"SMITH"},{"floor":49,"key":"REST"}],"neow_cost":"NONE","seed_source_timestamp":62095957179943,"circlet_count":0,"master_deck":["AscendersBane","Defend_B","Defend_B","Defend_B","Zap+1","Dualcast","Turbo","Hologram+1","Conserve Battery","Ball Lightning","Capacitor+1","Coolheaded","Go for the Eyes","Gash","Consume+1","Electrodynamics","Gash","Self Repair","Chill","Consume+1","Stack","Auto Shields","Hologram+1","Loop+1","Heatsinks+1","All For One","Echo Form+1","Scrape+1","Amplify+1","Reinforced Body+1","Compile Driver","Glacier","Double Energy","Loop+1","Coolheaded+1","Thunder Strike+1","FTL+1","Steam+1","Capacitor+1"],"relics":["Cracked Core","Meat on the Bone","Tiny Chest","Regal Pillow","Inserter","OrangePellets","Anchor","Frozen Egg 2","Kunai","Thread and Needle","Astrolabe","Shovel","Orichalcum","Torii","Calipers"],"potions_floor_usage":[5,8,12,13,18,24,27,39,39,41,41,50,50,50],"damage_taken":[{"damage":0,"enemies":"Cultist","floor":1,"turns":3},{"damage":7,"enemies":"2 Louse","floor":3,"turns":3},{"damage":4,"enemies":"Jaw Worm","floor":4,"turns":4},{"damage":20,"enemies":"Gremlin Gang","floor":5,"turns":4},{"damage":31,"enemies":"Gremlin Nob","floor":6,"turns":4},{"damage":8,"enemies":"3 Louse","floor":8,"turns":4},{"damage":1,"enemies":"Large Slime","floor":10,"turns":4},{"damage":3,"enemies":"Lots of Slimes","floor":12,"turns":3},{"damage":9,"enemies":"3 Sentries","floor":13,"turns":7},{"damage":20,"enemies":"The Guardian","floor":16,"turns":9},{"damage":26,"enemies":"3 Byrds","floor":18,"turns":4},{"damage":16,"enemies":"Shell Parasite","floor":21,"turns":5},{"damage":0,"enemies":"Centurion and Healer","floor":22,"turns":5},{"damage":49,"enemies":"Gremlin Leader","floor":24,"turns":6},{"damage":9,"enemies":"3 Cultists","floor":27,"turns":4},{"damage":19,"enemies":"Snake Plant","floor":28,"turns":3},{"damage":11,"enemies":"Centurion and Healer","floor":29,"turns":9},{"damage":2,"enemies":"Snecko","floor":30,"turns":5},{"damage":25,"enemies":"Book of Stabbing","floor":31,"turns":6},{"damage":59,"enemies":"Automaton","floor":33,"turns":8},{"damage":8,"enemies":"Orb Walker","floor":35,"turns":4},{"damage":27,"enemies":"3 Darklings","floor":36,"turns":7},{"damage":8,"enemies":"4 Shapes","floor":37,"turns":5},{"damage":29,"enemies":"Jaw Worm Horde","floor":39,"turns":4},{"damage":12,"enemies":"Nemesis","floor":41,"turns":9},{"damage":50,"enemies":"Maw","floor":42,"turns":9},{"damage":0,"enemies":"Sphere and 2 Shapes","floor":45,"turns":3},{"damage":41,"enemies":"Giant Head","floor":46,"turns":10},{"damage":13,"enemies":"Jaw Worm Horde","floor":48,"turns":6},{"damage":56,"enemies":"Donu and Deca","floor":50,"turns":14}],"seed_played":"4372226578121664651","potions_obtained":[{"floor":4,"key":"FocusPotion"},{"floor":6,"key":"GamblersBrew"},{"floor":10,"key":"FocusPotion"},{"floor":12,"key":"Block Potion"},{"floor":16,"key":"SkillPotion"},{"floor":22,"key":"Regen Potion"},{"floor":24,"key":"SkillPotion"},{"floor":28,"key":"Fire Potion"},{"floor":33,"key":"EssenceOfSteel"},{"floor":37,"key":"Poison Potion"},{"floor":39,"key":"EssenceOfSteel"},{"floor":41,"key":"FearPotion"},{"floor":45,"key":"SpeedPotion"},{"floor":48,"key":"SkillPotion"}],"is_trial":false,"path_per_floor":["M","?","M","M","M","E","R","M","T","M","R","M","E","?","R","B",null,"M","$","?","M","M","R","E","R","T","M","M","M","M","E","R","B",null,"M","M","M","$","M","R","E","M","T","R","M","E","$","M","R","B",null],"character_chosen":"DEFECT","items_purchased":["OrangePellets","Anchor","Self Repair","Loop+1","Calipers","Capacitor+1"],"campfire_rested":3,"item_purchase_floors":[19,19,19,38,47,47],"current_hp_per_floor":[75,75,68,64,44,13,13,17,17,28,28,37,40,45,45,37,75,49,49,49,52,59,59,34,34,34,37,30,38,55,49,87,47,77,76,63,55,55,38,79,74,50,50,50,50,21,21,27,68,31],"gold":48,"neow_bonus":"TEN_PERCENT_HP_BONUS","is_prod":false,"is_daily":false,"chose_seed":false,"campfire_upgraded":6,"win_rate":0,"timestamp":1552873641,"path_taken":["M","?","M","M","M","E","R","M","T","?","R","M","E","?","R","BOSS","M","$","?","M","M","R","E","R","T","M","M","M","M","E","R","BOSS","M","M","M","$","M","R","E","M","T","R","?","E","$","M","R","BOSS"],"build_version":"2019-01-23","purchased_purges":1,"victory":true,"max_hp_per_floor":[82,82,82,82,82,82,82,82,82,82,82,82,82,87,87,87,87,87,87,87,87,87,87,87,87,87,87,87,87,87,87,87,87,87,87,87,87,87,87,87,87,87,87,87,87,87,87,87,87,87],"card_choices":[{"not_picked":["Barrage","Recycle"],"picked":"Turbo","floor":1},{"not_picked":["Barrage","Sweeping Beam"],"picked":"Hologram","floor":3},{"not_picked":["Turbo","Beam Cell"],"picked":"Conserve Battery","floor":4},{"not_picked":["Glacier","Streamline"],"picked":"Ball Lightning","floor":5},{"not_picked":["Scrape","BootSequence"],"picked":"Capacitor","floor":6},{"not_picked":["Redo","Reboot"],"picked":"Coolheaded","floor":8},{"not_picked":["Leap","Coolheaded"],"picked":"Go for the Eyes","floor":10},{"not_picked":["Heatsinks","Fusion"],"picked":"Gash","floor":12},{"not_picked":["Stack","Tempest"],"picked":"Consume","floor":13},{"not_picked":["Hyperbeam","Multi-Cast"],"picked":"Electrodynamics","floor":16},{"not_picked":["Turbo+1","Force Field"],"picked":"Gash","floor":18},{"not_picked":["Tempest","Leap"],"picked":"Chill","floor":21},{"not_picked":["Hello World","Stack"],"picked":"Consume","floor":22},{"not_picked":["Consume","Sweeping Beam"],"picked":"Stack","floor":24},{"not_picked":["Coolheaded","Force Field"],"picked":"Auto Shields","floor":27},{"not_picked":["Stack","Turbo"],"picked":"Hologram+1","floor":28},{"not_picked":["Self Repair+1","Reinforced Body+1"],"picked":"Loop+1","floor":29},{"not_picked":["Hologram","Consume"],"picked":"Heatsinks+1","floor":30},{"not_picked":["Recycle","FTL"],"picked":"All For One","floor":31},{"not_picked":["Electrodynamics+1","Reboot"],"picked":"Echo Form+1","floor":33},{"not_picked":["Ball Lightning","Go for the Eyes+1"],"picked":"Compile Driver","floor":35},{"not_picked":["Barrage","Coolheaded+1"],"picked":"Glacier","floor":36},{"not_picked":["Chaos","Sweeping Beam+1"],"picked":"Double Energy","floor":37},{"not_picked":["Streamline+1","Redo"],"picked":"Coolheaded+1","floor":39},{"not_picked":["Coolheaded+1","Loop+1"],"picked":"Thunder Strike","floor":41},{"not_picked":["Coolheaded","Melter+1","Compile Driver"],"picked":"SKIP","floor":42},{"not_picked":["Leap","Cold Snap"],"picked":"FTL+1","floor":45},{"not_picked":["Ball Lightning+1","Compile Driver"],"picked":"Steam+1","floor":46},{"not_picked":["Recycle+1","Leap","Compile Driver+1"],"picked":"SKIP","floor":48}],"player_experience":1178709,"relics_obtained":[{"floor":6,"key":"Meat on the Bone"},{"floor":9,"key":"Tiny Chest"},{"floor":13,"key":"Regal Pillow"},{"floor":24,"key":"Frozen Egg 2"},{"floor":26,"key":"Kunai"},{"floor":31,"key":"Thread and Needle"},{"floor":41,"key":"Shovel"},{"floor":43,"key":"Orichalcum"},{"floor":46,"key":"Torii"}],"event_choices":[{"cards_removed":["Strike_B"],"damage_healed":0,"gold_gain":0,"player_choice":"Purged","damage_taken":0,"max_hp_gain":0,"max_hp_loss":0,"event_name":"Purifier","floor":2,"gold_loss":0},{"damage_healed":0,"gold_gain":0,"player_choice":"Donut","damage_taken":0,"max_hp_gain":5,"max_hp_loss":0,"event_name":"Big Fish","floor":14,"gold_loss":0},{"damage_healed":0,"gold_gain":100,"player_choice":"Pray","damage_taken":0,"max_hp_gain":0,"max_hp_loss":0,"event_name":"Golden Shrine","floor":20,"gold_loss":0}],"is_beta":false,"boss_relics":[{"not_picked":["Runic Dome","Black Star"],"picked":"Inserter"},{"not_picked":["Velvet Choker","Runic Pyramid"],"picked":"Astrolabe"}],"items_purged_floors":[38],"is_endless":false,"potions_floor_spawned":[4,6,10,12,16,22,24,28,33,37,39,41,45,48],"ascension_level":10}