{"path_per_floor":["M","?","$","?","M","R","M","R","T","R","M","E","M","M","R","B",null,"M","?","?","$","M","R","?","M","T","R","E","R","?","M","R"],"character_chosen":"THE_SILENT","items_purchased":["Well Laid Plans","Frozen Egg 2"],"gold_per_floor":[118,118,48,48,58,58,77,77,77,77,87,113,131,142,142,240,240,252,252,252,11,27,27,27,45,70,70,95,95,95,115,115],"floor_reached":33,"campfire_rested":0,"playtime":1595,"current_hp_per_floor":[62,62,62,62,60,60,58,58,72,72,72,82,82,72,72,26,70,66,58,58,58,56,56,46,36,36,36,38,38,38,38,38],"items_purged":[],"gold":115,"score":384,"play_id":"efe9dcdb-fa82-430d-b044-b0bfce45c25f","local_time":"20180311012834","is_prod":false,"is_daily":false,"is_ascension_mode":true,"campfire_upgraded":8,"timestamp":1520749714,"path_taken":["M","?","$","?","?","R","M","R","T","R","M","E","M","M","R","BOSS","M","?","?","$","M","R","?","?","T","R","E","R","?","M","R","BOSS"],"build_version":"2018-03-09","purchased_purges":0,"victory":false,"master_deck":["Defend_G","Defend_G","Defend_G","Defend_G","Survivor","Neutralize+1","Die Die Die","Well Laid Plans+1","Decay","Flying Knee+1","Deflect+1","Backflip+1","Deadly Poison+1","Dash+1","Riddle With Holes+1","Tools of the Trade+1","Caltrops+1","Bite","Bite+1","Bite","Bite+1","Bite","Noxious Fumes+1"],"max_hp_per_floor":[70,70,70,70,70,70,70,70,84,84,84,84,84,84,84,84,84,84,58,58,58,58,58,63,63,63,63,63,63,63,63,63],"relics":["Ring of the Snake","Mango","Snake Skull","Velvet Choker","Frozen Egg 2","Whetstone","Bag of Marbles"],"card_choices":[{"not_picked":["Slice","Outmaneuver"],"picked":"Die Die Die"},{"not_picked":["Underhanded Strike","Deadly Poison"],"picked":"Flying Knee"},{"not_picked":["Backflip","Sucker Punch"],"picked":"Deflect"},{"not_picked":["Blade Dance","Deflect"],"picked":"Backflip"},{"not_picked":["Underhanded Strike","Die Die Die"],"picked":"Deadly Poison"},{"not_picked":["Malaise","Cloak And Dagger"],"picked":"Dash"},{"not_picked":["Backstab","Concentrate"],"picked":"Riddle With Holes"},{"not_picked":["A Thousand Cuts","Night Terror"],"picked":"Tools of the Trade"},{"not_picked":["Outmaneuver","Prepared"],"picked":"Caltrops"},{"not_picked":["Dodge and Roll","Quick Slash"],"picked":"Noxious Fumes"}],"player_experience":446586,"potions_floor_usage":[12,12,16,25,28,31,31,33],"damage_taken":[{"damage":1,"enemies":"Cultist","floor":1,"turns":4},{"damage":2,"enemies":"2 Louse","floor":5,"turns":3},{"damage":2,"enemies":"Small Slimes","floor":7,"turns":2},{"damage":0,"enemies":"2 Fungi Beasts","floor":11,"turns":3},{"damage":4,"enemies":"Lagavulin","floor":12,"turns":8},{"damage":0,"enemies":"Exordium Wildlife","floor":13,"turns":3},{"damage":10,"enemies":"Large Slime","floor":14,"turns":4},{"damage":46,"enemies":"Hexaghost","floor":16,"turns":12},{"damage":4,"enemies":"Shell Parasite","floor":18,"turns":5},{"damage":4,"enemies":"Chosen","floor":22,"turns":5},{"damage":22,"enemies":"3 Cultists","floor":25,"turns":4},{"damage":17,"enemies":"Gremlin Leader","floor":28,"turns":6},{"damage":9,"enemies":"Slaver and Parasite","floor":31,"turns":3},{"damage":57,"enemies":"Collector","floor":33,"turns":7}],"event_choices":[{"event_name":"Upgrade Shrine","player_choice":"Upgraded","floor":2,"damage_taken":0},{"event_name":"Wheel of Change","player_choice":"Curse","floor":4,"damage_taken":0},{"event_name":"Vampires","player_choice":"Became a vampire","floor":19,"damage_taken":0},{"event_name":"Back to Basics","player_choice":"Elegance","floor":20,"damage_taken":0},{"event_name":"Forgotten Altar","player_choice":"Shed Blood","floor":24,"damage_taken":0},{"event_name":"The Lab","player_choice":"Got Potions","floor":30,"damage_taken":0}],"boss_relics":[{"not_picked":["Philosopher\u0027s Stone","Snecko Eye"],"picked":"Velvet Choker"}],"potions_floor_spawned":[5,7,14,16,18],"seed_played":"2797864332429554527","killed_by":"Collector","ascension_level":7,"is_trial":false}