{"gold_per_floor":[112,127,143,143,143,143,177,177,177,188,222,240,255,282,282,358,358,371,371,155,75,95,95,130,130,130,165,185,185,205,216,216,289,289,299,324,379,82,97,131,131,165,165,215,124,141,141,160,160,160,160,160,48,83,83],"floor_reached":56,"playtime":3294,"items_purged":["Strike_G","Infinite Blades"],"score":2076,"play_id":"b4f73e0e-7ff5-4f05-b43e-782aca6a7d87","local_time":"20190321223824","is_ascension_mode":true,"campfire_choices":[{"data":"Corpse Explosion","floor":6.0,"key":"SMITH"},{"floor":8.0,"key":"REST"},{"floor":15.0,"key":"REST"},{"data":"Catalyst","floor":23.0,"key":"SMITH"},{"data":"Well Laid Plans","floor":25.0,"key":"SMITH"},{"data":"After Image","floor":32.0,"key":"SMITH"},{"data":"Wraith Form v2","floor":41,"key":"SMITH"},{"floor":47,"key":"REST"},{"floor":49,"key":"RECALL"},{"data":"Footwork","floor":52,"key":"SMITH"}],"neow_cost":"TEN_PERCENT_HP_LOSS","seed_source_timestamp":729701507241930,"circlet_count":0,"master_deck":["AscendersBane","Survivor","Neutralize","Corpse Explosion+1","Catalyst+1","Dagger Spray","Storm of Steel","Poisoned Stab+1","PiercingWail+1","Backflip","Bane+1","Malaise+1","PiercingWail","After Image+1","Well Laid Plans+1","Acrobatics","Blur+1","Escape Plan+1","Deadly Poison+1","Ghostly+1","Ghostly+1","Ghostly+1","Dodge and Roll+1","PiercingWail+1","Adrenaline+1","Blur+1","Blade Dance+1","Backflip+1","Endless Agony+1","Predator+1","Calculated Gamble+1","Cloak And Dagger+1","Deflect+1","Wraith Form v2+1","Adrenaline+1","Footwork+1","Backflip+1","Dodge and Roll+1","Crippling Poison+1"],"special_seed":0,"relics":["Ring of the Snake","Molten Egg 2","Gremlin Horn","Bronze Scales","Pen Nib","Philosopher\u0027s Stone","Toxic Egg 2","PreservedInsect","Pandora\u0027s Box","Vajra","Pocketwatch","Happy Flower","Regal Pillow","Mummified Hand","Art of War","War Paint"],"potions_floor_usage":[37,40,55],"damage_taken":[{"damage":6.0,"enemies":"Jaw Worm","floor":1.0,"turns":4.0},{"damage":11.0,"enemies":"Cultist","floor":2.0,"turns":5.0},{"damage":0.0,"enemies":"2 Louse","floor":3.0,"turns":2.0},{"damage":17.0,"enemies":"Lagavulin","floor":7.0,"turns":8.0},{"damage":18.0,"enemies":"Exordium Thugs","floor":10.0,"turns":4.0},{"damage":19.0,"enemies":"Gremlin Nob","floor":11.0,"turns":4.0},{"damage":2.0,"enemies":"2 Fungi Beasts","floor":12.0,"turns":2.0},{"damage":1.0,"enemies":"Red Slaver","floor":13.0,"turns":4.0},{"damage":7.0,"enemies":"3 Sentries","floor":14.0,"turns":3.0},{"damage":7.0,"enemies":"Slime Boss","floor":16.0,"turns":7.0},{"damage":0.0,"enemies":"3 Byrds","floor":18.0,"turns":3.0},{"damage":9.0,"enemies":"Spheric Guardian","floor":22.0,"turns":5.0},{"damage":0.0,"enemies":"Gremlin Leader","floor":24.0,"turns":7.0},{"damage":12.0,"enemies":"Slavers","floor":27.0,"turns":2.0},{"damage":4.0,"enemies":"Snecko","floor":28.0,"turns":4.0},{"damage":6.0,"enemies":"Snake Plant","floor":30.0,"turns":2.0},{"damage":1.0,"enemies":"Centurion and Healer","floor":31.0,"turns":4.0},{"damage":8.0,"enemies":"Champ","floor":33.0,"turns":11.0},{"damage":1.0,"enemies":"3 Darklings","floor":35.0,"turns":2.0},{"damage":13,"enemies":"2 Orb Walkers","floor":37,"turns":2},{"damage":0,"enemies":"3 Shapes","floor":39,"turns":4},{"damage":2,"enemies":"Reptomancer","floor":40,"turns":3},{"damage":5,"enemies":"Nemesis","floor":42,"turns":7},{"damage":0,"enemies":"3 Darklings","floor":46,"turns":3},{"damage":0,"enemies":"Spire Growth","floor":48,"turns":5},{"damage":15,"enemies":"Awakened One","floor":50,"turns":19},{"damage":0,"enemies":"Shield and Spear","floor":54,"turns":4},{"damage":1,"enemies":"The Heart","floor":55,"turns":11}],"seed_played":"5524582820780833762","potions_obtained":[{"floor":1.0,"key":"FearPotion"},{"floor":7.0,"key":"SkillPotion"},{"floor":14.0,"key":"Energy Potion"},{"floor":16.0,"key":"Fire Potion"},{"floor":28.0,"key":"SkillPotion"},{"floor":35.0,"key":"Swift Potion"},{"floor":39,"key":"SkillPotion"},{"floor":42,"key":"Poison Potion"}],"is_trial":false,"path_per_floor":["M","M","M","?","?","R","E","R","T","M","E","M","M","E","R","B",null,"M","?","$","$","M","R","E","R","T","E","M","?","M","M","R","B",null,"M","T","?","$","M","E","R","E","T","?","$","M","R","M","R","B",null,"R","$","E","B",null],"character_chosen":"THE_SILENT","items_purchased":["After Image","Well Laid Plans","Happy Flower","Deflect+1","Footwork","Backflip+1","Crippling Poison+1","GamblersBrew"],"campfire_rested":3,"item_purchase_floors":[20,21,38,38,45,45,53,53],"current_hp_per_floor":[53,42,42,47,47,47,30,49,49,31,12,10,9,2,21,14,52,52,65,65,65,56,56,56,56,56,44,40,32,26,25,25,17,28,27,27,14,14,14,12,12,7,7,7,7,7,31,31,31,16,28,28,28,28,27],"gold":83,"neow_bonus":"THREE_RARE_CARDS","is_prod":false,"is_daily":false,"chose_seed":false,"campfire_upgraded":6,"win_rate":0,"timestamp":1553222304,"path_taken":["M","M","M","?","?","R","E","R","T","M","E","M","?","E","R","BOSS","M","?","?","$","M","R","E","R","T","E","M","?","?","M","R","BOSS","M","?","?","$","M","E","R","E","T","?","$","M","R","M","R","BOSS","R","$","E","BOSS"],"build_version":"2019-03-15","purchased_purges":2,"victory":true,"max_hp_per_floor":[60,60,60,65,65,65,65,65,65,65,65,65,65,65,65,65,65,65,65,65,65,65,65,65,65,65,65,65,32,32,32,32,32,32,32,32,32,32,32,32,32,32,32,32,32,32,32,32,32,32,32,32,32,32,32],"card_choices":[{"not_picked":["Adrenaline","Envenom"],"picked":"Corpse Explosion","floor":0.0},{"not_picked":["Choke","Reflex","Blade Dance"],"picked":"SKIP","floor":1.0},{"not_picked":["Cloak And Dagger","Backflip"],"picked":"Catalyst","floor":2.0},{"not_picked":["Blade Dance","Blur"],"picked":"Dagger Spray","floor":3.0},{"not_picked":["Infinite Blades","Prepared","Heel Hook"],"picked":"SKIP","floor":7.0},{"not_picked":["Blade Dance","Leg Sweep"],"picked":"Poisoned Stab+1","floor":10.0},{"not_picked":["Storm of Steel","Deadly Poison"],"picked":"PiercingWail","floor":11.0},{"not_picked":["Acrobatics","Infinite Blades"],"picked":"Backflip","floor":12.0},{"not_picked":["Flying Knee+1","Backflip","Bane+1"],"picked":"SKIP","floor":13.0},{"not_picked":["Expertise","Eviscerate+1"],"picked":"Bane+1","floor":14.0},{"not_picked":["Burst","Wraith Form v2"],"picked":"Malaise","floor":16.0},{"not_picked":["Outmaneuver+1","Choke+1"],"picked":"PiercingWail","floor":18.0},{"not_picked":["Prepared","Flying Knee+1"],"picked":"Acrobatics","floor":22.0},{"not_picked":["Eviscerate+1","Underhanded Strike+1"],"picked":"Blur","floor":24.0},{"not_picked":["Finisher+1","Tactician+1"],"picked":"Escape Plan+1","floor":27.0},{"not_picked":["Backflip+1","Reflex+1"],"picked":"Deadly Poison+1","floor":28.0},{"not_picked":["Flying Knee+1","PiercingWail+1"],"picked":"Dodge and Roll+1","floor":30.0},{"not_picked":["Deflect+1","Underhanded Strike+1"],"picked":"PiercingWail+1","floor":31.0},{"not_picked":["Poisoned Stab+1","Quick Slash+1","Distraction+1"],"picked":"SKIP","floor":35.0},{"not_picked":["Underhanded Strike+1","Distraction+1"],"picked":"Cloak And Dagger+1","floor":37},{"not_picked":["Terror+1","Outmaneuver+1","Poisoned Stab+1"],"picked":"SKIP","floor":39},{"not_picked":["Dagger Spray+1","Endless Agony+1"],"picked":"Wraith Form v2","floor":40},{"not_picked":["Concentrate+1","Dagger Spray+1"],"picked":"Adrenaline+1","floor":42},{"not_picked":["Riddle With Holes+1","Cloak And Dagger+1"],"picked":"Dodge and Roll+1","floor":46},{"not_picked":["Dagger Throw+1","Infinite Blades","Slice+1"],"picked":"SKIP","floor":48},{"not_picked":["Outmaneuver+1","Quick Slash+1","Slice+1"],"picked":"SKIP","floor":54}],"player_experience":2255805,"relics_obtained":[{"floor":7.0,"key":"Molten Egg 2"},{"floor":9.0,"key":"Gremlin Horn"},{"floor":11.0,"key":"Bronze Scales"},{"floor":14.0,"key":"Pen Nib"},{"floor":24.0,"key":"Toxic Egg 2"},{"floor":27.0,"key":"PreservedInsect"},{"floor":36.0,"key":"Vajra"},{"floor":37,"key":"Pocketwatch"},{"floor":40,"key":"Regal Pillow"},{"floor":42,"key":"Mummified Hand"},{"floor":43,"key":"Art of War"},{"floor":54,"key":"War Paint"}],"event_choices":[{"damage_healed":0.0,"max_hp_gain":5.0,"max_hp_loss":0.0,"gold_gain":0.0,"event_name":"Big Fish","player_choice":"Donut","floor":4.0,"gold_loss":0.0,"damage_taken":0.0},{"damage_healed":0.0,"max_hp_gain":0.0,"max_hp_loss":0.0,"gold_gain":0.0,"cards_transformed":["Strike_G"],"event_name":"Transmorgrifier","player_choice":"Transformed","floor":5.0,"gold_loss":0.0,"damage_taken":0.0,"cards_obtained":["Storm of Steel"]},{"damage_healed":13.0,"max_hp_gain":0.0,"max_hp_loss":0.0,"gold_gain":0.0,"event_name":"Wheel of Change","player_choice":"Full Heal","floor":19.0,"gold_loss":0.0,"damage_taken":0.0},{"damage_healed":0.0,"max_hp_gain":0.0,"max_hp_loss":33.0,"gold_gain":0.0,"event_name":"Ghosts","player_choice":"Became a Ghost","floor":29.0,"gold_loss":0.0,"damage_taken":0.0,"cards_obtained":["Ghostly","Ghostly","Ghostly"]},{"damage_healed":0,"gold_gain":0,"player_choice":"Fight","damage_taken":0,"max_hp_gain":0,"max_hp_loss":0,"event_name":"Mysterious Sphere","floor":37,"gold_loss":0},{"damage_healed":0,"gold_gain":50,"player_choice":"Pray","damage_taken":0,"max_hp_gain":0,"max_hp_loss":0,"event_name":"Golden Shrine","floor":44,"gold_loss":0}],"is_beta":true,"boss_relics":[{"not_picked":["Black Star","Snecko Eye"],"picked":"Philosopher\u0027s Stone"},{"not_picked":["White Beast Statue","Busted Crown"],"picked":"Pandora\u0027s Box"}],"items_purged_floors":[20,38],"is_endless":false,"potions_floor_spawned":[1,7,10,14,16,28,31,35,39,42],"ascension_level":15}