{"gold_per_floor":[369,379,85,105,105,105,140,140,165,197,18,44,54,54,54,131,131,151,101,101,116,32,32,60,60,60,60,77,96,96,127,127,199,199,209,209,209,228,238,238],"floor_reached":40,"playtime":1470,"items_purged":["Clumsy"],"score":959,"play_id":"4eb2c5e6-54a1-4e9f-bc41-fe2fbc1b527f","local_time":"20190316040523","is_ascension_mode":true,"campfire_choices":[{"data":"Apotheosis","floor":6,"key":"SMITH"},{"floor":8,"key":"REST"},{"data":"1","floor":15,"key":"LIFT"},{"data":"2","floor":23,"key":"LIFT"},{"data":"3","floor":25,"key":"LIFT"},{"floor":27,"key":"REST"},{"floor":32,"key":"REST"}],"neow_cost":"CURSE","seed_source_timestamp":232791007651902,"circlet_count":0,"master_deck":["AscendersBane","Strike_R","Strike_R","Strike_R","Strike_R","Strike_R","Defend_R","Defend_R","Defend_R","Bash","Perfected Strike","Perfected Strike","Perfected Strike","Apotheosis+1","Exhume","Perfected Strike","Disarm+1","Mayhem+1","Double Tap+1","Perfected Strike","Limit Break","Twin Strike","Flame Barrier","Body Slam+1","Heavy Blade","Barricade","Flame Barrier","Madness","Madness","Exhume","Perfected Strike"],"relics":["Burning Blood","Bronze Scales","Art of War","Girya","Omamori","Sozu","War Paint","Blood Vial","Thread and Needle","Fusion Hammer"],"potions_floor_usage":[10,12,16,21],"damage_taken":[{"damage":7,"enemies":"Cultist","floor":1,"turns":4},{"damage":16,"enemies":"Jaw Worm","floor":2,"turns":5},{"damage":19,"enemies":"Small Slimes","floor":4,"turns":3},{"damage":29,"enemies":"3 Sentries","floor":7,"turns":6},{"damage":0,"enemies":"Lagavulin","floor":10,"turns":4},{"damage":13,"enemies":"3 Sentries","floor":12,"turns":5},{"damage":6,"enemies":"2 Fungi Beasts","floor":13,"turns":2},{"damage":19,"enemies":"Hexaghost","floor":16,"turns":5},{"damage":14,"enemies":"2 Thieves","floor":18,"turns":3},{"damage":9,"enemies":"Shell Parasite","floor":21,"turns":2},{"damage":30,"enemies":"Gremlin Leader","floor":24,"turns":5},{"damage":24,"enemies":"Centurion and Healer","floor":28,"turns":4},{"damage":24,"enemies":"Snake Plant","floor":29,"turns":2},{"damage":15,"enemies":"Book of Stabbing","floor":31,"turns":3},{"damage":21,"enemies":"Champ","floor":33,"turns":7},{"damage":0,"enemies":"Orb Walker","floor":35,"turns":2},{"damage":5,"enemies":"3 Shapes","floor":38,"turns":7},{"damage":48,"enemies":"Writhing Mass","floor":39,"turns":5},{"damage":27,"enemies":"Giant Head","floor":40,"turns":4}],"seed_played":"-675890221030134436","potions_obtained":[{"floor":1,"key":"FearPotion"},{"floor":7,"key":"Dexterity Potion"},{"floor":13,"key":"FearPotion"},{"floor":16,"key":"Block Potion"}],"is_trial":false,"path_per_floor":["M","M","$","M","?","R","E","R","T","E","$","E","M","?","R","B",null,"M","?","$","M","$","R","E","R","T","R","M","M","?","E","R","B",null,"M","?","?","M","M","E"],"character_chosen":"IRONCLAD","items_purchased":["Perfected Strike","Apotheosis","Mayhem","Flame Barrier"],"campfire_rested":3,"item_purchase_floors":[3,3,11,22],"current_hp_per_floor":[67,57,57,44,37,37,14,36,36,42,42,35,35,35,35,22,62,54,54,54,51,51,51,27,27,27,49,33,17,17,10,32,19,61,69,55,55,58,18,0],"gold":238,"neow_bonus":"TWO_FIFTY_GOLD","is_prod":false,"is_daily":false,"chose_seed":false,"campfire_upgraded":1,"win_rate":0,"timestamp":1552723523,"path_taken":["M","?","$","M","?","R","E","R","T","E","$","E","M","?","R","BOSS","M","?","?","M","$","R","E","R","T","R","?","M","?","E","R","BOSS","M","?","?","M","?","E"],"build_version":"2019-01-23","purchased_purges":1,"victory":false,"max_hp_per_floor":[75,75,75,75,75,75,75,75,75,75,75,75,75,75,75,75,75,75,75,75,75,75,75,75,75,75,75,75,75,75,75,75,75,75,75,75,75,75,75,75],"card_choices":[{"not_picked":["Wild Strike","Second Wind"],"picked":"Perfected Strike","floor":1},{"not_picked":["Cleave","Clash"],"picked":"Perfected Strike","floor":2},{"not_picked":["Sword Boomerang","Cleave"],"picked":"Exhume","floor":4},{"not_picked":["Inflame","Warcry"],"picked":"Perfected Strike","floor":7},{"not_picked":["Searing Blow","Blood for Blood"],"picked":"Disarm","floor":10},{"not_picked":["Havoc","Headbutt"],"picked":"Double Tap","floor":12},{"not_picked":["Sword Boomerang","Reckless Charge"],"picked":"Perfected Strike","floor":13},{"not_picked":["Brutality","Offering"],"picked":"Limit Break","floor":16},{"not_picked":["Bloodletting","Thunderclap","Warcry"],"picked":"SKIP","floor":18},{"not_picked":["Reckless Charge","Clash"],"picked":"Twin Strike","floor":21},{"not_picked":["Combust","Iron Wave+1","Dropkick+1"],"picked":"SKIP","floor":24},{"not_picked":["Warcry","Burning Pact"],"picked":"Body Slam+1","floor":28},{"not_picked":["Havoc","Thunderclap"],"picked":"Heavy Blade","floor":29},{"not_picked":["Rampage+1","Pummel","Heavy Blade"],"picked":"SKIP","floor":31},{"not_picked":["Berserk","Demon Form"],"picked":"Barricade","floor":33},{"not_picked":["Cleave+1","Anger+1"],"picked":"Flame Barrier","floor":35},{"not_picked":["Armaments","True Grit","Carnage"],"picked":"SKIP","floor":38},{"not_picked":["Headbutt","Thunderclap"],"picked":"Perfected Strike","floor":39}],"player_experience":1157837,"relics_obtained":[{"floor":7,"key":"Bronze Scales"},{"floor":9,"key":"Art of War"},{"floor":10,"key":"Girya"},{"floor":12,"key":"Omamori"},{"floor":24,"key":"War Paint"},{"floor":26,"key":"Blood Vial"},{"floor":31,"key":"Thread and Needle"}],"event_choices":[{"cards_removed":["Defend_R"],"damage_healed":0,"gold_gain":0,"player_choice":"Card Removal","damage_taken":7,"max_hp_gain":0,"max_hp_loss":0,"event_name":"Golden Wing","floor":5,"gold_loss":0},{"damage_healed":0,"gold_gain":0,"player_choice":"Grow","damage_taken":0,"max_hp_gain":0,"max_hp_loss":0,"event_name":"Living Wall","floor":14,"gold_loss":0,"cards_upgraded":["Mayhem"]},{"damage_healed":0,"gold_gain":0,"player_choice":"Bet on Murderer","damage_taken":0,"max_hp_gain":0,"max_hp_loss":0,"event_name":"The Joust","floor":19,"gold_loss":50},{"damage_healed":0,"gold_gain":0,"player_choice":"Smashed Altar","damage_taken":0,"max_hp_gain":0,"max_hp_loss":0,"event_name":"Forgotten Altar","floor":30,"gold_loss":0,"cards_obtained":["Decay"]},{"damage_healed":0,"gold_gain":0,"player_choice":"Embrace Madness","damage_taken":14,"max_hp_gain":0,"max_hp_loss":0,"event_name":"Winding Halls","floor":36,"gold_loss":0,"cards_obtained":["Madness","Madness"]},{"damage_healed":0,"gold_gain":0,"player_choice":"1 cards matched","damage_taken":0,"max_hp_gain":0,"max_hp_loss":0,"event_name":"Match and Keep!","floor":37,"gold_loss":0,"cards_obtained":["Exhume"]}],"is_beta":false,"boss_relics":[{"not_picked":["Runic Cube","Cursed Key"],"picked":"Sozu"},{"not_picked":["Philosopher\u0027s Stone","Velvet Choker"],"picked":"Fusion Hammer"}],"items_purged_floors":[3],"is_endless":false,"potions_floor_spawned":[1,7,13,16,18,24,28],"killed_by":"Giant Head","ascension_level":20}