{"path_per_floor":["M","?","M","M","?","R","E","$","T","M","R","M","E","M","R","B",null,"M","?","?","$","?","R","M","E","T","?","R","?","M","$","R","B",null,"M","M","M","?","M","R","E","R","T","M","E","M","E","M","R","B"],"character_chosen":"DEFECT","items_purchased":["Force Field","Self Repair","Magnetism","Capacitor"],"gold_per_floor":[109,109,124,138,138,138,163,21,47,61,61,73,102,120,120,222,222,236,236,216,15,15,15,30,64,64,64,64,64,79,26,26,125,125,140,154,167,167,186,186,220,220,220,239,268,281,312,322,322,322],"floor_reached":51,"campfire_rested":2,"playtime":2757,"current_hp_per_floor":[72,72,70,68,56,56,51,51,51,54,54,56,40,49,49,14,75,64,48,48,48,48,48,56,49,49,49,49,35,22,22,46,56,80,77,80,48,38,31,55,48,48,48,70,80,80,80,80,80,53],"items_purged":[],"gold":322,"score":940,"play_id":"acf2988b-be3c-44c6-bae7-ae4ac7601f2f","local_time":"20180428204239","is_prod":false,"is_daily":false,"chose_seed":false,"is_ascension_mode":true,"campfire_upgraded":7,"timestamp":1524973359,"path_taken":["M","?","M","?","?","R","E","$","T","?","R","M","E","M","R","BOSS","M","?","?","$","?","R","?","E","T","?","R","?","M","$","R","BOSS","M","M","M","?","M","R","E","R","T","M","E","M","E","M","R","BOSS"],"build_version":"2018-04-27v3","seed_source_timestamp":269306895716717,"purchased_purges":0,"victory":true,"master_deck":["Strike_B","Defend_B","Defend_B","Defend_B","Defend_B","Zap+1","Defragment","Sunder","Cold Snap","Impulse+1","Ball Lightning","Ball Lightning","Ball Lightning","Go for the Eyes","Seek","Force Field","Self Repair","Barrage","Static Discharge+1","Chaos+1","Stack","Creative AI","Capacitor+1","Magnetism+1","Static Discharge","White Noise","White Noise","Capacitor","Seek+1","Chaos+1","Defragment+1","Creative AI+1","Buffer+1","Impulse+1","Sweeping Beam+1","Jack Of All Trades","Bandage Up","Apotheosis+1","Defragment+1","Stack+1","Stack+1","Buffer+1","Loop","Skim","Leap+1"],"max_hp_per_floor":[75,75,75,75,75,75,75,75,75,75,75,75,75,75,75,75,75,75,75,75,75,75,75,75,75,75,75,75,80,80,80,80,80,80,80,80,80,80,80,80,80,80,80,80,80,80,80,80,80,80],"relics":["Orrery","Blood Vial","Mummified Hand","Pen Nib","Turnip","Cursed Key","Nilry\u0027s Codex","Unceasing Top","Astrolabe","Art of War","Du-Vu Doll","Dream Catcher"],"card_choices":[{"not_picked":["Steam Power","Ball Lightning"],"picked":"Defragment","floor":0},{"not_picked":["Sweeping Beam","Barrage"],"picked":"Sunder","floor":0},{"not_picked":["Auto Shields","Hologram"],"picked":"Cold Snap","floor":0},{"not_picked":["Beam Cell","Buffer"],"picked":"Impulse","floor":0},{"not_picked":["Capacitor","Barrage"],"picked":"Ball Lightning","floor":0},{"not_picked":["Conserve Battery","Axe Kick"],"picked":"Ball Lightning","floor":1},{"not_picked":["Hyperbeam","Axe Kick"],"picked":"Ball Lightning","floor":3},{"not_picked":["Coolheaded","Ball Lightning"],"picked":"Go for the Eyes","floor":4},{"not_picked":["Self Repair","Impulse"],"picked":"Seek","floor":7},{"not_picked":["Tempest","Undo"],"picked":"Barrage","floor":10},{"not_picked":["Double Energy","Go for the Eyes"],"picked":"Static Discharge","floor":12},{"not_picked":["Skim","Cold Snap"],"picked":"Chaos","floor":13},{"not_picked":["Undo","Chaos"],"picked":"Stack","floor":14},{"not_picked":["Fusion","Machine Learning"],"picked":"Creative AI","floor":16},{"not_picked":["Sweeping Beam","Barrage"],"picked":"Capacitor","floor":18},{"not_picked":["Hologram","Axe Kick"],"picked":"Static Discharge","floor":24},{"not_picked":["Auto Shields","Axe Kick"],"picked":"White Noise","floor":25},{"not_picked":["Undo","Streamline"],"picked":"White Noise","floor":30},{"not_picked":["Rainbow","Fusion"],"picked":"Seek","floor":33},{"not_picked":["Go for the Eyes","Rebound"],"picked":"Buffer","floor":35},{"not_picked":["Sweeping Beam","Cold Snap"],"picked":"Impulse","floor":36},{"not_picked":["Ball Lightning","Axe Kick"],"picked":"Sweeping Beam","floor":37},{"not_picked":["Good Instincts","Blind"],"picked":"Jack Of All Trades","floor":38},{"not_picked":["Swift Strike","Jack Of All Trades"],"picked":"Bandage Up","floor":38},{"not_picked":["Secret Weapon","Panacea"],"picked":"Apotheosis","floor":38},{"not_picked":["Barrage","Impulse"],"picked":"Defragment","floor":39},{"not_picked":["Chaos","Streamline"],"picked":"Stack","floor":41},{"not_picked":["Skim","Scrape"],"picked":"Stack","floor":44},{"not_picked":["Beam Cell","Force Field"],"picked":"Buffer","floor":45},{"not_picked":["Cold Snap","Doom and Gloom"],"picked":"Loop","floor":46},{"not_picked":["Gash","Fusion"],"picked":"Skim","floor":47},{"not_picked":["Beam Cell","Skim"],"picked":"Leap","floor":48}],"player_experience":546327,"potions_floor_usage":[3,7,18,25,25,46,50,50],"damage_taken":[{"damage":3,"enemies":"Small Slimes","floor":1,"turns":2},{"damage":2,"enemies":"Cultist","floor":3,"turns":3},{"damage":2,"enemies":"Jaw Worm","floor":4,"turns":3},{"damage":7,"enemies":"Gremlin Nob","floor":7,"turns":3},{"damage":6,"enemies":"Exordium Wildlife","floor":10,"turns":3},{"damage":0,"enemies":"Large Slime","floor":12,"turns":2},{"damage":25,"enemies":"3 Sentries","floor":13,"turns":4},{"damage":0,"enemies":"Exordium Thugs","floor":14,"turns":4},{"damage":44,"enemies":"The Guardian","floor":16,"turns":8},{"damage":18,"enemies":"2 Thieves","floor":18,"turns":4},{"damage":1,"enemies":"Chosen","floor":24,"turns":3},{"damage":16,"enemies":"Slavers","floor":25,"turns":3},{"damage":22,"enemies":"Snake Plant","floor":30,"turns":4},{"damage":7,"enemies":"Champ","floor":33,"turns":8},{"damage":3,"enemies":"Orb Walker","floor":35,"turns":3},{"damage":5,"enemies":"3 Darklings","floor":36,"turns":3},{"damage":39,"enemies":"Spire Growth","floor":37,"turns":5},{"damage":22,"enemies":"4 Shapes","floor":39,"turns":4},{"damage":19,"enemies":"Nemesis","floor":41,"turns":3},{"damage":0,"enemies":"Maw","floor":44,"turns":4},{"damage":5,"enemies":"Giant Head","floor":45,"turns":4},{"damage":0,"enemies":"3 Darklings","floor":46,"turns":3},{"damage":8,"enemies":"Nemesis","floor":47,"turns":5},{"damage":0,"enemies":"Sphere and 2 Shapes","floor":48,"turns":5},{"damage":27,"enemies":"Time Eater","floor":50,"turns":8}],"event_choices":[{"event_name":"Purifier","player_choice":"One Purge","floor":2,"damage_taken":0},{"event_name":"Scrap Ooze","player_choice":"success","floor":5,"damage_taken":12},{"event_name":"Cursed Tome","player_choice":"Obtained Book","floor":19,"damage_taken":0},{"event_name":"The Woman in Blue","player_choice":"Bought 1 Potion","floor":20,"damage_taken":0},{"event_name":"Accursed Blacksmith","player_choice":"Forge","floor":22,"damage_taken":0},{"event_name":"Beggar","player_choice":"Ignored","floor":27,"damage_taken":0},{"event_name":"Forgotten Altar","player_choice":"Shed Blood","floor":29,"damage_taken":0},{"event_name":"SensoryStone","player_choice":"Memory 3","floor":38,"damage_taken":0}],"boss_relics":[{"not_picked":["Black Star","White Beast Statue"],"picked":"Cursed Key"},{"not_picked":["Eternal Feather","Pandora\u0027s Box"],"picked":"Astrolabe"}],"potions_floor_spawned":[1,4,13,14,16,24,36,39,46,47],"seed_played":"5478522838858898320","ascension_level":4,"is_trial":false}