{"gold_per_floor":[10,10,22,40,59,59,76,102,132,132,147,163,178,196,196,275,275,295,309,328,12,12],"floor_reached":22,"playtime":1943,"items_purged":[],"score":369,"play_id":"47f1ed4a-a73b-4f65-b23c-62f014911366","local_time":"20190502183844","is_ascension_mode":true,"campfire_choices":[{"data":"Zap","floor":6,"key":"SMITH"},{"data":"Beam Cell","floor":10,"key":"SMITH"},{"data":"Consume","floor":15,"key":"SMITH"}],"neow_cost":"NO_GOLD","seed_source_timestamp":31124305722157,"circlet_count":0,"master_deck":["AscendersBane","Strike_B","Strike_B","Strike_B","Strike_B","Defend_B","Defend_B","Defend_B","Defend_B","Zap+1","Dualcast","Reinforced Body","Cold Snap","Cold Snap","Barrage","Beam Cell+1","Lockon","Static Discharge","Rebound","Ball Lightning","Consume+1","Echo Form","Genetic Algorithm","Hologram"],"relics":["Cracked Core","Thread and Needle","FaceOfCleric","Matryoshka","Tiny Chest","Dodecahedron","Runic Dome","Membership Card","Regal Pillow"],"potions_floor_usage":[16,19,20],"damage_taken":[{"damage":1,"enemies":"2 Louse","floor":1,"turns":2},{"damage":0,"enemies":"Cultist","floor":3,"turns":3},{"damage":0,"enemies":"Jaw Worm","floor":4,"turns":4},{"damage":0,"enemies":"2 Fungi Beasts","floor":5,"turns":3},{"damage":0,"enemies":"Exordium Thugs","floor":7,"turns":4},{"damage":12,"enemies":"3 Sentries","floor":8,"turns":10},{"damage":4,"enemies":"Gremlin Gang","floor":11,"turns":5},{"damage":9,"enemies":"3 Louse","floor":12,"turns":3},{"damage":0,"enemies":"Blue Slaver","floor":13,"turns":3},{"damage":11,"enemies":"Exordium Wildlife","floor":14,"turns":3},{"damage":19,"enemies":"Hexaghost","floor":16,"turns":8},{"damage":16,"enemies":"3 Byrds","floor":18,"turns":5},{"damage":12,"enemies":"Shell Parasite","floor":19,"turns":5},{"damage":29,"enemies":"Snake Plant","floor":20,"turns":5},{"damage":29,"enemies":"3 Cultists","floor":22,"turns":3}],"seed_played":"5389891390137773039","potions_obtained":[{"floor":1,"key":"SkillPotion"},{"floor":4,"key":"Block Potion"},{"floor":14,"key":"PowerPotion"},{"floor":18,"key":"Regen Potion"},{"floor":20,"key":"SpeedPotion"}],"is_trial":false,"path_per_floor":["M","?","M","M","M","R","M","E","T","R","M","M","M","M","R","B",null,"M","M","M","$","M"],"character_chosen":"DEFECT","items_purchased":["Membership Card","Regal Pillow"],"campfire_rested":0,"item_purchase_floors":[21,21],"current_hp_per_floor":[63,63,64,65,66,66,67,56,56,56,53,45,46,36,36,18,65,50,53,25,25,0],"gold":12,"neow_bonus":"ONE_RARE_RELIC","is_prod":false,"is_daily":false,"chose_seed":false,"campfire_upgraded":3,"win_rate":0,"timestamp":1556815124,"path_taken":["M","?","M","M","M","R","M","E","T","R","M","M","M","M","R","BOSS","M","M","?","$","M"],"build_version":"2019-01-23","purchased_purges":0,"victory":false,"max_hp_per_floor":[71,71,72,73,74,74,75,76,76,76,77,78,79,80,80,81,81,82,83,84,84,84],"card_choices":[{"not_picked":["Hologram","Consume"],"picked":"Reinforced Body","floor":1},{"not_picked":["Reprogram","Gash"],"picked":"Cold Snap","floor":3},{"not_picked":["Coolheaded","Gash"],"picked":"Cold Snap","floor":4},{"not_picked":["Compile Driver","All For One"],"picked":"Barrage","floor":5},{"not_picked":["Steam","Coolheaded"],"picked":"Beam Cell","floor":7},{"not_picked":["Undo","Chill"],"picked":"Lockon","floor":8},{"not_picked":["Coolheaded","Compile Driver"],"picked":"Static Discharge","floor":11},{"not_picked":["Amplify","Stack"],"picked":"Rebound","floor":12},{"not_picked":["Coolheaded","Beam Cell"],"picked":"Ball Lightning","floor":13},{"not_picked":["Blizzard","Melter"],"picked":"Consume","floor":14},{"not_picked":["Reboot","Fission"],"picked":"Echo Form","floor":16},{"not_picked":["Gash","Go for the Eyes","Ball Lightning"],"picked":"SKIP","floor":18},{"not_picked":["Coolheaded","Self Repair"],"picked":"Genetic Algorithm","floor":19},{"not_picked":["Skim","Compile Driver"],"picked":"Hologram","floor":20}],"player_experience":314448,"relics_obtained":[{"floor":8,"key":"Matryoshka"},{"floor":9,"key":"Tiny Chest"},{"floor":9,"key":"Dodecahedron"}],"event_choices":[{"damage_healed":0,"gold_gain":0,"player_choice":"Trade","damage_taken":0,"relics_obtained":["FaceOfCleric"],"max_hp_gain":0,"max_hp_loss":0,"event_name":"FaceTrader","floor":2,"gold_loss":0}],"is_beta":false,"boss_relics":[{"not_picked":["Busted Crown","Fusion Hammer"],"picked":"Runic Dome"}],"items_purged_floors":[],"is_endless":false,"potions_floor_spawned":[1,4,7,14,18,20],"killed_by":"3 Cultists","ascension_level":18}