{"gold_per_floor":[119,132,132,132,151,151,186,186,186,225,225,150,214,214,214,304,304,319,144,185,204,79,79,122,122,122,47,68,83,83,121,121,210,210,225,1224,1248,1264,570,570,611,206,276,289,312,347,347,385,385,385,385,385,7,40,40],"floor_reached":56,"playtime":2626,"items_purged":["Pain","Strike_R","Strike_R","Normality","Normality"],"score":2237,"play_id":"80d2c435-497b-475d-abfe-90d361667959","local_time":"20190430223218","is_ascension_mode":true,"campfire_choices":[{"data":"Carnage","floor":6,"key":"SMITH"},{"floor":8,"key":"REST"},{"data":"Battle Trance","floor":11,"key":"SMITH"},{"floor":15,"key":"REST"},{"data":"Shockwave","floor":23,"key":"SMITH"},{"data":"Whirlwind","floor":25,"key":"SMITH"},{"data":"Demon Form","floor":30,"key":"SMITH"},{"floor":32,"key":"RECALL"},{"floor":40,"key":"REST"},{"floor":49,"key":"REST"},{"floor":52,"key":"REST"}],"neow_cost":"PERCENT_DAMAGE","seed_source_timestamp":121912288054940,"circlet_count":0,"master_deck":["AscendersBane","Strike_R","Strike_R","Defend_R","Defend_R","Defend_R","Defend_R","Bash","Carnage+1","Armaments","Headbutt","Battle Trance+1","Flame Barrier","Demon Form+1","Shockwave+1","Corruption","Spot Weakness","Whirlwind+1","Heavy Blade+1","Limit Break","Feed","Parasite","True Grit","Flame Barrier+1","Disarm","Burning Pact","PanicButton","Shrug It Off","Battle Trance+1","Feel No Pain","Reaper"],"relics":["Burning Blood","Thread and Needle","Golden Idol","WarpedTongs","Kunai","Darkstone Periapt","Anchor","Tiny Chest","Calipers","Snecko Eye","Red Mask","Mercury Hourglass","Bottled Lightning","Regal Pillow","Fusion Hammer","Sundial","Paper Frog","Dream Catcher","Bag of Preparation","Ice Cream","Mummified Hand","Self Forming Clay","Art of War"],"potions_floor_usage":[41,54],"damage_taken":[{"damage":2,"enemies":"Jaw Worm","floor":1,"turns":5},{"damage":0,"enemies":"Cultist","floor":2,"turns":3},{"damage":2,"enemies":"2 Louse","floor":5,"turns":3},{"damage":27,"enemies":"Gremlin Nob","floor":7,"turns":4},{"damage":19,"enemies":"3 Sentries","floor":10,"turns":6},{"damage":20,"enemies":"Lagavulin","floor":13,"turns":7},{"damage":2,"enemies":"The Guardian","floor":16,"turns":14},{"damage":0,"enemies":"Shell Parasite","floor":18,"turns":2},{"damage":1,"enemies":"Masked Bandits","floor":20,"turns":3},{"damage":0,"enemies":"Spheric Guardian","floor":21,"turns":5},{"damage":0,"enemies":"Slavers","floor":24,"turns":5},{"damage":0,"enemies":"Snecko","floor":28,"turns":3},{"damage":0,"enemies":"Chosen and Byrds","floor":29,"turns":3},{"damage":0,"enemies":"Gremlin Leader","floor":31,"turns":5},{"damage":13,"enemies":"Champ","floor":33,"turns":7},{"damage":0,"enemies":"Orb Walker","floor":35,"turns":4},{"damage":17,"enemies":"3 Shapes","floor":37,"turns":3},{"damage":26,"enemies":"Writhing Mass","floor":38,"turns":7},{"damage":50,"enemies":"Nemesis","floor":41,"turns":7},{"damage":0,"enemies":"Sphere and 2 Shapes","floor":44,"turns":3},{"damage":0,"enemies":"Jaw Worm Horde","floor":45,"turns":7},{"damage":0,"enemies":"Giant Head","floor":46,"turns":6},{"damage":7,"enemies":"Nemesis","floor":48,"turns":5},{"damage":22,"enemies":"Awakened One","floor":50,"turns":7},{"damage":8,"enemies":"Shield and Spear","floor":54,"turns":5},{"damage":51,"enemies":"The Heart","floor":55,"turns":7}],"seed_played":"4642226770413513868","potions_obtained":[{"floor":1,"key":"LiquidBronze"},{"floor":10,"key":"Regen Potion"},{"floor":29,"key":"FearPotion"},{"floor":48,"key":"Poison Potion"}],"is_trial":false,"path_per_floor":["M","M","?","?","M","R","E","R","T","E","R","$","E","?","R","B",null,"M","$","?","M","$","R","E","R","T","?","M","M","R","E","R","B",null,"M","?","M","M","$","R","E","$","T","M","M","E","?","E","R","B",null,"R","$","E","B",null],"character_chosen":"IRONCLAD","items_purchased":["Shockwave","Sundial","Paper Frog","True Grit","Bag of Preparation","Disarm","Self Forming Clay","Feel No Pain","Strength Potion"],"campfire_rested":5,"item_purchase_floors":[19,39,39,39,42,42,53,53,53],"current_hp_per_floor":[54,60,60,60,64,64,43,63,63,50,50,50,36,18,38,42,62,68,68,68,68,68,68,68,68,68,68,68,68,68,68,68,61,66,68,80,73,62,62,93,58,58,58,67,76,86,86,85,107,94,106,110,110,112,71],"gold":40,"neow_bonus":"ONE_RARE_RELIC","is_prod":false,"is_daily":false,"chose_seed":false,"campfire_upgraded":5,"win_rate":0,"timestamp":1556677938,"path_taken":["M","M","?","?","?","R","E","R","T","E","R","$","E","?","R","BOSS","M","$","?","M","$","R","E","R","T","?","M","M","R","E","R","BOSS","M","?","M","M","$","R","E","?","T","?","M","E","?","E","R","BOSS","R","$","E","BOSS"],"build_version":"2019-04-23","purchased_purges":5,"victory":true,"max_hp_per_floor":[75,75,68,68,68,68,68,68,68,68,68,68,68,68,68,68,68,68,68,68,68,68,68,68,68,68,68,68,68,68,68,68,68,68,68,80,84,93,93,93,97,97,97,100,103,107,107,107,107,110,110,110,110,114,118],"card_choices":[{"not_picked":["Inflame","Perfected Strike"],"picked":"Carnage","floor":1},{"not_picked":["Iron Wave","Clash"],"picked":"Armaments","floor":2},{"not_picked":["Evolve","Pommel Strike"],"picked":"Headbutt","floor":5},{"not_picked":["Fiend Fire","Anger"],"picked":"Battle Trance","floor":7},{"not_picked":["Perfected Strike","Cleave","Bloodletting"],"picked":"SKIP","floor":10},{"not_picked":["Iron Wave","Ghostly Armor"],"picked":"Flame Barrier","floor":13},{"not_picked":["Barricade","Limit Break"],"picked":"Demon Form","floor":16},{"not_picked":["Twin Strike","Havoc","Pommel Strike"],"picked":"SKIP","floor":18},{"not_picked":["Perfected Strike+1","Anger"],"picked":"Corruption","floor":20},{"not_picked":["Twin Strike","Body Slam"],"picked":"Spot Weakness","floor":21},{"not_picked":["Clash","Dark Embrace"],"picked":"Whirlwind","floor":24},{"not_picked":["Wild Strike","Shrug It Off"],"picked":"Heavy Blade+1","floor":28},{"not_picked":["Warcry+1","Twin Strike","Pummel"],"picked":"SKIP","floor":29},{"not_picked":["Corruption","Clothesline"],"picked":"Limit Break","floor":31},{"not_picked":["Dark Embrace","Exhume"],"picked":"Feed","floor":33},{"not_picked":["Searing Blow","Reckless Charge","Hemokinesis+1"],"picked":"SKIP","floor":35},{"not_picked":["Armaments+1","Blood for Blood","Flex"],"picked":"SKIP","floor":37},{"not_picked":["Sword Boomerang","Wild Strike","Perfected Strike+1"],"picked":"SKIP","floor":38},{"not_picked":["Havoc","Second Wind+1"],"picked":"Flame Barrier+1","floor":41},{"not_picked":["Metallicize","Armaments","Evolve"],"picked":"SKIP","floor":44},{"not_picked":["Wild Strike","Heavy Blade"],"picked":"Burning Pact","floor":45},{"not_picked":["Intimidate","Reckless Charge","Inflame"],"picked":"SKIP","floor":46},{"not_picked":["Violence","Deep Breath"],"picked":"PanicButton","floor":47},{"not_picked":["Dropkick","Searing Blow","Anger"],"picked":"SKIP","floor":48},{"not_picked":["Flex","Ghostly Armor"],"picked":"Shrug It Off","floor":49},{"not_picked":["Perfected Strike+1","Body Slam"],"picked":"Battle Trance+1","floor":52},{"not_picked":["Rampage+1","Whirlwind"],"picked":"Reaper","floor":54}],"player_experience":2481549,"relics_obtained":[{"floor":7,"key":"Kunai"},{"floor":9,"key":"Darkstone Periapt"},{"floor":10,"key":"Anchor"},{"floor":13,"key":"Tiny Chest"},{"floor":20,"key":"Red Mask"},{"floor":24,"key":"Mercury Hourglass"},{"floor":26,"key":"Bottled Lightning"},{"floor":31,"key":"Regal Pillow"},{"floor":41,"key":"Dream Catcher"},{"floor":46,"key":"Ice Cream"},{"floor":48,"key":"Mummified Hand"},{"floor":54,"key":"Art of War"}],"event_choices":[{"damage_healed":0,"gold_gain":0,"player_choice":"Lose Max HP","damage_taken":0,"relics_obtained":["Golden Idol"],"max_hp_gain":0,"max_hp_loss":7,"event_name":"Golden Idol","floor":3,"gold_loss":0},{"damage_healed":0,"gold_gain":0,"player_choice":"Rummage","damage_taken":0,"relics_obtained":["WarpedTongs"],"max_hp_gain":0,"max_hp_loss":0,"event_name":"Accursed Blacksmith","floor":4,"gold_loss":0,"cards_obtained":["Pain"]},{"damage_healed":0,"gold_gain":0,"player_choice":"Success","damage_taken":18,"relics_obtained":["Calipers"],"max_hp_gain":0,"max_hp_loss":0,"event_name":"Scrap Ooze","floor":14,"gold_loss":0},{"damage_healed":0,"gold_gain":0,"player_choice":"Fought Bandits","damage_taken":0,"max_hp_gain":0,"max_hp_loss":0,"event_name":"Masked Bandits","floor":20,"gold_loss":0},{"cards_removed":["Strike_R"],"damage_healed":0,"gold_gain":0,"player_choice":"Gave Gold","damage_taken":0,"max_hp_gain":0,"max_hp_loss":0,"event_name":"Beggar","floor":27,"gold_loss":75},{"damage_healed":0,"gold_gain":999,"player_choice":"Gold","damage_taken":0,"max_hp_gain":0,"max_hp_loss":0,"event_name":"MindBloom","floor":36,"gold_loss":0,"cards_obtained":["Normality","Normality"]},{"damage_healed":0,"gold_gain":0,"player_choice":"Memory 1","damage_taken":0,"max_hp_gain":0,"max_hp_loss":0,"event_name":"SensoryStone","floor":47,"gold_loss":0}],"is_beta":true,"boss_relics":[{"not_picked":["Runic Cube","Runic Dome"],"picked":"Snecko Eye"},{"not_picked":["Philosopher\u0027s Stone","Empty Cage"],"picked":"Fusion Hammer"}],"items_purged_floors":[12,19,22,39,42],"is_endless":false,"potions_floor_spawned":[1,10,13,28,29,33,35,37,38,48],"ascension_level":15}