{"gold_per_floor":[114,264,264,264,264,264,307,307,388,388,0,43,43,64,64,160,160,174,198,198,98,98,98,136,136,136,136,136,136,208,221,221,311,311,331,664,347,347,363,363,388,405,405,405,405,6,6,24,24,24,24,24,24,51,51],"floor_reached":55,"playtime":3240,"items_purged":["Injury","Strike_B","Auto Shields"],"score":1587,"play_id":"d386c7bc-6cae-48e0-bd15-e771d744c691","local_time":"20190328030411","is_ascension_mode":true,"campfire_choices":[{"data":"Zap","floor":6,"key":"SMITH"},{"data":"Dualcast","floor":8,"key":"SMITH"},{"data":"Conserve Battery","floor":10,"key":"SMITH"},{"data":"Loop","floor":13,"key":"SMITH"},{"data":"Loop","floor":15,"key":"SMITH"},{"data":"Consume","floor":23,"key":"SMITH"},{"data":"Rainbow","floor":25,"key":"SMITH"},{"floor":32,"key":"REST"},{"data":"Multi-Cast","floor":40,"key":"SMITH"},{"floor":45,"key":"REST"},{"floor":47,"key":"REST"},{"floor":49,"key":"RECALL"},{"floor":52,"key":"REST"}],"neow_cost":"NONE","seed_source_timestamp":953192212814457,"circlet_count":0,"master_deck":["AscendersBane","Strike_B+1","Strike_B+1","Strike_B+1","Defend_B+1","Defend_B+1","Defend_B+1","Defend_B+1","Zap+1","Dualcast+1","Conserve Battery+1","Cold Snap","Loop+1","Ball Lightning","Rainbow+1","Loop+1","Core Surge","Glacier","Consume+1","Lockon+1","Multi-Cast+1","Go for the Eyes+1","White Noise+1","Redo+1","Capacitor","Reinforced Body","Glacier+1"],"relics":["FrozenCore","NeowsBlessing","Cables","Tiny Chest","Mercury Hourglass","Sozu","Blood Vial","Bottled Tornado","Bag of Preparation","Darkstone Periapt","Pocketwatch","Anchor","Frozen Eye","Kunai"],"potions_floor_usage":[16,19],"damage_taken":[{"damage":0,"enemies":"Jaw Worm","floor":1,"turns":1},{"damage":0,"enemies":"Lagavulin","floor":7,"turns":2},{"damage":0,"enemies":"Gremlin Nob","floor":12,"turns":1},{"damage":0,"enemies":"2 Louse","floor":14,"turns":1},{"damage":12,"enemies":"The Guardian","floor":16,"turns":5},{"damage":26,"enemies":"2 Thieves","floor":18,"turns":3},{"damage":1,"enemies":"Shell Parasite","floor":19,"turns":6},{"damage":16,"enemies":"Slavers","floor":24,"turns":6},{"damage":0,"enemies":"3 Cultists","floor":31,"turns":4},{"damage":0,"enemies":"Collector","floor":33,"turns":13},{"damage":3,"enemies":"Orb Walker","floor":35,"turns":3},{"damage":0,"enemies":"3 Shapes","floor":39,"turns":5},{"damage":39,"enemies":"Giant Head","floor":41,"turns":9},{"damage":0,"enemies":"Sphere and 2 Shapes","floor":42,"turns":7},{"damage":38,"enemies":"Jaw Worm Horde","floor":48,"turns":5},{"damage":29,"enemies":"Awakened One","floor":50,"turns":12},{"damage":29,"enemies":"Shield and Spear","floor":54,"turns":9},{"damage":46,"enemies":"The Heart","floor":55,"turns":14}],"seed_played":"4547748472953369665","potions_obtained":[{"floor":7,"key":"Weak Potion"},{"floor":16,"key":"Regen Potion"}],"is_trial":false,"path_per_floor":["M","?","?","?","?","R","E","R","T","R","$","E","R","M","R","B",null,"M","M","?","$","?","R","E","R","T","T","?","?","T","M","R","B",null,"M","?","$","?","M","R","E","M","T","?","R","$","R","M","R","B",null,"R","$","E","B"],"character_chosen":"DEFECT","items_purchased":["Loop","Ball Lightning","Rainbow","Pocketwatch","Capacitor","Frozen Eye"],"campfire_rested":4,"item_purchase_floors":[11,11,11,37,46,46],"current_hp_per_floor":[64,64,64,57,62,62,62,62,62,62,62,62,62,62,62,50,70,44,58,73,73,73,73,57,57,57,57,57,36,36,38,60,62,73,72,72,72,72,72,72,33,35,35,35,56,56,72,34,34,7,56,72,72,43,0],"gold":51,"neow_bonus":"THREE_ENEMY_KILL","is_prod":false,"is_daily":false,"chose_seed":false,"campfire_upgraded":8,"win_rate":0,"timestamp":1553756651,"path_taken":["M","?","?","?","?","R","E","R","T","R","?","E","R","?","R","BOSS","M","M","?","$","?","R","E","R","T","?","?","?","?","?","R","BOSS","M","?","?","?","M","R","E","?","T","?","R","$","R","M","R","BOSS","R","$","E","BOSS"],"build_version":"2019-01-23","purchased_purges":3,"victory":false,"max_hp_per_floor":[71,71,71,71,76,76,76,76,76,76,76,76,76,76,76,76,76,76,76,76,76,76,76,76,76,76,76,76,76,76,76,76,76,76,76,76,76,72,72,72,72,72,72,72,72,72,72,72,72,72,72,72,72,72,72],"card_choices":[{"not_picked":["Coolheaded","Compile Driver"],"picked":"Conserve Battery","floor":1},{"not_picked":["Ball Lightning","Sweeping Beam"],"picked":"Cold Snap","floor":7},{"not_picked":["Blizzard","Stack"],"picked":"Auto Shields","floor":12},{"not_picked":["Reinforced Body","Leap"],"picked":"Loop","floor":14},{"not_picked":["Fission","Thunder Strike"],"picked":"Core Surge","floor":16},{"not_picked":["Redo","Streamline"],"picked":"Glacier","floor":18},{"not_picked":["Go for the Eyes","Barrage+1"],"picked":"Consume","floor":19},{"not_picked":["Coolheaded+1","Stack"],"picked":"Lockon+1","floor":24},{"not_picked":["Beam Cell","Leap","Ball Lightning"],"picked":"SKIP","floor":31},{"not_picked":["Fission","Echo Form"],"picked":"Multi-Cast","floor":33},{"not_picked":["Go for the Eyes","Gash+1","Beam Cell"],"picked":"SKIP","floor":35},{"not_picked":["Rebound","Aggregate"],"picked":"Go for the Eyes+1","floor":39},{"not_picked":["Barrage+1","Ball Lightning+1"],"picked":"White Noise+1","floor":41},{"not_picked":["Skim","FTL"],"picked":"Redo+1","floor":42},{"not_picked":["Coolheaded","Cold Snap+1"],"picked":"Reinforced Body","floor":48},{"not_picked":["Melter","Recycle"],"picked":"Glacier+1","floor":54}],"player_experience":1456015,"relics_obtained":[{"floor":7,"key":"Cables"},{"floor":9,"key":"Tiny Chest"},{"floor":12,"key":"Mercury Hourglass"},{"floor":24,"key":"Blood Vial"},{"floor":26,"key":"Bottled Tornado"},{"floor":27,"key":"Bag of Preparation"},{"floor":30,"key":"Darkstone Periapt"},{"floor":41,"key":"Anchor"},{"floor":54,"key":"Kunai"}],"event_choices":[{"damage_healed":0,"gold_gain":150,"player_choice":"AGREE","damage_taken":0,"max_hp_gain":0,"max_hp_loss":0,"event_name":"Liars Game","floor":2,"gold_loss":0,"cards_obtained":["Doubt"]},{"damage_healed":0,"gold_gain":0,"player_choice":"Take Wound","damage_taken":0,"relics_obtained":["Golden Idol"],"max_hp_gain":0,"max_hp_loss":0,"event_name":"Golden Idol","floor":3,"gold_loss":0,"cards_obtained":["Injury"]},{"cards_removed":["Doubt"],"damage_healed":0,"gold_gain":0,"player_choice":"Card Removal","damage_taken":7,"max_hp_gain":0,"max_hp_loss":0,"event_name":"Golden Wing","floor":4,"gold_loss":0},{"damage_healed":0,"gold_gain":0,"player_choice":"Donut","damage_taken":0,"max_hp_gain":5,"max_hp_loss":0,"event_name":"Big Fish","floor":5,"gold_loss":0},{"damage_healed":15,"gold_gain":0,"player_choice":"Heal","damage_taken":0,"max_hp_gain":0,"max_hp_loss":0,"event_name":"The Library","floor":20,"gold_loss":0},{"damage_healed":0,"gold_gain":0,"player_choice":"Simplicity","damage_taken":0,"max_hp_gain":0,"max_hp_loss":0,"event_name":"Back to Basics","floor":22,"gold_loss":0,"cards_upgraded":["Strike_B","Strike_B","Strike_B","Defend_B","Defend_B","Defend_B","Defend_B"]},{"damage_healed":0,"gold_gain":0,"player_choice":"Ignored","damage_taken":0,"max_hp_gain":0,"max_hp_loss":0,"event_name":"Vampires","floor":28,"gold_loss":0},{"damage_healed":0,"gold_gain":0,"player_choice":"Obtained Book","damage_taken":21,"max_hp_gain":0,"max_hp_loss":0,"event_name":"Cursed Tome","floor":29,"gold_loss":0},{"damage_healed":0,"gold_gain":333,"player_choice":"Gave Idol","damage_taken":0,"max_hp_gain":0,"max_hp_loss":0,"event_name":"The Moai Head","floor":36,"relics_lost":["Golden Idol"],"gold_loss":0},{"damage_healed":0,"gold_gain":0,"player_choice":"Max HP","damage_taken":0,"max_hp_gain":0,"max_hp_loss":4,"event_name":"Winding Halls","floor":38,"gold_loss":0},{"damage_healed":0,"gold_gain":0,"player_choice":"Ignored","damage_taken":0,"max_hp_gain":0,"max_hp_loss":0,"event_name":"Mysterious Sphere","floor":44,"gold_loss":0}],"is_beta":false,"boss_relics":[{"not_picked":["Eternal Feather","Ectoplasm"],"picked":"Sozu"},{"not_picked":["Cursed Key","Runic Dome"],"picked":"FrozenCore"}],"items_purged_floors":[11,21,46],"is_endless":false,"potions_floor_spawned":[7,16,19,24,31,41,48],"killed_by":"The Heart","ascension_level":19}