{"path_per_floor":["M","?","?","M","M","R","?","M","T","M","$","M","?","M","R"],"character_chosen":"IRONCLAD","items_purchased":["Bottled Flame"],"gold_per_floor":[113,188,188,200,210,210,210,228,310,325,65,81,81,93,93,93],"floor_reached":16,"campfire_rested":0,"playtime":251,"current_hp_per_floor":[72,61,61,65,63,63,68,74,74,61,61,67,67,73,73,73],"items_purged":[],"gold":93,"score":94,"play_id":"d53a693f-2b03-41fc-b88b-fc86900ce4d3","local_time":"20180404225215","is_prod":false,"is_daily":false,"is_ascension_mode":false,"campfire_upgraded":2,"timestamp":1522896735,"path_taken":["M","?","?","M","?","R","?","?","T","M","?","M","?","?","R","BOSS"],"build_version":"2018-03-29v2","purchased_purges":0,"victory":false,"master_deck":["Strike_R","Strike_R","Strike_R","Strike_R","Strike_R","Defend_R","Defend_R","Bash","Thunderclap+1","Cleave+1","Flex+1","Headbutt","Twin Strike","Rampage+1","Demon Form"],"max_hp_per_floor":[72,72,72,72,72,72,77,77,77,77,77,77,77,77,77,77],"relics":["Burning Blood","Darkstone Periapt","Bottled Flame"],"card_choices":[{"not_picked":["Clothesline","Body Slam"],"picked":"Thunderclap","floor":1},{"not_picked":["Burning Pact","Armaments"],"picked":"Cleave","floor":4},{"not_picked":["Flame Barrier","Intimidate"],"picked":"Flex","floor":5},{"not_picked":["Disarm","Wild Strike"],"picked":"Headbutt","floor":8},{"not_picked":["Sword Boomerang","Shrug It Off"],"picked":"Twin Strike","floor":10},{"not_picked":["Corruption","Havoc"],"picked":"Rampage","floor":12},{"not_picked":["Combust","Havoc"],"picked":"Demon Form","floor":14}],"player_experience":672461,"potions_floor_usage":[14],"damage_taken":[{"damage":6,"enemies":"Cultist","floor":1,"turns":3},{"damage":2,"enemies":"2 Louse","floor":4,"turns":3},{"damage":8,"enemies":"Jaw Worm","floor":5,"turns":3},{"damage":0,"enemies":"Gremlin Gang","floor":8,"turns":1},{"damage":19,"enemies":"Blue Slaver","floor":10,"turns":3},{"damage":0,"enemies":"2 Fungi Beasts","floor":12,"turns":1},{"damage":0,"enemies":"Lots of Slimes","floor":14,"turns":1},{"damage":0,"enemies":"Hexaghost","floor":16,"turns":2}],"event_choices":[{"event_name":"World of Goop","player_choice":"Gather Gold","floor":2,"damage_taken":0},{"event_name":"Upgrade Shrine","player_choice":"Upgraded","floor":3,"damage_taken":0},{"event_name":"Big Fish","player_choice":"Donut","floor":7,"damage_taken":0},{"event_name":"Accursed Blacksmith","player_choice":"Forge","floor":13,"damage_taken":0}],"boss_relics":[],"potions_floor_spawned":[4,5,10],"seed_played":"-2805879167420171303","killed_by":"Hexaghost","ascension_level":0,"is_trial":false}