{"gold_per_floor":[113,132,132,142,37,71,71,97,146,157,157,157,157],"floor_reached":13,"playtime":560,"items_purged":[],"score":186,"play_id":"1d11a83e-2302-4387-8e01-333699e02ebc","local_time":"20190427233242","is_ascension_mode":true,"campfire_choices":[{"data":"Finisher","floor":7,"key":"SMITH"},{"data":"Blade Dance","floor":11,"key":"SMITH"}],"neow_cost":"NONE","seed_source_timestamp":451978461026627,"circlet_count":0,"master_deck":["AscendersBane","Defend_G","Defend_G","Defend_G+1","Defend_G","Defend_G","Strike_G","Strike_G","Strike_G","Strike_G","Strike_G","Survivor+1","Neutralize","Finisher+1","Slice","Slice","Well Laid Plans","Quick Slash","Blade Dance+1","Deadly Poison","PiercingWail"],"relics":["Ring of the Snake","Meat on the Bone","Anchor","Pen Nib","War Paint"],"potions_floor_usage":[1,2,6,13,13],"damage_taken":[{"damage":0,"enemies":"Small Slimes","floor":1,"turns":5},{"damage":0,"enemies":"Jaw Worm","floor":2,"turns":5},{"damage":0,"enemies":"Cultist","floor":4,"turns":4},{"damage":10,"enemies":"3 Sentries","floor":6,"turns":7},{"damage":30,"enemies":"Gremlin Nob","floor":8,"turns":4},{"damage":0,"enemies":"Blue Slaver","floor":10,"turns":3},{"damage":10,"enemies":"Lagavulin","floor":13,"turns":3}],"seed_played":"7848102816484288134","potions_obtained":[{"floor":0,"key":"SpeedPotion"},{"floor":0,"key":"SteroidPotion"},{"floor":0,"key":"SkillPotion"},{"floor":1,"key":"Fire Potion"},{"floor":4,"key":"EssenceOfSteel"},{"floor":8,"key":"EssenceOfSteel"}],"is_trial":false,"path_per_floor":["M","M","?","M","$","E","R","E","T","M","R","?","E"],"character_chosen":"THE_SILENT","items_purchased":["Well Laid Plans","Quick Slash"],"campfire_rested":0,"item_purchase_floors":[5,5],"current_hp_per_floor":[59,59,64,64,64,54,54,36,36,36,36,10,0],"gold":157,"neow_bonus":"THREE_SMALL_POTIONS","is_prod":false,"is_daily":false,"chose_seed":false,"campfire_upgraded":2,"win_rate":0,"timestamp":1556422362,"path_taken":["M","M","?","M","$","E","R","E","T","M","R","?","E"],"build_version":"2019-01-23","purchased_purges":0,"victory":false,"max_hp_per_floor":[66,66,71,71,71,71,71,71,71,71,71,71,71],"card_choices":[{"not_picked":["Bane","Reflex"],"picked":"Finisher","floor":1},{"not_picked":["Caltrops","Outmaneuver"],"picked":"Slice","floor":2},{"not_picked":["Dagger Throw","Flying Knee"],"picked":"Slice","floor":4},{"not_picked":["Underhanded Strike","Storm of Steel"],"picked":"Blade Dance","floor":6},{"not_picked":["Outmaneuver","Dagger Throw"],"picked":"Deadly Poison","floor":8},{"not_picked":["Blade Dance","Eviscerate"],"picked":"PiercingWail","floor":10}],"player_experience":2012720,"relics_obtained":[{"floor":6,"key":"Meat on the Bone"},{"floor":8,"key":"Anchor"},{"floor":9,"key":"Pen Nib"}],"event_choices":[{"damage_healed":0,"gold_gain":0,"player_choice":"Donut","damage_taken":0,"max_hp_gain":5,"max_hp_loss":0,"event_name":"Big Fish","floor":3,"gold_loss":0},{"damage_healed":0,"gold_gain":0,"player_choice":"Success","damage_taken":26,"relics_obtained":["War Paint"],"max_hp_gain":0,"max_hp_loss":0,"event_name":"Scrap Ooze","floor":12,"gold_loss":0}],"is_beta":false,"boss_relics":[],"items_purged_floors":[],"is_endless":false,"potions_floor_spawned":[1,4,8],"killed_by":"Lagavulin","ascension_level":20}