{"gold_per_floor":[115,134,134,5,29,29,73,73,98,123,138,171,171,210,210,306,306,331,256,292,292,313,313,333,349,395,395,430,555,591,626,638,749,761,788,819,1164,1188,248,248,265,291,291,291,309,338,438,485,485,485],"floor_reached":51,"playtime":3755,"items_purged":["Injury","Strike_R"],"score":1481,"play_id":"8060ae4f-e6a6-4bea-a49d-f0718dfb3e9a","local_time":"20190315165344","is_ascension_mode":true,"campfire_choices":[{"data":"Carnage","floor":6,"key":"SMITH"},{"floor":13,"key":"REST"},{"data":"Whirlwind","floor":15,"key":"SMITH"},{"data":"Dark Embrace","floor":23,"key":"SMITH"},{"floor":27,"key":"REST"},{"floor":32,"key":"REST"},{"floor":40,"key":"REST"},{"floor":44,"key":"REST"},{"floor":49,"key":"REST"}],"neow_cost":"NONE","seed_source_timestamp":190192468595104,"circlet_count":0,"master_deck":["AscendersBane","Strike_R","Strike_R","Strike_R+1","Defend_R","Defend_R","Defend_R","Defend_R","Bash","Twin Strike","Carnage+1","Shrug It Off","Battle Trance","Reckless Charge+1","Shockwave+1","Whirlwind+1","Clothesline","Dark Embrace+1","Rampage","True Grit+1","Pommel Strike","Flame Barrier","Wild Strike+1","Spot Weakness","Impervious","Perfected Strike","Havoc","Fiend Fire","Evolve","Headbutt+1","Corruption","Inflame","Secret Weapon","Discovery","Spot Weakness","Hemokinesis+1","Sword Boomerang+1","Havoc+1","Feed+1","Warcry+1","Heavy Blade+1","Heavy Blade+1"],"relics":["Burning Blood","Bag of Marbles","Blood Vial","Dream Catcher","PreservedInsect","Sozu","Red Mask","Strawberry","War Paint","Darkstone Periapt","Gambling Chip","Gremlin Horn","MawBank","Mark of Pain","Oddly Smooth Stone","HandDrill","Boot","Molten Egg 2","Bag of Preparation","FossilizedHelix","Ice Cream"],"potions_floor_usage":[10,12,12],"damage_taken":[{"damage":4,"enemies":"Small Slimes","floor":1,"turns":4},{"damage":12,"enemies":"Jaw Worm","floor":2,"turns":4},{"damage":1,"enemies":"Cultist","floor":5,"turns":3},{"damage":32,"enemies":"3 Sentries","floor":7,"turns":9},{"damage":2,"enemies":"Looter","floor":10,"turns":2},{"damage":0,"enemies":"3 Louse","floor":11,"turns":2},{"damage":15,"enemies":"Lagavulin","floor":12,"turns":4},{"damage":3,"enemies":"Gremlin Nob","floor":14,"turns":3},{"damage":29,"enemies":"The Guardian","floor":16,"turns":11},{"damage":17,"enemies":"2 Thieves","floor":18,"turns":4},{"damage":19,"enemies":"Masked Bandits","floor":20,"turns":4},{"damage":11,"enemies":"3 Byrds","floor":22,"turns":4},{"damage":11,"enemies":"Centurion and Healer","floor":24,"turns":5},{"damage":22,"enemies":"Shelled Parasite and Fungi","floor":25,"turns":6},{"damage":7,"enemies":"Slavers","floor":28,"turns":4},{"damage":23,"enemies":"Colosseum Slavers","floor":29,"turns":4},{"damage":5,"enemies":"Colosseum Nobs","floor":29,"turns":3},{"damage":28,"enemies":"Book of Stabbing","floor":30,"turns":5},{"damage":3,"enemies":"3 Cultists","floor":31,"turns":3},{"damage":49,"enemies":"Collector","floor":33,"turns":8},{"damage":8,"enemies":"Orb Walker","floor":35,"turns":2},{"damage":0,"enemies":"3 Darklings","floor":36,"turns":1},{"damage":65,"enemies":"Transient","floor":38,"turns":6},{"damage":12,"enemies":"Writhing Mass","floor":41,"turns":4},{"damage":34,"enemies":"Nemesis","floor":42,"turns":5},{"damage":1,"enemies":"Maw","floor":45,"turns":6},{"damage":0,"enemies":"Reptomancer","floor":46,"turns":2},{"damage":20,"enemies":"Mind Bloom Boss Battle","floor":47,"turns":6},{"damage":0,"enemies":"2 Orb Walkers","floor":48,"turns":2},{"damage":49,"enemies":"Donu and Deca","floor":50,"turns":5}],"seed_played":"-6464650474672992489","potions_obtained":[{"floor":5,"key":"Strength Potion"},{"floor":7,"key":"EssenceOfSteel"},{"floor":10,"key":"Regen Potion"}],"is_trial":false,"path_per_floor":["M","M","?","$","M","R","E","?","T","M","M","E","R","E","R","B",null,"M","?","?","?","M","R","M","M","T","R","E","?","E","M","R","B",null,"M","M","?","M","$","R","M","E","T","R","M","E","?","?","R","B",null],"character_chosen":"IRONCLAD","items_purchased":["Shrug It Off","Oddly Smooth Stone","Inflame","HandDrill","Secret Weapon","Discovery","Spot Weakness"],"campfire_rested":6,"item_purchase_floors":[4,39,39,39,39,39,39],"current_hp_per_floor":[77,71,71,71,76,76,50,25,25,31,39,44,68,73,73,52,75,66,66,55,62,59,59,56,42,42,68,69,57,37,42,68,27,74,74,82,82,25,25,51,47,21,21,47,54,62,54,62,89,52],"gold":485,"neow_bonus":"TEN_PERCENT_HP_BONUS","is_prod":false,"is_daily":false,"chose_seed":false,"campfire_upgraded":3,"win_rate":0,"timestamp":1552683224,"path_taken":["M","M","?","$","M","R","E","?","T","M","M","E","R","E","R","BOSS","M","?","?","?","M","R","?","M","T","R","E","?","E","M","R","BOSS","M","M","?","M","$","R","M","E","T","R","M","E","?","?","R","BOSS"],"build_version":"2019-01-23","purchased_purges":2,"victory":true,"max_hp_per_floor":[82,82,82,82,82,82,82,82,82,82,82,82,82,82,82,82,82,82,82,82,89,89,89,89,89,89,89,89,89,89,89,89,89,89,89,89,89,89,89,89,89,89,89,89,89,89,93,93,93,97],"card_choices":[{"not_picked":["Bloodletting","Intimidate"],"picked":"Twin Strike","floor":1},{"not_picked":["Body Slam","Dual Wield"],"picked":"Carnage","floor":2},{"not_picked":["Burning Pact","Sword Boomerang"],"picked":"Battle Trance","floor":5},{"not_picked":["Perfected Strike","Wild Strike"],"picked":"Reckless Charge","floor":7},{"not_picked":["Perfected Strike","Wild Strike"],"picked":"Shockwave","floor":10},{"not_picked":["Iron Wave","Reckless Charge"],"picked":"Whirlwind","floor":11},{"not_picked":["Cleave","Perfected Strike"],"picked":"Clothesline","floor":12},{"not_picked":["Warcry","Reckless Charge","Thunderclap"],"picked":"SKIP","floor":14},{"not_picked":["Immolate","Double Tap"],"picked":"Dark Embrace","floor":16},{"not_picked":["Wild Strike","Blood for Blood+1"],"picked":"Rampage","floor":18},{"not_picked":["Rampage+1","Sever Soul"],"picked":"True Grit","floor":20},{"not_picked":["Sword Boomerang","Battle Trance"],"picked":"Pommel Strike","floor":22},{"not_picked":["Searing Blow","Battle Trance"],"picked":"Flame Barrier","floor":24},{"not_picked":["Armaments","Shrug It Off"],"picked":"Wild Strike+1","floor":25},{"not_picked":["Clothesline","Pommel Strike"],"picked":"Spot Weakness","floor":28},{"not_picked":["Headbutt","Rage+1"],"picked":"Impervious","floor":29},{"not_picked":["Anger+1","Rampage","Armaments"],"picked":"SKIP","floor":30},{"not_picked":["Rupture","Iron Wave"],"picked":"Perfected Strike","floor":31},{"not_picked":["Anger","Flex"],"picked":"Havoc","floor":32},{"not_picked":["Impervious","Brutality"],"picked":"Fiend Fire","floor":33},{"not_picked":["Pommel Strike+1","Thunderclap"],"picked":"Evolve","floor":35},{"not_picked":["Ghostly Armor","Brutality"],"picked":"Headbutt+1","floor":36},{"not_picked":["Seeing Red","Heavy Blade"],"picked":"Corruption","floor":38},{"not_picked":["Cleave","Iron Wave"],"picked":"Hemokinesis+1","floor":40},{"not_picked":["Anger","Sever Soul","Reckless Charge"],"picked":"SKIP","floor":41},{"not_picked":["Pommel Strike","Body Slam"],"picked":"Sword Boomerang+1","floor":42},{"not_picked":["Anger+1","Fire Breathing"],"picked":"Havoc+1","floor":44},{"not_picked":["Pommel Strike+1","Body Slam+1"],"picked":"Feed+1","floor":45},{"not_picked":["Power Through","Inflame"],"picked":"Warcry+1","floor":46},{"not_picked":["Entrench","Clothesline+1"],"picked":"Heavy Blade+1","floor":47},{"not_picked":["Anger+1","Power Through"],"picked":"Heavy Blade+1","floor":49}],"player_experience":1136063,"relics_obtained":[{"floor":7,"key":"Bag of Marbles"},{"floor":9,"key":"Blood Vial"},{"floor":12,"key":"Dream Catcher"},{"floor":14,"key":"PreservedInsect"},{"floor":20,"key":"Red Mask"},{"floor":21,"key":"Strawberry"},{"floor":26,"key":"War Paint"},{"floor":28,"key":"Darkstone Periapt"},{"floor":29,"key":"Gambling Chip"},{"floor":29,"key":"Gremlin Horn"},{"floor":30,"key":"MawBank"},{"floor":42,"key":"Boot"},{"floor":43,"key":"Molten Egg 2"},{"floor":46,"key":"Bag of Preparation"},{"floor":47,"key":"FossilizedHelix"},{"floor":48,"key":"Ice Cream"}],"event_choices":[{"damage_healed":0,"gold_gain":0,"player_choice":"Take Wound","damage_taken":0,"relics_obtained":["Golden Idol"],"max_hp_gain":0,"max_hp_loss":0,"event_name":"Golden Idol","floor":3,"gold_loss":0,"cards_obtained":["Injury"]},{"damage_healed":0,"gold_gain":0,"player_choice":"Entered Light","damage_taken":25,"max_hp_gain":0,"max_hp_loss":0,"event_name":"Shining Light","floor":8,"gold_loss":0,"cards_upgraded":["Reckless Charge","Strike_R"]},{"cards_removed":["Strike_R"],"damage_healed":0,"gold_gain":0,"player_choice":"Gave Gold","damage_taken":0,"max_hp_gain":0,"max_hp_loss":0,"event_name":"Beggar","floor":19,"gold_loss":75},{"damage_healed":0,"gold_gain":0,"player_choice":"Fought Bandits","damage_taken":0,"max_hp_gain":0,"max_hp_loss":0,"event_name":"Masked Bandits","floor":20,"gold_loss":0},{"damage_healed":0,"gold_gain":0,"player_choice":"Relic","damage_taken":0,"max_hp_gain":0,"max_hp_loss":0,"event_name":"Wheel of Change","floor":21,"gold_loss":0},{"damage_healed":0,"gold_gain":0,"player_choice":"Fight","damage_taken":0,"max_hp_gain":0,"max_hp_loss":0,"event_name":"Colosseum","floor":29,"gold_loss":0},{"damage_healed":0,"gold_gain":0,"player_choice":"Fought Nobs","damage_taken":0,"max_hp_gain":0,"max_hp_loss":0,"event_name":"Colosseum","floor":29,"gold_loss":0},{"damage_healed":0,"gold_gain":333,"player_choice":"Gave Idol","damage_taken":0,"max_hp_gain":0,"max_hp_loss":0,"event_name":"The Moai Head","floor":37,"relics_lost":["Golden Idol"],"gold_loss":0},{"damage_healed":0,"gold_gain":0,"player_choice":"Fight","damage_taken":0,"max_hp_gain":0,"max_hp_loss":0,"event_name":"MindBloom","floor":47,"gold_loss":0},{"damage_healed":0,"gold_gain":0,"player_choice":"Fight","damage_taken":0,"max_hp_gain":0,"max_hp_loss":0,"event_name":"Mysterious Sphere","floor":48,"gold_loss":0}],"is_beta":false,"boss_relics":[{"not_picked":["Cursed Key","Runic Cube"],"picked":"Sozu"},{"not_picked":["Tiny House","Runic Pyramid"],"picked":"Mark of Pain"}],"items_purged_floors":[4,39],"is_endless":false,"potions_floor_spawned":[5,7,10,11,18,25,29,29,30,31,36,45,46,47,48],"ascension_level":18}