{"gold_per_floor":[115,115,133,149,162,162,189,189,270,287,287,305,305,319,319,391,391,403,403,419,419,469,469,495,32,87,87],"floor_reached":27,"playtime":1158,"items_purged":[],"score":491,"play_id":"35b0d2e2-9b6a-42b1-81f1-43be13e40014","local_time":"20190423220255","is_ascension_mode":true,"campfire_choices":[{"data":"Rip and Tear","floor":6,"key":"SMITH"},{"data":"White Noise","floor":8,"key":"SMITH"},{"data":"Glacier","floor":11,"key":"SMITH"},{"data":"Dualcast","floor":13,"key":"SMITH"},{"data":"Consume","floor":15,"key":"SMITH"},{"floor":23,"key":"REST"}],"neow_cost":"NONE","seed_source_timestamp":100374972809115,"circlet_count":0,"master_deck":["AscendersBane","Defend_B","Defend_B","Defend_B","Defend_B","Zap+1","Dualcast+1","Cold Snap","Rip and Tear+1","White Noise+1","Glacier+1","Capacitor","Consume+1","Echo Form","Defragment","Bite","Bite","Bite","Bite","Bite","Coolheaded","Ball Lightning+1","Barrage+1","Mind Blast+1"],"relics":["Cracked Core","Anchor","Gambling Chip","Shuriken","Sozu","DataDisk","Molten Egg 2"],"potions_floor_usage":[7,12,16,16,19],"damage_taken":[{"damage":0,"enemies":"Jaw Worm","floor":1,"turns":3},{"damage":4,"enemies":"Cultist","floor":3,"turns":3},{"damage":0,"enemies":"Small Slimes","floor":4,"turns":2},{"damage":0,"enemies":"3 Louse","floor":5,"turns":2},{"damage":25,"enemies":"Lagavulin","floor":7,"turns":5},{"damage":3,"enemies":"Blue Slaver","floor":10,"turns":3},{"damage":1,"enemies":"Looter","floor":12,"turns":2},{"damage":0,"enemies":"3 Louse","floor":14,"turns":2},{"damage":5,"enemies":"Slime Boss","floor":16,"turns":19},{"damage":4,"enemies":"Shell Parasite","floor":18,"turns":7},{"damage":10,"enemies":"2 Thieves","floor":20,"turns":2},{"damage":33,"enemies":"Gremlin Leader","floor":24,"turns":9},{"damage":37,"enemies":"Slavers","floor":27,"turns":2}],"seed_played":"9042265734947352753","potions_obtained":[{"floor":1,"key":"EssenceOfSteel"},{"floor":3,"key":"SteroidPotion"},{"floor":7,"key":"Swift Potion"},{"floor":14,"key":"EssenceOfSteel"},{"floor":16,"key":"Fruit Juice"}],"is_trial":false,"path_per_floor":["M","?","M","M","M","R","E","R","T","M","R","M","R","M","R","B",null,"M","?","M","?","?","R","E","$","T","E"],"character_chosen":"DEFECT","items_purchased":["Molten Egg 2","Ball Lightning+1","Barrage+1","Mind Blast+1"],"campfire_rested":1,"item_purchase_floors":[25,25,25,25],"current_hp_per_floor":[64,64,60,60,60,60,35,35,35,32,32,31,31,31,31,26,60,56,54,46,25,25,41,32,32,32,0],"gold":87,"neow_bonus":"RANDOM_COMMON_RELIC","is_prod":false,"is_daily":false,"chose_seed":false,"campfire_upgraded":5,"win_rate":0,"timestamp":1556071375,"path_taken":["M","?","M","M","M","R","E","R","T","?","R","M","R","M","R","BOSS","M","?","M","?","?","R","E","?","T","E"],"build_version":"2019-01-23","purchased_purges":0,"victory":false,"max_hp_per_floor":[71,71,71,71,71,71,71,71,71,71,71,71,71,71,71,71,71,71,54,54,54,54,54,54,54,54,54],"card_choices":[{"not_picked":["Darkness","Rebound"],"picked":"Cold Snap","floor":1},{"not_picked":["Rebound","Turbo"],"picked":"Rip and Tear","floor":3},{"not_picked":["Redo","Rebound","Steam"],"picked":"SKIP","floor":4},{"not_picked":["Rebound","Double Energy","Gash"],"picked":"SKIP","floor":5},{"not_picked":["Chaos","Aggregate"],"picked":"White Noise","floor":7},{"not_picked":["Capacitor","Turbo"],"picked":"Glacier","floor":10},{"not_picked":["Beam Cell","Redo"],"picked":"Capacitor","floor":12},{"not_picked":["Scrape","Compile Driver"],"picked":"Consume","floor":14},{"not_picked":["Reboot","Meteor Strike"],"picked":"Echo Form","floor":16},{"not_picked":["Cold Snap+1","Storm+1"],"picked":"Defragment","floor":18},{"not_picked":["Darkness","Beam Cell"],"picked":"Coolheaded","floor":20},{"not_picked":["Creative AI","Leap","Rebound"],"picked":"SKIP","floor":24}],"player_experience":1894649,"relics_obtained":[{"floor":7,"key":"Gambling Chip"},{"floor":9,"key":"Shuriken"},{"floor":24,"key":"DataDisk"}],"event_choices":[{"damage_healed":0,"gold_gain":0,"player_choice":"Forge","damage_taken":0,"max_hp_gain":0,"max_hp_loss":0,"event_name":"Accursed Blacksmith","floor":2,"gold_loss":0,"cards_upgraded":["Zap"]},{"damage_healed":0,"gold_gain":0,"player_choice":"Became a vampire","damage_taken":0,"max_hp_gain":0,"max_hp_loss":22,"event_name":"Vampires","floor":19,"gold_loss":0,"cards_obtained":["Bite","Bite","Bite","Bite","Bite"]},{"damage_healed":0,"gold_gain":0,"player_choice":"Obtained Book","damage_taken":21,"max_hp_gain":0,"max_hp_loss":0,"event_name":"Cursed Tome","floor":21,"gold_loss":0},{"damage_healed":0,"gold_gain":50,"player_choice":"Stole From Cult","damage_taken":0,"max_hp_gain":0,"max_hp_loss":0,"event_name":"Nest","floor":22,"gold_loss":0}],"is_beta":false,"boss_relics":[{"not_picked":["White Beast Statue","Snecko Eye"],"picked":"Sozu"}],"items_purged_floors":[],"is_endless":false,"potions_floor_spawned":[1,3,7,14,16,20],"killed_by":"Slavers","ascension_level":20}