{"gold_per_floor":[109,119,119,132,147,147,176,176,176,176,193,220,35,69,69,142,142,155,173,173,183,200,200,232,242,268,268,268,268,268,281,281,352,352,372,384,396,396,416,416,435,435,489,524,544,563,143,143,143,143,143,143,143,32,32],"floor_reached":55,"playtime":4313,"items_purged":["Strike_R"],"score":1957,"play_id":"e8758e28-0317-431d-90c2-b009f85d490f","local_time":"20190430015312","is_ascension_mode":true,"campfire_choices":[{"data":"Juggernaut","floor":6,"key":"SMITH"},{"data":"Wild Strike","floor":8,"key":"SMITH"},{"data":"Bash","floor":10,"key":"SMITH"},{"data":"Clothesline","floor":15,"key":"SMITH"},{"data":"1","floor":23,"key":"LIFT"},{"data":"Body Slam","floor":27,"key":"SMITH"},{"data":"2","floor":30,"key":"LIFT"},{"data":"3","floor":32,"key":"LIFT"},{"floor":40,"key":"RECALL"},{"data":"Heavy Blade","floor":42,"key":"SMITH"},{"data":"Metallicize","floor":49,"key":"SMITH"},{"data":"Corruption","floor":53,"key":"SMITH"}],"neow_cost":"NONE","seed_source_timestamp":629457190162271,"circlet_count":0,"master_deck":["AscendersBane","Strike_R+1","Strike_R+1","Strike_R+1","Defend_R+1","Defend_R+1","Defend_R+1","Defend_R+1","Bash+1","Wild Strike+1","Juggernaut+1","Reaper","Evolve","Spot Weakness+1","Clothesline+1","Armaments+1","Battle Trance+1","Shrug It Off+1","Warcry+1","Exhume+1","True Grit+1","Rage+1","Body Slam+1","Power Through+1","Limit Break+1","Shrug It Off+1","Metallicize+1","Disarm+1","Corruption+1","Heavy Blade+1","True Grit+1","True Grit+1","Flame Barrier+1","True Grit+1","Shrug It Off+1","Good Instincts+1","Good Instincts+1","Panacea+1","Shrug It Off+1"],"relics":["Burning Blood","Toxic Egg 2","Incense Burner","Thread and Needle","Girya","Runic Dome","Strawberry","Pen Nib","Orrery","Potion Belt","Toy Ornithopter"],"potions_floor_usage":[0,4,7,16,21,25,33,37,41,45,50,50,51,55,55],"damage_taken":[{"damage":10,"enemies":"2 Louse","floor":1,"turns":3},{"damage":1,"enemies":"Cultist","floor":2,"turns":3},{"damage":11,"enemies":"Small Slimes","floor":4,"turns":4},{"damage":9,"enemies":"Red Slaver","floor":5,"turns":4},{"damage":18,"enemies":"Lagavulin","floor":7,"turns":7},{"damage":7,"enemies":"Looter","floor":11,"turns":3},{"damage":9,"enemies":"Gremlin Nob","floor":12,"turns":4},{"damage":0,"enemies":"Lagavulin","floor":14,"turns":6},{"damage":6,"enemies":"The Guardian","floor":16,"turns":13},{"damage":25,"enemies":"Shell Parasite","floor":18,"turns":5},{"damage":33,"enemies":"3 Byrds","floor":19,"turns":4},{"damage":22,"enemies":"3 Cultists","floor":21,"turns":5},{"damage":1,"enemies":"Snake Plant","floor":22,"turns":4},{"damage":21,"enemies":"Book of Stabbing","floor":24,"turns":5},{"damage":9,"enemies":"Centurion and Healer","floor":25,"turns":6},{"damage":5,"enemies":"Snecko","floor":31,"turns":6},{"damage":32,"enemies":"Automaton","floor":33,"turns":9},{"damage":15,"enemies":"3 Darklings","floor":35,"turns":5},{"damage":0,"enemies":"3 Shapes","floor":36,"turns":6},{"damage":17,"enemies":"Jaw Worm Horde","floor":37,"turns":5},{"damage":2,"enemies":"4 Shapes","floor":39,"turns":5},{"damage":5,"enemies":"Maw","floor":41,"turns":7},{"damage":21,"enemies":"Nemesis","floor":44,"turns":9},{"damage":35,"enemies":"Spire Growth","floor":45,"turns":5},{"damage":0,"enemies":"Sphere and 2 Shapes","floor":46,"turns":5},{"damage":21,"enemies":"Time Eater","floor":50,"turns":14},{"damage":21,"enemies":"Donu and Deca","floor":51,"turns":9},{"damage":111,"enemies":"Shield and Spear","floor":55,"turns":5}],"seed_played":"7724501960692888894","potions_obtained":[{"floor":0,"key":"Fruit Juice"},{"floor":0,"key":"EssenceOfSteel"},{"floor":0,"key":"Regen Potion"},{"floor":11,"key":"SpeedPotion"},{"floor":12,"key":"AttackPotion"},{"floor":18,"key":"Poison Potion"},{"floor":19,"key":"Swift Potion"},{"floor":24,"key":"SkillPotion"},{"floor":31,"key":"Weak Potion"},{"floor":36,"key":"Energy Potion"},{"floor":37,"key":"Regen Potion"},{"floor":46,"key":"BloodPotion"}],"is_trial":false,"path_per_floor":["M","M","?","M","M","R","E","R","T","R","M","E","$","E","R","B",null,"M","M","?","M","M","R","E","M","T","R","?","?","R","M","R","B",null,"M","M","M","?","M","R","M","R","T","E","M","M","$","?","R","B","B",null,"R","$","E"],"character_chosen":"IRONCLAD","items_purchased":["Shrug It Off+1","Warcry+1","Shrug It Off+1","AttackPotion","Weak Potion","SkillPotion","Toy Ornithopter","Shrug It Off+1","Fire Potion"],"campfire_rested":0,"item_purchase_floors":[13,13,47,47,47,47,47,54,54],"current_hp_per_floor":[69,74,74,80,77,77,69,69,69,69,68,65,65,71,71,75,79,68,47,47,46,51,51,43,56,56,56,56,56,56,63,63,53,79,87,87,87,87,87,87,87,87,87,72,57,63,63,53,53,63,87,87,87,87,0],"gold":32,"neow_bonus":"THREE_SMALL_POTIONS","is_prod":false,"is_daily":false,"chose_seed":false,"campfire_upgraded":8,"win_rate":0,"timestamp":1556603592,"path_taken":["M","M","?","M","M","R","E","R","T","R","?","E","$","E","R","BOSS","M","M","?","?","M","R","E","M","T","R","?","?","R","M","R","BOSS","M","?","M","?","M","R","M","R","T","E","M","M","$","?","R","BOSS","BOSS","R","$","E"],"build_version":"2019-01-23","purchased_purges":1,"victory":false,"max_hp_per_floor":[80,80,80,80,80,80,80,80,80,80,80,80,80,80,80,80,80,80,80,80,80,80,80,87,87,87,87,87,87,87,87,87,87,87,87,87,87,87,87,87,87,87,87,87,87,87,87,87,87,87,87,87,87,87,87],"card_choices":[{"not_picked":["Warcry","Anger"],"picked":"Wild Strike","floor":1},{"not_picked":["Dual Wield","Armaments"],"picked":"Juggernaut","floor":2},{"not_picked":["Headbutt","Cleave"],"picked":"Evolve","floor":4},{"not_picked":["Evolve","Twin Strike"],"picked":"Spot Weakness","floor":5},{"not_picked":["Twin Strike","Second Wind"],"picked":"Clothesline","floor":7},{"not_picked":["Cleave","Entrench+1"],"picked":"Armaments+1","floor":11},{"not_picked":["Anger","Reckless Charge"],"picked":"Battle Trance+1","floor":12},{"not_picked":["Rupture","Clothesline","Headbutt"],"picked":"SKIP","floor":14},{"not_picked":["Demon Form","Berserk"],"picked":"Exhume+1","floor":16},{"not_picked":["Shockwave+1","Clothesline"],"picked":"True Grit+1","floor":18},{"not_picked":["Bloodletting+1","Sword Boomerang","Reckless Charge+1"],"picked":"SKIP","floor":19},{"not_picked":["Rupture","Entrench+1"],"picked":"Rage+1","floor":21},{"not_picked":["Sever Soul","Combust","Hemokinesis+1"],"picked":"SKIP","floor":22},{"not_picked":["Twin Strike","Dark Embrace"],"picked":"Body Slam","floor":24},{"not_picked":["Sword Boomerang","Thunderclap","Iron Wave"],"picked":"SKIP","floor":25},{"not_picked":["Heavy Blade","Searing Blow"],"picked":"Power Through+1","floor":31},{"not_picked":["Demon Form","Exhume+1"],"picked":"Limit Break+1","floor":33},{"not_picked":["Seeing Red+1","Metallicize"],"picked":"Shrug It Off+1","floor":34},{"not_picked":["Clash","Heavy Blade"],"picked":"Metallicize","floor":34},{"not_picked":["Blood for Blood","Havoc+1"],"picked":"Disarm+1","floor":34},{"not_picked":["Armaments+1","Reaper"],"picked":"Corruption","floor":34},{"not_picked":["Sword Boomerang","Twin Strike"],"picked":"Heavy Blade","floor":34},{"not_picked":["Cleave","Carnage"],"picked":"True Grit+1","floor":35},{"not_picked":["Clothesline","Anger","Iron Wave"],"picked":"SKIP","floor":36},{"not_picked":["Thunderclap+1","Warcry+1"],"picked":"True Grit+1","floor":37},{"not_picked":["Clash","Twin Strike","Iron Wave+1"],"picked":"SKIP","floor":39},{"not_picked":["Evolve","Cleave+1","Double Tap+1"],"picked":"SKIP","floor":41},{"not_picked":["Intimidate+1","Reckless Charge"],"picked":"Flame Barrier+1","floor":44},{"not_picked":["Corruption","Clash"],"picked":"True Grit+1","floor":45},{"not_picked":["Flex+1","Clothesline","Bloodletting+1"],"picked":"SKIP","floor":46},{"not_picked":["Madness+1","Trip+1"],"picked":"Good Instincts+1","floor":48},{"not_picked":["Mind Blast","Madness+1"],"picked":"Good Instincts+1","floor":48},{"not_picked":["Mind Blast","Bandage Up+1"],"picked":"Panacea+1","floor":48}],"player_experience":2125077,"relics_obtained":[{"floor":7,"key":"Toxic Egg 2"},{"floor":9,"key":"Incense Burner"},{"floor":12,"key":"Thread and Needle"},{"floor":14,"key":"Girya"},{"floor":24,"key":"Strawberry"},{"floor":26,"key":"Pen Nib"},{"floor":44,"key":"Potion Belt"}],"event_choices":[{"damage_healed":0,"gold_gain":0,"player_choice":"1 cards matched","damage_taken":0,"max_hp_gain":0,"max_hp_loss":0,"event_name":"Match and Keep!","floor":3,"gold_loss":0,"cards_obtained":["Reaper"]},{"damage_healed":0,"gold_gain":0,"cards_transformed":["Strike_R"],"player_choice":"Transformed","damage_taken":0,"max_hp_gain":0,"max_hp_loss":0,"event_name":"Transmorgrifier","floor":20,"gold_loss":0,"cards_obtained":["Twin Strike"]},{"damage_healed":0,"gold_gain":0,"player_choice":"Simplicity","damage_taken":0,"max_hp_gain":0,"max_hp_loss":0,"event_name":"Back to Basics","floor":28,"gold_loss":0,"cards_upgraded":["Strike_R","Strike_R","Strike_R","Defend_R","Defend_R","Defend_R","Defend_R"]},{"damage_healed":0,"gold_gain":0,"player_choice":"Forge","damage_taken":0,"max_hp_gain":0,"max_hp_loss":0,"event_name":"Accursed Blacksmith","floor":29,"gold_loss":0,"cards_upgraded":["Spot Weakness"]},{"cards_removed":["Twin Strike"],"damage_healed":0,"gold_gain":0,"player_choice":"Removed Attack","damage_taken":0,"max_hp_gain":0,"max_hp_loss":0,"event_name":"Falling","floor":38,"gold_loss":0},{"damage_healed":0,"gold_gain":0,"player_choice":"Memory 3","damage_taken":10,"max_hp_gain":0,"max_hp_loss":0,"event_name":"SensoryStone","floor":48,"gold_loss":0}],"is_beta":false,"boss_relics":[{"not_picked":["Velvet Choker","Black Blood"],"picked":"Runic Dome"},{"not_picked":["Astrolabe","Pandora\u0027s Box"],"picked":"Orrery"}],"items_purged_floors":[13],"is_endless":false,"potions_floor_spawned":[11,12,14,18,19,24,31,36,37,46],"killed_by":"Shield and Spear","ascension_level":20}