{"path_per_floor":["M","$","?","M","M","R","?","R","T","M","R","M","?","M","R","B",null,"M","?","M","?","?","R","?","M","T","R","M","T","R","$","R"],"character_chosen":"IRONCLAD","items_purchased":["Swift Strike","Flex"],"gold_per_floor":[117,25,25,41,54,54,14,14,14,25,25,43,43,60,60,162,162,181,181,193,193,193,193,193,205,205,205,224,224,224,96,96,96],"floor_reached":33,"campfire_rested":2,"playtime":764,"current_hp_per_floor":[79,79,84,79,76,76,76,76,76,76,76,58,58,58,58,34,85,46,46,18,18,18,18,18,35,35,61,50,50,76,76,76,0],"items_purged":["Burning Pact"],"gold":96,"score":235,"play_id":"b23fa414-7e1c-449e-ba9e-ecd19405c9a8","local_time":"20180408174416","is_prod":false,"is_daily":false,"is_ascension_mode":false,"campfire_upgraded":6,"timestamp":1523223856,"path_taken":["M","?","?","M","M","R","?","R","T","?","R","M","?","M","R","BOSS","M","?","M","?","?","R","?","?","T","R","?","?","R","?","R","BOSS"],"build_version":"2018-04-05v2","purchased_purges":1,"victory":false,"master_deck":["Strike_R","Strike_R","Strike_R","Strike_R","Strike_R","Defend_R","Defend_R","Defend_R","Bash+1","Swift Strike+1","Perfected Strike+1","Perfected Strike+1","Feed+1","Flex+1"],"max_hp_per_floor":[80,80,85,85,85,85,85,85,85,85,85,85,85,85,85,85,85,85,85,88,88,88,88,88,88,88,88,88,88,88,88,88,88],"relics":["Lizard Tail"],"card_choices":[{"not_picked":["Body Slam","Armaments"],"picked":"Perfected Strike","floor":4},{"not_picked":["Warcry","Bloodletting"],"picked":"Perfected Strike","floor":10},{"not_picked":["Bludgeon","Exhume"],"picked":"Feed","floor":16}],"player_experience":768902,"potions_floor_usage":[10,12,16,20,25,25,28,33],"damage_taken":[{"damage":1,"enemies":"Cultist","floor":1,"turns":3},{"damage":5,"enemies":"2 Louse","floor":4,"turns":2},{"damage":3,"enemies":"Small Slimes","floor":5,"turns":4},{"damage":0,"enemies":"3 Louse","floor":10,"turns":1},{"damage":33,"enemies":"Exordium Thugs","floor":12,"turns":6},{"damage":0,"enemies":"Large Slime","floor":14,"turns":2},{"damage":24,"enemies":"Slime Boss","floor":16,"turns":10},{"damage":39,"enemies":"Shell Parasite","floor":18,"turns":6},{"damage":31,"enemies":"2 Thieves","floor":20,"turns":4},{"damage":42,"enemies":"Cultist and Chosen","floor":25,"turns":6},{"damage":11,"enemies":"Snake Plant","floor":28,"turns":3},{"damage":99,"enemies":"Collector","floor":33,"turns":7}],"event_choices":[{"event_name":"Big Fish","player_choice":"Donut","floor":3,"damage_taken":0},{"event_name":"The Woman in Blue","player_choice":"Bought 3 Potions","floor":7,"damage_taken":0},{"event_name":"Golden Idol","player_choice":"Ignored","floor":13,"damage_taken":0},{"event_name":"Drug Dealer","player_choice":"Ignored","floor":19,"damage_taken":0},{"event_name":"Addict","player_choice":"Ignored","floor":21,"damage_taken":0},{"event_name":"Transmorgrifier","player_choice":"Transform","floor":22,"damage_taken":0},{"event_name":"Vampires","player_choice":"Ignored","floor":24,"damage_taken":0}],"boss_relics":[{"not_picked":["Black Star","Pandora\u0027s Box","Philosopher\u0027s Stone"]}],"potions_floor_spawned":[10,12,18,25,28],"seed_played":"5846867396033400397","killed_by":"Collector","ascension_level":0,"is_trial":false}