{"path_per_floor":["M","?","?","$","?","R","M","E","T","R","M","?","R","M","R","B",null,"M","?","M","?","M","R","?","R","T","M","R","E","?","E","R","B",null,"M","?","?","?","M","R","M","R","T","M","$","?","M","M","R","B"],"character_chosen":"IRONCLAD","items_purchased":["Spot Weakness","Swift Strike","Frozen Eye"],"gold_per_floor":[117,192,192,16,16,16,32,65,65,65,85,85,85,100,100,199,199,209,209,225,140,152,152,152,152,177,193,193,218,218,244,244,349,349,368,368,413,413,428,428,440,440,488,501,225,225,235,250,250,250],"floor_reached":51,"campfire_rested":1,"playtime":1511,"current_hp_per_floor":[80,69,69,69,69,69,75,80,80,80,80,80,80,83,83,24,83,70,70,72,72,48,48,48,48,48,48,48,36,36,26,56,33,100,104,104,82,82,92,92,70,70,70,73,73,102,100,106,106,17],"items_purged":["Defend_R"],"gold":250,"score":808,"play_id":"7a4a8173-50b1-4d15-9d33-623e758c1af8","local_time":"20180409110557","is_prod":false,"is_daily":false,"is_ascension_mode":false,"campfire_upgraded":10,"timestamp":1523286357,"path_taken":["M","?","?","$","?","R","?","E","T","R","M","?","R","M","R","BOSS","M","?","M","?","M","R","?","R","T","?","R","E","?","E","R","BOSS","M","?","?","?","M","R","M","R","T","M","$","?","?","M","R","BOSS"],"build_version":"2018-04-05v2","purchased_purges":3,"victory":true,"master_deck":["Strike_R","Strike_R+1","Strike_R","Strike_R","Strike_R+1","Defend_R","Defend_R","Bash+1","Anger+1","Feed+1","Spot Weakness+1","Swift Strike+1","Perfected Strike+1","Flex+1","Limit Break+1","Twin Strike+1","Pommel Strike+1","Limit Break+1","Thunderclap+1","Inflame+1","Heavy Blade+1","Writhe"],"max_hp_per_floor":[80,80,80,80,80,80,80,80,80,80,80,80,80,83,83,83,83,86,86,89,89,89,89,89,89,89,89,89,89,89,100,100,100,100,104,104,108,108,112,112,112,112,112,116,116,116,116,116,116,116],"relics":["Burning Blood","NeowsBlessing","Calipers","Sozu","Nloth\u0027s Gift","Happy Flower","Anchor","Bronze Scales","Vajra","Strawberry","Calling Bell","Shuriken","Question Card","Champion Belt","Peace Pipe","Whetstone","Frozen Eye"],"card_choices":[{"not_picked":["Iron Wave","Seeing Red"],"picked":"Anger","floor":1},{"not_picked":["Seeing Red","Wild Strike"],"picked":"Perfected Strike","floor":8},{"not_picked":["Sentinel","Intimidate"],"picked":"Flex","floor":11},{"not_picked":["Exhume","Double Tap"],"picked":"Limit Break","floor":16},{"not_picked":["Clash","Flex"],"picked":"Twin Strike","floor":18},{"not_picked":["Corruption","Iron Wave"],"picked":"Pommel Strike","floor":22},{"not_picked":["Berserk","Juggernaut"],"picked":"Limit Break","floor":29},{"not_picked":["Flex","Brutality","Ghostly Armor"],"picked":"Thunderclap","floor":35},{"not_picked":["Armaments","Sword Boomerang","Perfected Strike"],"picked":"Inflame","floor":39},{"not_picked":["Anger","Body Slam","Corruption"],"picked":"Heavy Blade","floor":41}],"player_experience":788090,"potions_floor_usage":[14,16,31],"damage_taken":[{"damage":0,"enemies":"Cultist","floor":1,"turns":1},{"damage":0,"enemies":"Jaw Worm","floor":7,"turns":1},{"damage":0,"enemies":"Gremlin Nob","floor":8,"turns":1},{"damage":0,"enemies":"Small Slimes","floor":11,"turns":2},{"damage":0,"enemies":"Gremlin Gang","floor":14,"turns":2},{"damage":65,"enemies":"Hexaghost","floor":16,"turns":9},{"damage":22,"enemies":"3 Byrds","floor":18,"turns":5},{"damage":7,"enemies":"Shell Parasite","floor":20,"turns":3},{"damage":30,"enemies":"Centurion and Healer","floor":22,"turns":4},{"damage":6,"enemies":"Snake Plant","floor":27,"turns":2},{"damage":18,"enemies":"Book of Stabbing","floor":29,"turns":3},{"damage":27,"enemies":"Slavers","floor":31,"turns":4},{"damage":29,"enemies":"Champ","floor":33,"turns":6},{"damage":0,"enemies":"Orb Walker","floor":35,"turns":2},{"damage":32,"enemies":"Mysterious Sphere","floor":37,"turns":3},{"damage":0,"enemies":"3 Darklings","floor":39,"turns":2},{"damage":28,"enemies":"Maw","floor":41,"turns":5},{"damage":7,"enemies":"4 Shapes","floor":44,"turns":4},{"damage":8,"enemies":"3 Darklings","floor":47,"turns":4},{"damage":0,"enemies":"Sphere and 2 Shapes","floor":48,"turns":3},{"damage":95,"enemies":"Donu and Deca","floor":50,"turns":5}],"event_choices":[{"event_name":"World of Goop","player_choice":"Gather Gold","floor":2,"damage_taken":0},{"event_name":"Match and Keep!","player_choice":"1 cards matched","floor":3,"damage_taken":0},{"event_name":"Living Wall","player_choice":"Grow","floor":5,"damage_taken":0},{"event_name":"Accursed Blacksmith","player_choice":"Forge","floor":12,"damage_taken":0},{"event_name":"N\u0027loth","player_choice":"Traded a Ancient Tea Set","floor":19,"damage_taken":0},{"event_name":"Addict","player_choice":"Obtained Relic","floor":21,"damage_taken":0},{"event_name":"Wheel of Change","player_choice":"Relic","floor":24,"damage_taken":0},{"event_name":"Purifier","player_choice":"One Purge","floor":30,"damage_taken":0},{"event_name":"Tomb of Lord Red Mask","player_choice":"Ignored","floor":36,"damage_taken":0},{"event_name":"Mysterious Sphere","player_choice":"Fight","floor":37,"damage_taken":0},{"event_name":"Fountain of Cleansing","player_choice":"Removed Curse","floor":38,"damage_taken":0},{"event_name":"Winding Halls","player_choice":"Writhe","floor":46,"damage_taken":0}],"boss_relics":[{"not_picked":["Runic Dome","White Beast Statue"],"picked":"Sozu"},{"not_picked":["Snecko Eye","Velvet Choker"],"picked":"Calling Bell"}],"potions_floor_spawned":[8,11,14,29,31,33,41,44,47],"seed_played":"-2947887844882891638","ascension_level":0,"is_trial":false}