{"gold_per_floor":[215,3,3,22,35,70,81,108,108,108,108],"floor_reached":11,"playtime":671,"items_purged":[],"score":166,"play_id":"8570a996-a601-439a-a4ad-2a953d72f16b","local_time":"20190511093105","is_ascension_mode":true,"campfire_choices":[{"floor":10,"key":"REST"}],"neow_cost":"NONE","seed_source_timestamp":1611056111805645,"circlet_count":0,"master_deck":["AscendersBane","Strike_R","Strike_R","Strike_R","Strike_R","Defend_R+1","Defend_R","Defend_R","Defend_R","Bash","Feel No Pain","Evolve","Seeing Red+1","Headbutt","Feed","Disarm"],"special_seed":0,"relics":["Burning Blood","War Paint","Self Forming Clay","Matryoshka"],"potions_floor_usage":[6,8],"damage_taken":[{"damage":14.0,"enemies":"Jaw Worm","floor":1.0,"turns":5.0},{"damage":11.0,"enemies":"Cultist","floor":4.0,"turns":4.0},{"damage":4.0,"enemies":"2 Louse","floor":5.0,"turns":3.0},{"damage":24,"enemies":"3 Sentries","floor":6,"turns":12},{"damage":12,"enemies":"Large Slime","floor":7,"turns":7},{"damage":42,"enemies":"Lagavulin","floor":8,"turns":10},{"damage":48,"enemies":"Gremlin Nob","floor":11,"turns":4}],"seed_played":"5433917776010396625","potions_obtained":[{"floor":1.0,"key":"Regen Potion"}],"is_trial":false,"path_per_floor":["M","$","?","M","M","E","M","E","T","R","E"],"character_chosen":"IRONCLAD","items_purchased":["Evolve","Seeing Red","Fire Potion"],"campfire_rested":1,"item_purchase_floors":[2,2,2],"current_hp_per_floor":[60,60,60,55,57,54,51,18,18,42,0],"gold":108,"neow_bonus":"HUNDRED_GOLD","is_prod":false,"is_daily":false,"chose_seed":false,"campfire_upgraded":0,"win_rate":0,"timestamp":1557581465,"path_taken":["M","$","?","M","?","E","M","E","T","R","E"],"build_version":"2019-01-23","purchased_purges":0,"victory":false,"max_hp_per_floor":[75,75,75,75,75,75,78,81,81,81,81],"card_choices":[{"not_picked":["Shrug It Off","Heavy Blade"],"picked":"Feel No Pain","floor":1.0},{"not_picked":["Evolve","Perfected Strike"],"picked":"Headbutt","floor":4.0},{"not_picked":["Pummel","Warcry","Sword Boomerang"],"picked":"SKIP","floor":5.0},{"not_picked":["Headbutt","Burning Pact"],"picked":"Feed","floor":6},{"not_picked":["Sword Boomerang","Flex","Dropkick"],"picked":"SKIP","floor":7},{"not_picked":["Feel No Pain","Cleave"],"picked":"Disarm","floor":8}],"player_experience":2564444,"relics_obtained":[{"floor":6,"key":"War Paint"},{"floor":8,"key":"Self Forming Clay"},{"floor":9,"key":"Matryoshka"}],"event_choices":[{"cards_removed":["Strike_R"],"damage_healed":0.0,"max_hp_gain":0.0,"max_hp_loss":0.0,"gold_gain":0.0,"event_name":"Purifier","player_choice":"Purged","floor":3.0,"gold_loss":0.0,"damage_taken":0.0}],"is_beta":false,"boss_relics":[],"items_purged_floors":[],"is_endless":false,"potions_floor_spawned":[1,4,5],"killed_by":"Gremlin Nob","ascension_level":20}