{"gold_per_floor":[109,127,141,159,176,176,206,206,229,240,272,289,289,321,321,321],"floor_reached":16,"playtime":869,"items_purged":[],"score":248,"play_id":"40d758d3-b8e9-4ca7-95f5-6730650d58b6","local_time":"20190410022435","is_ascension_mode":true,"campfire_choices":[{"data":"Carnage","floor":6,"key":"SMITH"},{"data":"Bash","floor":8,"key":"SMITH"},{"data":"Immolate","floor":13,"key":"SMITH"},{"data":"Flame Barrier","floor":15,"key":"SMITH"}],"neow_cost":"PERCENT_DAMAGE","seed_source_timestamp":20578064469434,"circlet_count":0,"master_deck":["AscendersBane","Strike_R","Strike_R","Strike_R","Defend_R","Defend_R+1","Defend_R","Defend_R+1","Bash+1","Heavy Blade","Pommel Strike","Pummel","Impervious","Carnage+1","Flame Barrier+1","Immolate+1","Demon Form","Shrug It Off","Inflame"],"relics":["Burning Blood","Singing Bowl","Ancient Tea Set","War Paint","Dream Catcher"],"potions_floor_usage":[4,5,14],"damage_taken":[{"damage":7,"enemies":"Cultist","floor":1,"turns":4},{"damage":4,"enemies":"2 Louse","floor":2,"turns":3},{"damage":2,"enemies":"Jaw Worm","floor":3,"turns":3},{"damage":9,"enemies":"3 Louse","floor":4,"turns":4},{"damage":1,"enemies":"Large Slime","floor":5,"turns":8},{"damage":15,"enemies":"Lagavulin","floor":7,"turns":6},{"damage":11,"enemies":"Looter","floor":10,"turns":3},{"damage":20,"enemies":"3 Sentries","floor":11,"turns":7},{"damage":6,"enemies":"Exordium Thugs","floor":12,"turns":3},{"damage":25,"enemies":"Lagavulin","floor":14,"turns":8},{"damage":18,"enemies":"Hexaghost","floor":16,"turns":7}],"seed_played":"-2250677659826978856","potions_obtained":[{"floor":2,"key":"EssenceOfSteel"},{"floor":3,"key":"BloodPotion"},{"floor":5,"key":"GamblersBrew"},{"floor":14,"key":"Dexterity Potion"}],"is_trial":false,"path_per_floor":["M","M","M","M","M","R","E","R","T","M","E","M","R","E","R","B"],"character_chosen":"IRONCLAD","items_purchased":[],"campfire_rested":0,"item_purchase_floors":[],"current_hp_per_floor":[49,51,55,59,64,64,55,55,55,50,36,36,36,17,17,0],"gold":321,"neow_bonus":"REMOVE_TWO","is_prod":false,"is_daily":false,"chose_seed":false,"campfire_upgraded":4,"win_rate":0,"timestamp":1554877475,"path_taken":["M","M","?","M","M","R","E","R","T","M","E","M","R","E","R","BOSS"],"build_version":"2019-01-23","purchased_purges":0,"victory":false,"max_hp_per_floor":[75,75,75,75,75,75,75,75,75,75,75,75,75,75,75,75],"card_choices":[{"not_picked":["Flex","Thunderclap"],"picked":"Heavy Blade","floor":1},{"not_picked":["Pummel","Headbutt"],"picked":"Pommel Strike","floor":2},{"not_picked":["Headbutt","Body Slam"],"picked":"Pummel","floor":3},{"not_picked":["Warcry","Body Slam"],"picked":"Impervious","floor":4},{"not_picked":["Armaments","Clash"],"picked":"Carnage","floor":5},{"not_picked":["Feel No Pain","Sword Boomerang"],"picked":"Flame Barrier","floor":7},{"not_picked":["Warcry","Clash"],"picked":"Immolate","floor":10},{"not_picked":["Fire Breathing","Flex"],"picked":"Demon Form","floor":11},{"not_picked":["Iron Wave","Entrench"],"picked":"Shrug It Off","floor":12},{"not_picked":["Rupture","Pummel"],"picked":"Inflame","floor":14}],"player_experience":1776265,"relics_obtained":[{"floor":7,"key":"Singing Bowl"},{"floor":9,"key":"Ancient Tea Set"},{"floor":11,"key":"War Paint"},{"floor":14,"key":"Dream Catcher"}],"event_choices":[],"is_beta":false,"boss_relics":[],"items_purged_floors":[],"is_endless":false,"potions_floor_spawned":[2,3,5,14],"killed_by":"Hexaghost","ascension_level":20}