{"gold_per_floor":[216,216,3,3,22,52,52,82,82,109,128,128,163,182,182,260,260,278,291,291,317,332,332,15,40,40,40,40,74,100,37,49,136,198,224,248,260,285,519,531,543,555,567,613,643,668,680,172,172,172,172,172,172,3,36,36],"floor_reached":56,"playtime":4767,"items_purged":[],"score":1917,"play_id":"22c1ece2-8e3c-4351-a58f-1aa61e8f4fa6","local_time":"20190505064845","is_ascension_mode":true,"campfire_choices":[{"data":"Streamline","floor":7.0,"key":"SMITH"},{"floor":12.0,"key":"REST"},{"floor":15.0,"key":"REST"},{"floor":23.0,"key":"RECALL"},{"floor":27.0,"key":"REST"},{"floor":32.0,"key":"REST"},{"floor":40.0,"key":"REST"},{"floor":42.0,"key":"REST"},{"floor":49.0,"key":"REST"},{"floor":53,"key":"REST"}],"neow_cost":"NONE","seed_source_timestamp":0,"circlet_count":0,"master_deck":["AscendersBane","Defend_B","Defend_B+1","Defend_B+1","Defend_B","Zap+1","Dualcast","Streamline+1","FTL","Defragment","Cold Snap","Glacier","Genetic Algorithm","Defragment","Electrodynamics","Compile Driver","Biased Cognition","Capacitor","Stack+1","Bite","Bite","Bite","Bite","Consume+1","Ball Lightning","Melter","Undo","Defragment+1","Doom and Gloom","Cold Snap+1","Seek","Hologram+1","Skim+1","Consume+1","Coolheaded+1","Hologram+1","Cold Snap+1","Hologram+1","Capacitor+1"],"special_seed":0,"relics":["Cracked Core","Omamori","Kunai","Shuriken","War Paint","Bottled Flame","Fusion Hammer","Red Mask","Vajra","Anchor","Dream Catcher","StoneCalendar","MawBank","Tiny House","Regal Pillow","Membership Card","Bag of Preparation","Mummified Hand","OrangePellets","Sundial"],"potions_floor_usage":[55,56],"damage_taken":[{"damage":7.0,"enemies":"2 Louse","floor":1.0,"turns":2.0},{"damage":0.0,"enemies":"Small Slimes","floor":5.0,"turns":3.0},{"damage":32.0,"enemies":"Gremlin Nob","floor":6.0,"turns":4.0},{"damage":9.0,"enemies":"3 Sentries","floor":8.0,"turns":6.0},{"damage":13.0,"enemies":"Lagavulin","floor":10.0,"turns":5.0},{"damage":4.0,"enemies":"Jaw Worm","floor":11.0,"turns":4.0},{"damage":8.0,"enemies":"Gremlin Nob","floor":13.0,"turns":3.0},{"damage":0.0,"enemies":"Large Slime","floor":14.0,"turns":3.0},{"damage":19.0,"enemies":"The Guardian","floor":16.0,"turns":11.0},{"damage":35.0,"enemies":"Shell Parasite","floor":18.0,"turns":3.0},{"damage":21.0,"enemies":"3 Byrds","floor":19.0,"turns":5.0},{"damage":6.0,"enemies":"Masked Bandits","floor":21.0,"turns":3.0},{"damage":18.0,"enemies":"Centurion and Healer","floor":22.0,"turns":25.0},{"damage":26.0,"enemies":"Gremlin Leader","floor":29.0,"turns":5.0},{"damage":21.0,"enemies":"Snake Plant","floor":30.0,"turns":4.0},{"damage":1.0,"enemies":"Champ","floor":33.0,"turns":15.0},{"damage":10.0,"enemies":"3 Darklings","floor":35.0,"turns":6.0},{"damage":0.0,"enemies":"3 Shapes","floor":36.0,"turns":5.0},{"damage":37.0,"enemies":"Writhing Mass","floor":38.0,"turns":7.0},{"damage":54.0,"enemies":"Reptomancer","floor":44.0,"turns":11.0},{"damage":10.0,"enemies":"4 Shapes","floor":45.0,"turns":7.0},{"damage":6.0,"enemies":"Jaw Worm Horde","floor":46.0,"turns":4.0},{"damage":18.0,"enemies":"Awakened One","floor":50.0,"turns":25.0},{"damage":28,"enemies":"Time Eater","floor":51,"turns":19},{"damage":49,"enemies":"Shield and Spear","floor":55,"turns":7},{"damage":50,"enemies":"The Heart","floor":56,"turns":3}],"seed_played":"-8086513284597267434","potions_obtained":[{"floor":1.0,"key":"SkillPotion"},{"floor":5.0,"key":"Swift Potion"},{"floor":14.0,"key":"Dexterity Potion"},{"floor":16.0,"key":"Regen Potion"},{"floor":19.0,"key":"Dexterity Potion"},{"floor":29.0,"key":"FocusPotion"},{"floor":34.0,"key":"Explosive Potion"},{"floor":36.0,"key":"Regen Potion"},{"floor":37.0,"key":"GamblersBrew"},{"floor":45.0,"key":"AttackPotion"},{"floor":46.0,"key":"Dexterity Potion"}],"is_trial":false,"path_per_floor":["M","?","$","?","M","E","R","E","T","E","M","R","E","M","R","B",null,"M","M","?","?","M","R","$","T","T","R","?","E","M","?","R","B",null,"M","M","?","M","?","R","?","R","T","E","M","M","?","$","R","B","B",null,"R","$","E","B"],"character_chosen":"DEFECT","items_purchased":["FTL","Omamori","Vajra","Anchor","Membership Card","Bag of Preparation","Mummified Hand","FocusPotion","Fire Potion","OrangePellets","Explosive Potion","FearPotion"],"campfire_rested":8,"item_purchase_floors":[3,3,24,24,48,48,48,48,48,54,54,54],"current_hp_per_floor":[57,36,36,59,59,27,27,18,18,5,1,22,14,14,35,16,57,22,15,15,13,49,49,49,49,49,49,49,31,16,16,30,49,54,52,54,54,29,29,45,54,54,54,12,6,4,4,4,35,54,35,49,54,54,11,0],"gold":36,"neow_bonus":"HUNDRED_GOLD","is_prod":false,"is_daily":false,"chose_seed":false,"campfire_upgraded":1,"win_rate":0,"timestamp":1557053325,"path_taken":["M","?","$","?","M","E","R","E","T","E","M","R","E","M","R","BOSS","M","M","?","?","M","R","$","?","T","R","?","E","M","?","R","BOSS","M","M","?","?","?","R","?","R","T","E","M","M","?","?","R","BOSS","BOSS","R","$","E","BOSS"],"build_version":"2019-01-23","purchased_purges":0,"victory":false,"max_hp_per_floor":[71,71,71,71,71,71,71,71,71,71,71,71,71,71,71,71,71,71,71,49,49,49,49,49,49,49,49,49,49,49,49,49,49,54,54,54,54,54,54,54,54,54,54,54,54,54,54,54,54,54,54,54,54,54,54,54],"card_choices":[{"not_picked":["Recycle","Turbo"],"picked":"Streamline","floor":1.0},{"not_picked":["Aggregate","Force Field"],"picked":"Defragment","floor":5.0},{"not_picked":["Force Field","Reinforced Body"],"picked":"Cold Snap","floor":6.0},{"not_picked":["Seek","Barrage"],"picked":"Glacier","floor":8.0},{"not_picked":["Beam Cell","Ball Lightning"],"picked":"Genetic Algorithm","floor":10.0},{"not_picked":["Barrage","Hyperbeam"],"picked":"Defragment","floor":11.0},{"not_picked":["Redo","Blizzard"],"picked":"Electrodynamics","floor":13.0},{"not_picked":["Fusion","Streamline"],"picked":"Compile Driver","floor":14.0},{"not_picked":["Reboot","Machine Learning"],"picked":"Biased Cognition","floor":16.0},{"not_picked":["Coolheaded","Recycle"],"picked":"Capacitor","floor":18.0},{"not_picked":["Double Energy","Hologram"],"picked":"Stack+1","floor":19.0},{"not_picked":["Gash","Turbo"],"picked":"Consume","floor":21.0},{"not_picked":["Sweeping Beam","Auto Shields"],"picked":"Ball Lightning","floor":22.0},{"not_picked":["Ball Lightning","Rip and Tear"],"picked":"Melter","floor":27.0},{"not_picked":["Lockon","Multi-Cast"],"picked":"Defragment+1","floor":29.0},{"not_picked":["Streamline+1","Leap"],"picked":"Doom and Gloom","floor":30.0},{"not_picked":["Ball Lightning","Turbo+1"],"picked":"Cold Snap+1","floor":32.0},{"not_picked":["Reboot","Rainbow"],"picked":"Seek","floor":33.0},{"not_picked":["Barrage","Gash+1"],"picked":"Hologram+1","floor":35.0},{"not_picked":["Consume","Melter","Reinforced Body"],"picked":"SKIP","floor":36.0},{"not_picked":["Streamline","Stack"],"picked":"Skim+1","floor":38.0},{"not_picked":["Sunder+1","Cold Snap+1"],"picked":"Consume+1","floor":40.0},{"not_picked":["Rip and Tear","Darkness+1"],"picked":"Coolheaded+1","floor":42.0},{"not_picked":["Hyperbeam","Turbo","Self Repair"],"picked":"SKIP","floor":44.0},{"not_picked":["Stack","Rebound"],"picked":"Hologram+1","floor":45.0},{"not_picked":["Rebound","Steam Power"],"picked":"Cold Snap+1","floor":46.0},{"not_picked":["Streamline","Sunder"],"picked":"Hologram+1","floor":49.0},{"not_picked":["Cold Snap","Ball Lightning+1"],"picked":"Capacitor+1","floor":55}],"player_experience":2378006,"relics_obtained":[{"floor":8.0,"key":"Kunai"},{"floor":9.0,"key":"Shuriken"},{"floor":10.0,"key":"War Paint"},{"floor":13.0,"key":"Bottled Flame"},{"floor":21.0,"key":"Red Mask"},{"floor":25.0,"key":"Dream Catcher"},{"floor":26.0,"key":"StoneCalendar"},{"floor":29.0,"key":"MawBank"},{"floor":44.0,"key":"Regal Pillow"},{"floor":55,"key":"Sundial"}],"event_choices":[{"damage_healed":0.0,"max_hp_gain":0.0,"max_hp_loss":0.0,"gold_gain":0.0,"event_name":"Shining Light","player_choice":"Entered Light","floor":2.0,"gold_loss":0.0,"damage_taken":21.0,"cards_upgraded":["Strike_B","Zap"]},{"damage_healed":23.0,"max_hp_gain":0.0,"max_hp_loss":0.0,"gold_gain":0.0,"event_name":"Big Fish","player_choice":"Banana","floor":4.0,"gold_loss":0.0,"damage_taken":0.0},{"damage_healed":0.0,"max_hp_gain":0.0,"max_hp_loss":22.0,"gold_gain":0.0,"event_name":"Vampires","player_choice":"Became a vampire","floor":20.0,"gold_loss":0.0,"damage_taken":0.0,"cards_obtained":["Bite","Bite","Bite","Bite","Bite"]},{"damage_healed":0.0,"max_hp_gain":0.0,"max_hp_loss":0.0,"gold_gain":0.0,"event_name":"Masked Bandits","player_choice":"Fought Bandits","floor":21.0,"gold_loss":0.0,"damage_taken":0.0},{"damage_healed":0.0,"max_hp_gain":0.0,"max_hp_loss":0.0,"gold_gain":0.0,"event_name":"The Library","player_choice":"Read","floor":28.0,"gold_loss":0.0,"damage_taken":0.0,"cards_obtained":["Undo"]},{"cards_removed":["Bite"],"damage_healed":0.0,"max_hp_gain":0.0,"max_hp_loss":0.0,"gold_gain":0.0,"event_name":"Beggar","player_choice":"Gave Gold","floor":31.0,"gold_loss":75.0,"damage_taken":0.0},{"damage_healed":0.0,"max_hp_gain":0.0,"max_hp_loss":0.0,"gold_gain":0.0,"event_name":"Lab","player_choice":"Got Potions","floor":37.0,"gold_loss":0.0,"damage_taken":0.0},{"damage_healed":0.0,"max_hp_gain":0.0,"max_hp_loss":0.0,"gold_gain":222.0,"event_name":"Tomb of Lord Red Mask","player_choice":"Wore Mask","floor":39.0,"gold_loss":0.0,"damage_taken":0.0},{"damage_healed":11.0,"max_hp_gain":0.0,"max_hp_loss":0.0,"gold_gain":0.0,"event_name":"Winding Halls","player_choice":"Writhe","floor":41.0,"gold_loss":0.0,"damage_taken":0.0,"cards_obtained":["Writhe"]},{"damage_healed":0.0,"max_hp_gain":0.0,"max_hp_loss":0.0,"gold_gain":0.0,"event_name":"SensoryStone","player_choice":"Memory 1","floor":47.0,"gold_loss":0.0,"damage_taken":0.0}],"is_beta":false,"boss_relics":[{"not_picked":["Calling Bell","Empty Cage"],"picked":"Fusion Hammer"},{"not_picked":["Nuclear Battery","Snecko Eye"],"picked":"Tiny House"}],"items_purged_floors":[],"is_endless":false,"potions_floor_spawned":[1,5,14,16,19,29,36,45,46],"killed_by":"The Heart","ascension_level":20}