{"path_per_floor":["M","?","?","M","M","R","M","R","T","R","$","M","?","M","R","B",null,"M","?","M","$","M","R","E","?","T","R","?","M"],"character_chosen":"THE_SILENT","items_purchased":["Ancient Tea Set","Strength Potion","Noxious Fumes"],"gold_per_floor":[110,210,210,230,243,243,262,262,262,262,64,83,83,95,95,172,172,184,99,117,41,54,54,82,82,82,82,132,147,147],"floor_reached":30,"campfire_rested":2,"playtime":946,"current_hp_per_floor":[55,55,48,48,47,47,47,47,61,61,61,61,66,65,65,8,66,44,44,23,23,14,39,12,12,12,37,37,11,0],"items_purged":[],"gold":147,"score":433,"play_id":"94d8c0df-e189-4de3-bdba-b81309d9e841","local_time":"20180407141134","is_prod":false,"is_daily":false,"is_ascension_mode":true,"campfire_upgraded":4,"timestamp":1523124694,"path_taken":["M","?","?","M","M","R","M","R","T","R","$","?","?","M","R","BOSS","M","?","M","$","M","R","E","?","T","R","?","M","M"],"build_version":"2018-04-05v2","purchased_purges":2,"victory":false,"master_deck":["Defend_G","Defend_G","Defend_G","Defend_G","Strike_G","Strike_G","Strike_G","Strike_G","Strike_G","Survivor","Neutralize","AscendersBane","Dagger Spray+1","Deadly Poison+1","Flying Knee+1","Backstab+1","Unload","Deadly Poison","PiercingWail+1","Noxious Fumes","Heel Hook+1","Dagger Spray+1"],"max_hp_per_floor":[66,66,66,66,66,66,66,66,80,80,80,80,85,85,85,85,85,85,85,85,85,85,85,85,85,85,85,85,85,85],"relics":["Ring of the Snake","Mango","Ancient Tea Set","Sozu","Girya","Juzu Bracelet","Omamori"],"card_choices":[{"not_picked":["Underhanded Strike","Endless Agony"],"picked":"Dagger Spray","floor":1},{"not_picked":["Flechettes","Sucker Punch"],"picked":"Deadly Poison","floor":4},{"not_picked":["Endless Agony","Bane"],"picked":"Flying Knee","floor":5},{"not_picked":["Dodge and Roll","Sucker Punch"],"picked":"Backstab","floor":7},{"not_picked":["Grand Finale","Wraith Form"],"picked":"Unload","floor":16},{"not_picked":["Underhanded Strike","Dodge and Roll"],"picked":"Deadly Poison","floor":18},{"not_picked":["Dash","Flying Knee"],"picked":"PiercingWail","floor":20},{"not_picked":["Sucker Punch","Dagger Throw"],"picked":"Heel Hook","floor":22},{"not_picked":["Poisoned Stab","Quick Slash"],"picked":"Dagger Spray","floor":29}],"player_experience":714643,"potions_floor_usage":[16,16,18],"damage_taken":[{"damage":4,"enemies":"2 Louse","floor":1,"turns":3},{"damage":0,"enemies":"Cultist","floor":4,"turns":4},{"damage":1,"enemies":"Jaw Worm","floor":5,"turns":3},{"damage":0,"enemies":"2 Fungi Beasts","floor":7,"turns":2},{"damage":0,"enemies":"Large Slime","floor":12,"turns":3},{"damage":1,"enemies":"Exordium Wildlife","floor":14,"turns":3},{"damage":57,"enemies":"Slime Boss","floor":16,"turns":14},{"damage":22,"enemies":"Spheric Guardian","floor":18,"turns":4},{"damage":21,"enemies":"Chosen","floor":20,"turns":3},{"damage":9,"enemies":"Snecko","floor":22,"turns":4},{"damage":27,"enemies":"Slavers","floor":24,"turns":6},{"damage":26,"enemies":"3 Cultists","floor":29,"turns":5},{"damage":11,"enemies":"Centurion and Healer","floor":30,"turns":3}],"event_choices":[{"event_name":"Golden Shrine","player_choice":"Pray","floor":2,"damage_taken":0},{"event_name":"Golden Wing","player_choice":"Card Removal","floor":3,"damage_taken":0},{"event_name":"Big Fish","player_choice":"Donut","floor":13,"damage_taken":0},{"event_name":"Addict","player_choice":"Obtained Relic","floor":19,"damage_taken":0},{"event_name":"N\u0027loth","player_choice":"Ignored","floor":25,"damage_taken":0},{"event_name":"The Joust","player_choice":"Bet on Murderer","floor":28,"damage_taken":0}],"boss_relics":[{"not_picked":["Philosopher\u0027s Stone","Snecko Eye"],"picked":"Sozu"}],"potions_floor_spawned":[5,16,24,29],"seed_played":"-3586380350416719077","killed_by":"Centurion and Healer","ascension_level":14,"is_trial":false}