{"gold_per_floor":[114,164,182,40,54,54,65,95,120,135,135,60,60,91,91,91],"floor_reached":16,"playtime":723,"items_purged":[],"score":220,"play_id":"a2252618-aa55-46f4-92b0-9017962452f3","local_time":"20190411171938","is_ascension_mode":true,"campfire_choices":[{"data":"Inflame","floor":6,"key":"SMITH"},{"data":"Armaments","floor":11,"key":"SMITH"},{"data":"Pommel Strike","floor":13,"key":"SMITH"},{"data":"Shrug It Off","floor":15,"key":"SMITH"}],"neow_cost":"NONE","seed_source_timestamp":91097265465913,"circlet_count":0,"master_deck":["AscendersBane","Strike_R","Strike_R","Strike_R","Strike_R","Strike_R","Defend_R","Defend_R","Defend_R","Defend_R","Bash","Inflame+1","Pommel Strike+1","Shrug It Off+1","Evolve","Armaments+1","Spot Weakness","Power Through"],"relics":["Burning Blood","Anchor","PreservedInsect","Ancient Tea Set"],"potions_floor_usage":[7,14,14],"damage_taken":[{"damage":4,"enemies":"Small Slimes","floor":1,"turns":4},{"damage":1,"enemies":"Cultist","floor":3,"turns":3},{"damage":24,"enemies":"Jaw Worm","floor":5,"turns":4},{"damage":4,"enemies":"Exordium Wildlife","floor":7,"turns":4},{"damage":32,"enemies":"Gremlin Nob","floor":8,"turns":4},{"damage":11,"enemies":"3 Louse","floor":10,"turns":3},{"damage":6,"enemies":"3 Sentries","floor":14,"turns":8},{"damage":28,"enemies":"Slime Boss","floor":16,"turns":10}],"seed_played":"7787784234794041185","potions_obtained":[{"floor":1,"key":"Dexterity Potion"},{"floor":5,"key":"SkillPotion"},{"floor":10,"key":"Energy Potion"}],"is_trial":false,"path_per_floor":["M","?","M","$","M","R","M","E","T","M","R","$","R","E","R","B"],"character_chosen":"IRONCLAD","items_purchased":["Shrug It Off","Evolve","Spot Weakness"],"campfire_rested":0,"item_purchase_floors":[4,4,12],"current_hp_per_floor":[77,69,74,74,56,56,58,32,32,27,27,27,27,27,27,0],"gold":91,"neow_bonus":"TEN_PERCENT_HP_BONUS","is_prod":false,"is_daily":false,"chose_seed":false,"campfire_upgraded":4,"win_rate":0,"timestamp":1555017578,"path_taken":["M","?","M","$","?","R","M","E","T","M","R","$","R","E","R","BOSS"],"build_version":"2019-01-23","purchased_purges":0,"victory":false,"max_hp_per_floor":[82,82,82,82,82,82,82,82,82,82,82,82,82,82,82,82],"card_choices":[{"not_picked":["Corruption","Headbutt"],"picked":"Inflame","floor":1},{"not_picked":["Warcry","Body Slam"],"picked":"Pommel Strike","floor":3},{"not_picked":["Infernal Blade","Flex","Wild Strike"],"picked":"SKIP","floor":5},{"not_picked":["Iron Wave","Havoc","Fire Breathing"],"picked":"SKIP","floor":7},{"not_picked":["Cleave","Clash"],"picked":"Armaments","floor":8},{"not_picked":["Flex","Infernal Blade","Intimidate"],"picked":"SKIP","floor":10},{"not_picked":["Dropkick","Warcry"],"picked":"Power Through","floor":14}],"player_experience":1794112,"relics_obtained":[{"floor":8,"key":"Anchor"},{"floor":9,"key":"PreservedInsect"},{"floor":14,"key":"Ancient Tea Set"}],"event_choices":[{"damage_healed":0,"gold_gain":50,"player_choice":"Touch","damage_taken":8,"max_hp_gain":0,"max_hp_loss":0,"event_name":"FaceTrader","floor":2,"gold_loss":0}],"is_beta":false,"boss_relics":[],"items_purged_floors":[],"is_endless":false,"potions_floor_spawned":[1,5,10],"killed_by":"Slime Boss","ascension_level":20}