{"path_per_floor":["M","?","?","M","M","R","$","R","T","R","M","E","?","E","R","B",null,"M","M","?","M","?","R","E","R","T","M","?","M","M","$","R"],"character_chosen":"IRONCLAD","items_purchased":["Ancient Tea Set","Medical Kit","Blue Candle","Energy Potion"],"gold_per_floor":[117,117,192,213,236,236,18,18,41,41,61,96,96,134,134,254,292,317,331,331,343,393,393,426,426,495,513,513,527,538,49,49],"floor_reached":33,"campfire_rested":3,"playtime":862,"current_hp_per_floor":[72,67,56,58,54,54,54,54,54,67,67,51,51,55,69,10,78,80,74,74,56,61,61,62,62,67,78,78,57,47,47,74],"items_purged":["Defend_R"],"gold":49,"score":275,"play_id":"92aaf9b0-2309-411e-b287-47928392b510","local_time":"20180311173445","is_prod":false,"is_daily":false,"is_ascension_mode":false,"campfire_upgraded":4,"timestamp":1520804085,"path_taken":["M","?","?","?","M","R","$","R","T","R","M","E","?","E","R","BOSS","M","M","?","?","?","R","E","R","T","M","?","M","M","$","R","BOSS"],"build_version":"2018-03-09","purchased_purges":1,"victory":false,"master_deck":["Strike_R","Strike_R+1","Strike_R","Strike_R","Strike_R","Defend_R","Bash+1","Offering+1","Headbutt+1","Double Tap+1","Blood for Blood+1"],"max_hp_per_floor":[72,67,67,67,67,67,67,67,67,67,67,67,67,69,69,71,78,80,82,82,82,82,82,84,84,84,86,86,88,90,90,90],"relics":["Burning Blood","Bloody Idol","Ancient Tea Set","Happy Flower","Singing Bowl","Dodecahedron","Tiny House","Blood Vial","Centennial Puzzle","Medical Kit","Blue Candle"],"card_choices":[{"not_picked":["Searing Blow","Anger"],"picked":"Offering"},{"not_picked":["Anger","True Grit"],"picked":"Headbutt"},{"not_picked":["Sword Boomerang","Havoc"],"picked":"Double Tap"},{"not_picked":["Clothesline","Havoc"],"picked":"Blood for Blood"}],"player_experience":473942,"potions_floor_usage":[12,16,18,19,21,24,33],"damage_taken":[{"damage":5,"enemies":"2 Louse","floor":1,"turns":3},{"damage":4,"enemies":"Small Slimes","floor":4,"turns":2},{"damage":10,"enemies":"Cultist","floor":5,"turns":3},{"damage":4,"enemies":"Blue Slaver","floor":11,"turns":1},{"damage":22,"enemies":"Lagavulin","floor":12,"turns":3},{"damage":4,"enemies":"Gremlin Nob","floor":14,"turns":2},{"damage":67,"enemies":"The Guardian","floor":16,"turns":6},{"damage":4,"enemies":"Shell Parasite","floor":18,"turns":1},{"damage":14,"enemies":"2 Thieves","floor":19,"turns":2},{"damage":29,"enemies":"Chosen and Byrds","floor":21,"turns":4},{"damage":12,"enemies":"Book of Stabbing","floor":24,"turns":2},{"damage":4,"enemies":"Snecko","floor":27,"turns":2},{"damage":36,"enemies":"Centurion and Healer","floor":29,"turns":4},{"damage":25,"enemies":"Snake Plant","floor":30,"turns":2},{"damage":111,"enemies":"Automaton","floor":33,"turns":6}],"event_choices":[{"event_name":"Golden Idol","player_choice":"Lose Max HP","floor":2,"damage_taken":0},{"event_name":"World of Goop","player_choice":"Gather Gold","floor":3,"damage_taken":0},{"event_name":"Living Wall","player_choice":"Grow","floor":13,"damage_taken":0},{"event_name":"Forgotten Altar","player_choice":"Gave Idol","floor":20,"damage_taken":0},{"event_name":"The Joust","player_choice":"Bet on Murderer","floor":22,"damage_taken":0},{"event_name":"The Mausoleum","player_choice":"No","floor":28,"damage_taken":0}],"boss_relics":[{"not_picked":["Runic Pyramid","Calling Bell"],"picked":"Tiny House"}],"potions_floor_spawned":[1,5,12,18,19],"seed_played":"-870654270193417956","killed_by":"Automaton","ascension_level":0,"is_trial":false}