{"gold_per_floor":[362,382,17,17,17,47,47,57,57,74,104,69,69,83,83,185,185,198,212,212,243,129,129,79,6,60,88,15,42,54,72,72,177,177,193,415,432,445,463,496,43,43],"floor_reached":42,"playtime":2282,"items_purged":["Normality"],"score":621,"play_id":"ad84cc02-1b7e-4148-883d-1e1cc792ac47","local_time":"20180909154525","is_ascension_mode":true,"campfire_choices":[{"data":"Zap","floor":7,"key":"SMITH"},{"data":"Go for the Eyes","floor":15,"key":"SMITH"},{"data":"Lockon","floor":23,"key":"SMITH"},{"data":"Force Field","floor":32,"key":"SMITH"}],"neow_cost":"CURSE","seed_source_timestamp":593505569605640,"circlet_count":0,"master_deck":["Strike_B+1","Strike_B+1","Defend_B","Defend_B","Defend_B","Zap+1","Dualcast","Darkness+1","Heatsinks+1","Lockon+1","Conserve Battery","Reboot","Chill","Go for the Eyes+1","Machine Learning+1","Static Discharge+1","Force Field+1","Loop+1","Auto Shields","Static Discharge+1","Heatsinks+1","Fusion+1","Ball Lightning+1","Hologram+1","Electrodynamics+1","Doom and Gloom+1","Darkness+1","Storm+1","Compile Driver+1","Darkness+1","Storm+1","Glacier+1","Sunder+1","Defragment+1","Multi-Cast+1","Core Surge"],"relics":["Cracked Core","Frozen Egg 2","Shuriken","Meat on the Bone","Ornamental Fan","Bottled Flame","Runic Dome","Red Mask","Ancient Tea Set","Whetstone","Dead Branch","Astrolabe","Toxic Egg 2","PreservedInsect"],"potions_floor_usage":[6,19,21,27,29,33,33],"damage_taken":[{"damage":5,"enemies":"Small Slimes","floor":1,"turns":4},{"damage":3,"enemies":"2 Louse","floor":2,"turns":2},{"damage":40,"enemies":"3 Sentries","floor":6,"turns":7},{"damage":1,"enemies":"Cultist","floor":8,"turns":3},{"damage":4,"enemies":"Looter","floor":10,"turns":3},{"damage":20,"enemies":"Gremlin Nob","floor":11,"turns":4},{"damage":2,"enemies":"Red Slaver","floor":14,"turns":3},{"damage":23,"enemies":"Hexaghost","floor":16,"turns":8},{"damage":8,"enemies":"Shell Parasite","floor":18,"turns":4},{"damage":5,"enemies":"3 Byrds","floor":19,"turns":5},{"damage":27,"enemies":"Masked Bandits","floor":21,"turns":4},{"damage":29,"enemies":"Slavers","floor":27,"turns":5},{"damage":11,"enemies":"Book of Stabbing","floor":29,"turns":4},{"damage":11,"enemies":"Snake Plant","floor":30,"turns":4},{"damage":0,"enemies":"Snecko","floor":31,"turns":4},{"damage":30,"enemies":"Champ","floor":33,"turns":7},{"damage":1,"enemies":"3 Shapes","floor":35,"turns":2},{"damage":11,"enemies":"Orb Walker","floor":37,"turns":3},{"damage":20,"enemies":"4 Shapes","floor":38,"turns":4},{"damage":12,"enemies":"Reptomancer","floor":39,"turns":3},{"damage":34,"enemies":"Nemesis","floor":40,"turns":7},{"damage":21,"enemies":"Giant Head","floor":42,"turns":5}],"seed_played":"-2813010399719721593","potions_obtained":[{"floor":1,"key":"FocusPotion"},{"floor":10,"key":"Ancient Potion"},{"floor":14,"key":"SpeedPotion"},{"floor":16,"key":"Weak Potion"},{"floor":18,"key":"Explosive Potion"},{"floor":19,"key":"SkillPotion"},{"floor":31,"key":"PowerPotion"},{"floor":33,"key":"Weak Potion"},{"floor":35,"key":"Ancient Potion"},{"floor":38,"key":"SteroidPotion"}],"is_trial":false,"path_per_floor":["M","M","$","?","?","E","R","M","T","M","E","?","?","M","R","B",null,"M","M","?","?","$","R","?","$","T","E","$","E","M","M","R","B",null,"M","?","M","M","M","E","$"],"character_chosen":"DEFECT","items_purchased":["Frozen Egg 2","Heatsinks+1","Loop+1","Auto Shields","Static Discharge+1","Regen Potion","Defragment+1","PreservedInsect","Multi-Cast+1","Core Surge"],"campfire_rested":0,"item_purchase_floors":[3,3,22,22,25,28,41,41,41,41],"current_hp_per_floor":[70,67,67,55,55,15,15,26,26,34,26,44,44,42,42,31,75,67,62,62,47,47,47,47,47,47,30,30,43,44,44,44,26,75,74,74,63,43,43,21,21,0],"gold":43,"neow_bonus":"TWO_FIFTY_GOLD","is_prod":false,"is_daily":false,"chose_seed":false,"campfire_upgraded":4,"win_rate":0,"timestamp":1536522325,"path_taken":["M","M","$","?","?","E","R","M","T","M","E","?","?","M","R","BOSS","M","M","?","?","?","R","?","$","T","E","?","E","?","?","R","BOSS","M","?","?","M","M","E","?","E"],"build_version":"2018-09-06","purchased_purges":1,"victory":false,"max_hp_per_floor":[75,75,75,75,75,75,75,75,75,75,75,75,75,75,75,75,75,75,75,75,75,75,75,75,75,75,75,75,75,75,75,75,75,75,75,75,75,75,75,75,75,75],"card_choices":[{"not_picked":["Self Repair","Steam"],"picked":"Darkness","floor":1},{"not_picked":["Turbo","FTL","Barrage"],"picked":"SKIP","floor":2},{"not_picked":["Thunder Strike","Steam"],"picked":"Lockon","floor":6},{"not_picked":["Beam Cell","Gash"],"picked":"Conserve Battery","floor":8},{"not_picked":["Stack","Compile Driver"],"picked":"Reboot","floor":10},{"not_picked":["Glacier","Redo"],"picked":"Chill","floor":11},{"not_picked":["Turbo","Hologram"],"picked":"Go for the Eyes","floor":14},{"not_picked":["Rainbow","Biased Cognition+1"],"picked":"Machine Learning+1","floor":16},{"not_picked":["Steam","Steam Power","Ball Lightning"],"picked":"SKIP","floor":18},{"not_picked":["Steam","Beam Cell"],"picked":"Static Discharge+1","floor":19},{"not_picked":["Core Surge","Turbo"],"picked":"Heatsinks+1","floor":27},{"not_picked":["Stack","Melter"],"picked":"Fusion+1","floor":29},{"not_picked":["Gash","Steam"],"picked":"Ball Lightning+1","floor":30},{"not_picked":["Leap","Turbo"],"picked":"Hologram+1","floor":31},{"not_picked":["Echo Form+1","Seek"],"picked":"Electrodynamics+1","floor":33},{"not_picked":["Steam+1","Cold Snap+1"],"picked":"Compile Driver+1","floor":35},{"not_picked":["Heatsinks+1","Beam Cell+1"],"picked":"Darkness+1","floor":37},{"not_picked":["Reprogram","Conserve Battery+1"],"picked":"Storm+1","floor":38},{"not_picked":["Coolheaded","Rebound"],"picked":"Glacier+1","floor":39},{"not_picked":["Steam Power","Compile Driver"],"picked":"Sunder+1","floor":40}],"player_experience":999108,"relics_obtained":[{"floor":6,"key":"Meat on the Bone"},{"floor":9,"key":"Ornamental Fan"},{"floor":11,"key":"Bottled Flame"},{"floor":21,"key":"Red Mask"},{"floor":26,"key":"Ancient Tea Set"},{"floor":27,"key":"Whetstone"},{"floor":29,"key":"Dead Branch"},{"floor":40,"key":"Toxic Egg 2"}],"event_choices":[{"event_name":"Scrap Ooze","player_choice":"success","floor":4,"damage_taken":12},{"event_name":"Upgrade Shrine","player_choice":"Upgraded","floor":5,"damage_taken":0},{"event_name":"The Cleric","player_choice":"Healed","floor":12,"damage_taken":0},{"event_name":"Liars Game","player_choice":"disagreed","floor":13,"damage_taken":0},{"event_name":"The Library","player_choice":"Read","floor":20,"damage_taken":0},{"event_name":"Masked Bandits","player_choice":"Fought Bandits","floor":21,"damage_taken":0},{"event_name":"The Joust","player_choice":"Bet on Murderer","floor":24,"damage_taken":0},{"event_name":"Tomb of Lord Red Mask","player_choice":"Wore Mask","floor":36,"damage_taken":0}],"is_beta":false,"boss_relics":[{"not_picked":["Eternal Feather","FrozenCore"],"picked":"Runic Dome"},{"not_picked":["Black Star","Velvet Choker"],"picked":"Astrolabe"}],"items_purged_floors":[3],"is_endless":false,"potions_floor_spawned":[1,10,14,16,18,19,31,33,35,38],"killed_by":"Giant Head","ascension_level":4}