{"path_per_floor":["M","?","M","?","M","R","E","R","T","R","E","?","M","M","R","B",null,"M","$","?","?","T","R","M","M","T","E","R","$","?","M","R","B",null,"M","M","$","M","M","R","?","R","T","M","R","?","M","M","R","B"],"character_chosen":"DEFECT","items_purchased":["Panache","Conserve Battery","Stack","Regen Potion","Capacitor","Stack","Conserve Battery","Cold Snap+1"],"gold_per_floor":[117,117,131,131,144,144,178,178,178,178,212,212,228,240,240,317,317,329,67,67,67,93,93,113,123,203,228,228,82,82,92,92,168,168,186,196,76,86,101,101,101,101,101,112,112,112,124,143,143,143],"floor_reached":51,"campfire_rested":2,"playtime":3928,"item_purchase_floors":[19,19,19,29,29,37,37,37],"current_hp_per_floor":[56,56,53,53,49,49,25,25,25,46,40,40,37,37,37,37,63,59,59,59,38,45,45,43,35,35,17,40,40,40,56,56,55,72,78,74,74,64,71,71,71,71,71,64,64,64,63,34,34,34],"items_purged":[],"gold":143,"score":1372,"play_id":"95c1840c-67d6-49d6-a596-4c9e160f6e4e","local_time":"20180615124626","is_prod":false,"is_daily":false,"chose_seed":false,"is_ascension_mode":true,"campfire_upgraded":6,"win_rate":0,"timestamp":1529091986,"campfire_choices":[{"data":"Redo","floor":6,"key":"SMITH"},{"data":"Dualcast","floor":8,"key":"SMITH"},{"floor":10,"key":"REST"},{"data":"Loop","floor":15,"key":"SMITH"},{"data":"Redo","floor":23,"key":"SMITH"},{"floor":28,"key":"REST"},{"data":"Creative AI","floor":32,"key":"SMITH"},{"data":"Redo","floor":40,"key":"SMITH"},{"data":"Strike_B+1","floor":42,"key":"PURGE"},{"data":"Self Repair+1","floor":45,"key":"PURGE"},{"data":"Writhe","floor":49,"key":"PURGE"}],"path_taken":["M","?","?","?","M","R","E","R","T","R","E","?","M","?","R","BOSS","M","$","?","?","?","R","M","M","T","E","R","$","?","M","R","BOSS","M","?","$","M","?","R","?","R","T","M","R","?","M","M","R","BOSS"],"build_version":"2018-06-14v2","seed_source_timestamp":4730334026879,"purchased_purges":0,"victory":true,"master_deck":["Strike_B+1","Defend_B+1","Defend_B+1","Defend_B+1","Defend_B+1","Zap+1","Dualcast+1","AscendersBane","Cold Snap+1","Cold Snap+1","Redo+1","Conserve Battery+1","Loop+1","Cold Snap+1","Creative AI+1","Redo+1","Stack+1","Electrodynamics+1","Go for the Eyes+1","Panache+1","Conserve Battery+1","Stack+1","Necronomicurse","Conserve Battery+1","White Noise+1","Loop+1","Capacitor+1","Cold Snap+1","Core Surge+1","Coolheaded+1","Stack+1","Conserve Battery+1","Cold Snap+1","Redo+1","Conserve Battery+1","Cold Snap+1","Stack+1"],"max_hp_per_floor":[71,71,71,71,71,71,71,71,71,71,71,71,71,71,71,71,71,71,71,71,71,78,78,78,78,78,78,78,78,78,78,78,78,78,78,78,78,78,78,78,78,78,78,78,78,78,78,78,78,78],"relics":["Cracked Core","Peace Pipe","Calipers","Thread and Needle","Orrery","Necronomicon","Strawberry","Centennial Puzzle","Molten Egg 2","Velvet Choker","Mark of the Bloom","Toxic Egg 2"],"card_choices":[{"not_picked":["Melter","Turbo"],"picked":"Cold Snap","floor":0},{"not_picked":["Go for the Eyes","Scrape"],"picked":"Cold Snap","floor":1},{"not_picked":["Turbo","Steam"],"picked":"Redo","floor":3},{"not_picked":["Gash","Coolheaded"],"picked":"Conserve Battery","floor":5},{"not_picked":["Turbo","Streamline","Hologram"],"picked":"SKIP","floor":7},{"not_picked":["Hologram","Lockon"],"picked":"Loop","floor":11},{"not_picked":["Sweeping Beam","Hologram"],"picked":"Cold Snap","floor":13},{"not_picked":["Gash","Hologram","Consume"],"picked":"SKIP","floor":14},{"not_picked":["Reboot","Machine Learning"],"picked":"Creative AI","floor":16},{"not_picked":["Darkness","Rebound"],"picked":"Self Repair","floor":17},{"not_picked":["Barrage","Hologram"],"picked":"Redo","floor":17},{"not_picked":["Genetic Algorithm","Steam"],"picked":"Stack","floor":17},{"not_picked":["Leap","Compile Driver"],"picked":"Electrodynamics","floor":17},{"not_picked":["Undo","Gash"],"picked":"Go for the Eyes+1","floor":18},{"not_picked":["Force Field","Redo"],"picked":"Conserve Battery","floor":24},{"not_picked":["Scrape","Gash"],"picked":"White Noise","floor":25},{"not_picked":["Buffer","Heatsinks"],"picked":"Loop","floor":27},{"not_picked":["Lockon+1","Steam"],"picked":"Cold Snap+1","floor":31},{"not_picked":["Multi-Cast","Fission"],"picked":"Core Surge+1","floor":33},{"not_picked":["BootSequence+1","Beam Cell+1"],"picked":"Coolheaded+1","floor":35},{"not_picked":["Barrage+1","Turbo+1","Reprogram"],"picked":"SKIP","floor":36},{"not_picked":["Ball Lightning+1","Hello World+1"],"picked":"Redo","floor":38},{"not_picked":["BootSequence","Sunder+1"],"picked":"Conserve Battery","floor":39},{"not_picked":["Streamline+1","Sweeping Beam+1"],"picked":"Cold Snap+1","floor":44},{"not_picked":["Cold Snap+1","Aggregate+1"],"picked":"Stack+1","floor":47},{"not_picked":["Compile Driver+1","Storm","Undo+1"],"picked":"SKIP","floor":48}],"player_experience":661904,"potions_floor_usage":[13,16,16,25,31,50,50],"damage_taken":[{"damage":8,"enemies":"Small Slimes","floor":1,"turns":2},{"damage":3,"enemies":"Jaw Worm","floor":3,"turns":4},{"damage":4,"enemies":"2 Louse","floor":5,"turns":2},{"damage":24,"enemies":"Lagavulin","floor":7,"turns":6},{"damage":6,"enemies":"3 Sentries","floor":11,"turns":10},{"damage":3,"enemies":"Gremlin Gang","floor":13,"turns":4},{"damage":0,"enemies":"Looter","floor":14,"turns":3},{"damage":0,"enemies":"Slime Boss","floor":16,"turns":13},{"damage":11,"enemies":"Spheric Guardian","floor":18,"turns":8},{"damage":2,"enemies":"Shell Parasite","floor":24,"turns":7},{"damage":15,"enemies":"Chosen and Byrds","floor":25,"turns":6},{"damage":25,"enemies":"Gremlin Leader","floor":27,"turns":8},{"damage":6,"enemies":"3 Cultists","floor":31,"turns":7},{"damage":8,"enemies":"Champ","floor":33,"turns":17},{"damage":0,"enemies":"Orb Walker","floor":35,"turns":5},{"damage":11,"enemies":"3 Shapes","floor":36,"turns":4},{"damage":10,"enemies":"3 Darklings","floor":38,"turns":6},{"damage":0,"enemies":"Maw","floor":39,"turns":10},{"damage":7,"enemies":"Transient","floor":44,"turns":5},{"damage":1,"enemies":"Spire Growth","floor":47,"turns":7},{"damage":29,"enemies":"Flame Bruiser 2 Orb","floor":48,"turns":7},{"damage":0,"enemies":"Time Eater","floor":50,"turns":23}],"relics_obtained":[{"floor":7,"key":"Peace Pipe"},{"floor":9,"key":"Calipers"},{"floor":11,"key":"Thread and Needle"},{"floor":21,"key":"Necronomicon"},{"floor":22,"key":"Strawberry"},{"floor":26,"key":"Centennial Puzzle"},{"floor":27,"key":"Molten Egg 2"},{"floor":43,"key":"Toxic Egg 2"}],"event_choices":[{"event_name":"Living Wall","player_choice":"Grow","floor":2,"damage_taken":0},{"event_name":"Shining Light","player_choice":"Ignored","floor":4,"damage_taken":0},{"event_name":"Dead Adventurer","player_choice":"Searched \u00270\u0027 times","floor":12,"damage_taken":0},{"event_name":"Bonfire Elementals","player_choice":"BASIC","floor":20,"damage_taken":0},{"event_name":"Cursed Tome","player_choice":"Obtained Book","floor":21,"damage_taken":0},{"event_name":"Purifier","player_choice":"One Purge","floor":30,"damage_taken":0},{"event_name":"MindBloom","player_choice":"Upgrade","floor":41,"damage_taken":0},{"event_name":"Winding Halls","player_choice":"Writhe","floor":46,"damage_taken":0}],"boss_relics":[{"not_picked":["Lizard Tail","Eternal Feather"],"picked":"Orrery"},{"not_picked":["Nuclear Battery","White Beast Statue"],"picked":"Velvet Choker"}],"items_purged_floors":[],"is_endless":false,"potions_floor_spawned":[3,11,13,18,39,47],"seed_played":"-1333233631033910063","ascension_level":15,"potions_obtained":[{"floor":3,"key":"Strength Potion"},{"floor":11,"key":"Poison Potion"},{"floor":13,"key":"FearPotion"},{"floor":18,"key":"Poison Potion"},{"floor":39,"key":"Dexterity Potion"},{"floor":47,"key":"EssenceOfSteel"}],"is_trial":false}