{"gold_per_floor":[111,43,43,43,61,93,107,118,118,146,71,102,102,2,2,79,79,93,110,124,124,124,124,43,43,66,85,85,114,114,127,127,198,198,213,213,232,1,17,17,42,42,42,42,0,28,28,61,61,61,61,61,23,58,58],"floor_reached":56,"playtime":1828,"items_purged":["Strike_R","Strike_R","Defend_R"],"score":2127,"play_id":"dba9cf04-52d3-45d0-857f-4cfb02259951","local_time":"20190401211636","is_ascension_mode":true,"campfire_choices":[{"data":"Rampage","floor":15,"key":"SMITH"},{"data":"Body Slam","floor":23,"key":"SMITH"},{"data":"Flame Barrier","floor":25,"key":"SMITH"},{"data":"Corruption","floor":30,"key":"SMITH"},{"floor":32,"key":"REST"},{"floor":40,"key":"RECALL"},{"data":"Demon Form","floor":42,"key":"SMITH"},{"data":"Pommel Strike","floor":49,"key":"SMITH"},{"data":"Defend_R","floor":52,"key":"SMITH"}],"neow_cost":"NONE","seed_source_timestamp":1676773838659867,"circlet_count":0,"master_deck":["AscendersBane","Defend_R","Defend_R","Defend_R+1","Bash+1","Flame Barrier+1","Rampage+1","Headbutt","Shrug It Off+1","Impervious+1","Disarm+1","Anger+1","Metallicize+1","Body Slam+1","True Grit+1","Warcry+1","Necronomicurse","Shockwave+1","Pommel Strike+1","Corruption+1","Warcry+1","Demon Form+1","Offering+1","Flame Barrier+1","Havoc+1","Shrug It Off+1","PanicButton+1","Shrug It Off+1","Evolve"],"relics":["Burning Blood","Art of War","PreservedInsect","Kunai","Toxic Egg 2","StoneCalendar","Whetstone","Astrolabe","Necronomicon","Potion Belt","Shuriken","Bag of Preparation","Runic Dome","Vajra","Red Mask","Red Skull","Bronze Scales","Bottled Flame"],"potions_floor_usage":[6,18,20,54,55,55,55],"damage_taken":[{"damage":1,"enemies":"Cultist","floor":1,"turns":3},{"damage":1,"enemies":"2 Louse","floor":5,"turns":4},{"damage":8,"enemies":"Gremlin Nob","floor":6,"turns":4},{"damage":12,"enemies":"Jaw Worm","floor":7,"turns":4},{"damage":1,"enemies":"2 Fungi Beasts","floor":8,"turns":3},{"damage":16,"enemies":"Lagavulin","floor":10,"turns":5},{"damage":9,"enemies":"3 Sentries","floor":12,"turns":5},{"damage":38,"enemies":"Slime Boss","floor":16,"turns":7},{"damage":3,"enemies":"Chosen","floor":18,"turns":5},{"damage":9,"enemies":"Spheric Guardian","floor":19,"turns":6},{"damage":0,"enemies":"3 Cultists","floor":20,"turns":5},{"damage":9,"enemies":"Centurion and Healer","floor":27,"turns":7},{"damage":0,"enemies":"Gremlin Leader","floor":29,"turns":8},{"damage":4,"enemies":"Shelled Parasite and Fungi","floor":31,"turns":6},{"damage":29,"enemies":"Collector","floor":33,"turns":9},{"damage":0,"enemies":"3 Darklings","floor":35,"turns":7},{"damage":6,"enemies":"Orb Walker","floor":37,"turns":3},{"damage":6,"enemies":"Transient","floor":39,"turns":5},{"damage":6,"enemies":"Giant Head","floor":41,"turns":6},{"damage":16,"enemies":"Reptomancer","floor":46,"turns":4},{"damage":6,"enemies":"Giant Head","floor":48,"turns":5},{"damage":24,"enemies":"Time Eater","floor":50,"turns":8},{"damage":24,"enemies":"Shield and Spear","floor":54,"turns":6},{"damage":36,"enemies":"The Heart","floor":55,"turns":7}],"seed_played":"854268720951793274","potions_obtained":[{"floor":5,"key":"Block Potion"},{"floor":7,"key":"Explosive Potion"},{"floor":16,"key":"SpeedPotion"},{"floor":18,"key":"SpeedPotion"},{"floor":27,"key":"FearPotion"},{"floor":29,"key":"Fire Potion"},{"floor":33,"key":"GamblersBrew"},{"floor":48,"key":"LiquidBronze"}],"is_trial":false,"path_per_floor":["M","$","?","?","M","E","M","M","T","E","$","E","?","$","R","B",null,"M","M","M","$","?","R","$","R","T","M","T","E","R","M","R","B",null,"M","?","M","$","M","R","E","R","T","$","?","E","?","E","R","B",null,"R","$","E","B",null],"character_chosen":"IRONCLAD","items_purchased":["Flame Barrier","Shockwave+1","Flame Barrier+1","Havoc+1","Evolve"],"campfire_rested":1,"item_purchase_floors":[2,24,38,38,53],"current_hp_per_floor":[73,73,47,47,52,50,44,49,49,39,39,36,41,41,41,9,62,65,62,68,68,47,47,47,47,47,44,44,50,50,52,76,53,73,79,79,79,79,79,79,79,79,79,79,79,69,64,64,64,46,72,72,72,54,24],"gold":58,"neow_bonus":"RANDOM_COMMON_RELIC","is_prod":false,"is_daily":false,"chose_seed":false,"campfire_upgraded":7,"win_rate":0,"timestamp":1554167796,"path_taken":["M","$","?","?","M","E","?","M","T","E","?","E","?","$","R","BOSS","M","M","M","$","?","R","$","R","T","M","?","E","R","M","R","BOSS","M","?","M","$","?","R","E","R","T","?","?","E","?","E","R","BOSS","R","$","E","BOSS"],"build_version":"2019-03-15","purchased_purges":3,"victory":true,"max_hp_per_floor":[75,75,75,75,75,75,75,75,75,75,75,75,80,80,80,80,80,80,80,80,80,80,80,80,80,80,80,80,80,80,80,80,80,80,80,80,80,80,80,80,80,80,80,80,80,80,80,80,80,80,80,80,80,80,80],"card_choices":[{"not_picked":["Body Slam","Rupture"],"picked":"Cleave","floor":1},{"not_picked":["Havoc","Heavy Blade"],"picked":"Rampage","floor":5},{"not_picked":["Dropkick","Clash","Seeing Red"],"picked":"SKIP","floor":6},{"not_picked":["Clash","Flame Barrier"],"picked":"Headbutt","floor":7},{"not_picked":["Hemokinesis","Cleave","Sever Soul"],"picked":"SKIP","floor":8},{"not_picked":["Exhume+1","Rampage"],"picked":"Shrug It Off+1","floor":10},{"not_picked":["Blood for Blood","Fire Breathing","Sever Soul"],"picked":"SKIP","floor":12},{"not_picked":["Brutality","Berserk"],"picked":"Impervious+1","floor":16},{"not_picked":["Sword Boomerang","Dual Wield+1"],"picked":"Body Slam","floor":18},{"not_picked":["Clash","Evolve"],"picked":"True Grit+1","floor":19},{"not_picked":["Combust","Clothesline+1"],"picked":"Warcry+1","floor":20},{"not_picked":["Wild Strike","Bloodletting+1"],"picked":"Pommel Strike","floor":27},{"not_picked":["Perfected Strike","Exhume+1"],"picked":"Corruption","floor":29},{"not_picked":["Thunderclap","Entrench+1"],"picked":"Warcry+1","floor":31},{"not_picked":["Bludgeon","Brutality"],"picked":"Demon Form","floor":33},{"not_picked":["Wild Strike","Flex+1","Perfected Strike"],"picked":"SKIP","floor":35},{"not_picked":["Iron Wave","Blood for Blood+1","Fire Breathing"],"picked":"SKIP","floor":37},{"not_picked":["Infernal Blade+1","Heavy Blade","Pummel"],"picked":"SKIP","floor":39},{"not_picked":["Thunderclap","Spot Weakness+1","Pummel"],"picked":"SKIP","floor":41},{"not_picked":["Carnage+1","Headbutt"],"picked":"Shrug It Off+1","floor":46},{"not_picked":["Madness+1","Finesse+1"],"picked":"PanicButton+1","floor":47},{"not_picked":["Clothesline","Thunderclap+1"],"picked":"Shrug It Off+1","floor":48},{"not_picked":["Wild Strike","Sever Soul","Body Slam"],"picked":"SKIP","floor":54}],"player_experience":2339183,"relics_obtained":[{"floor":6,"key":"Kunai"},{"floor":9,"key":"Toxic Egg 2"},{"floor":10,"key":"StoneCalendar"},{"floor":12,"key":"Whetstone"},{"floor":22,"key":"Necronomicon"},{"floor":26,"key":"Potion Belt"},{"floor":28,"key":"Shuriken"},{"floor":29,"key":"Bag of Preparation"},{"floor":41,"key":"Vajra"},{"floor":46,"key":"Red Skull"},{"floor":48,"key":"Bronze Scales"},{"floor":54,"key":"Bottled Flame"}],"event_choices":[{"damage_healed":0,"gold_gain":0,"player_choice":"Success","damage_taken":26,"relics_obtained":["PreservedInsect"],"max_hp_gain":0,"max_hp_loss":0,"event_name":"Scrap Ooze","floor":3,"gold_loss":0},{"damage_healed":0,"gold_gain":0,"player_choice":"Upgraded","damage_taken":0,"max_hp_gain":0,"max_hp_loss":0,"event_name":"Upgrade Shrine","floor":4,"gold_loss":0,"cards_upgraded":["Bash"]},{"damage_healed":0,"gold_gain":0,"player_choice":"Donut","damage_taken":0,"max_hp_gain":5,"max_hp_loss":0,"event_name":"Big Fish","floor":13,"gold_loss":0},{"damage_healed":0,"gold_gain":0,"player_choice":"Obtained Book","damage_taken":21,"max_hp_gain":0,"max_hp_loss":0,"event_name":"Cursed Tome","floor":22,"gold_loss":0},{"damage_healed":0,"gold_gain":0,"cards_transformed":["Cleave"],"player_choice":"Transformed","damage_taken":0,"max_hp_gain":0,"max_hp_loss":0,"event_name":"Transmorgrifier","floor":36,"gold_loss":0,"cards_obtained":["Offering"]},{"damage_healed":0,"gold_gain":0,"player_choice":"Paid","damage_taken":0,"relics_obtained":["Red Mask"],"max_hp_gain":0,"max_hp_loss":0,"event_name":"Tomb of Lord Red Mask","floor":45,"gold_loss":42},{"damage_healed":0,"gold_gain":0,"player_choice":"Memory 2","damage_taken":5,"max_hp_gain":0,"max_hp_loss":0,"event_name":"SensoryStone","floor":47,"gold_loss":0}],"is_beta":true,"boss_relics":[{"not_picked":["Black Blood","Calling Bell"],"picked":"Astrolabe"},{"not_picked":["Mark of Pain","Black Star"],"picked":"Runic Dome"}],"items_purged_floors":[11,14,38],"is_endless":false,"potions_floor_spawned":[5,7,16,18,19,27,29,33,39,48],"ascension_level":15}