{"gold_per_floor":[109,119,23,43,60,60,76,93,140,140,174,193,193,209,209,309,309,328,346,31,43,43,43,72,92,116,16,16,31,31,41,41,145,145,160,172,191,43,43],"floor_reached":39,"playtime":1684,"items_purged":["Defend_B","Strike_B"],"score":409,"play_id":"a99a168b-179a-4b8e-ad55-bc5a8f5064e6","local_time":"20190324164623","is_ascension_mode":false,"campfire_choices":[{"data":"Defragment","floor":6,"key":"SMITH"},{"floor":10,"key":"REST"},{"data":"Thunder Strike","floor":13,"key":"SMITH"},{"floor":15,"key":"REST"},{"data":"Amplify","floor":23,"key":"SMITH"},{"floor":28,"key":"REST"},{"floor":30,"key":"REST"},{"floor":32,"key":"REST"}],"neow_cost":"TEN_PERCENT_HP_LOSS","seed_source_timestamp":106341981522860,"circlet_count":0,"master_deck":["Zap","Dualcast","Electrodynamics","Turbo","Hologram","Defragment+1","Streamline","Force Field","Loop","Leap","Thunder Strike+1","Sweeping Beam","Biased Cognition","Redo","Thunder Strike","Amplify+1","Static Discharge","Static Discharge","Conserve Battery","Creative AI","Sweeping Beam","Biased Cognition","Rebound","Leap","Chill","Core Surge"],"relics":["Cracked Core","Bottled Lightning","Runic Pyramid","Gremlin Horn","Bronze Scales","Pandora\u0027s Box","Happy Flower"],"potions_floor_usage":[19,21,24,25,37],"damage_taken":[{"damage":2,"enemies":"Small Slimes","floor":1,"turns":3},{"damage":0,"enemies":"Cultist","floor":2,"turns":2},{"damage":6,"enemies":"Jaw Worm","floor":4,"turns":2},{"damage":11,"enemies":"Red Slaver","floor":5,"turns":3},{"damage":12,"enemies":"3 Louse","floor":7,"turns":2},{"damage":0,"enemies":"Looter","floor":8,"turns":3},{"damage":18,"enemies":"3 Sentries","floor":11,"turns":4},{"damage":0,"enemies":"2 Fungi Beasts","floor":12,"turns":2},{"damage":7,"enemies":"Exordium Thugs","floor":14,"turns":4},{"damage":17,"enemies":"The Guardian","floor":16,"turns":9},{"damage":0,"enemies":"Spheric Guardian","floor":18,"turns":3},{"damage":0,"enemies":"3 Byrds","floor":19,"turns":1},{"damage":10,"enemies":"Centurion and Healer","floor":21,"turns":3},{"damage":22,"enemies":"Gremlin Leader","floor":24,"turns":4},{"damage":11,"enemies":"3 Cultists","floor":25,"turns":3},{"damage":27,"enemies":"Sentry and Sphere","floor":29,"turns":3},{"damage":1,"enemies":"Snecko","floor":31,"turns":3},{"damage":35,"enemies":"Automaton","floor":33,"turns":7},{"damage":9,"enemies":"3 Shapes","floor":35,"turns":3},{"damage":32,"enemies":"3 Darklings","floor":36,"turns":2},{"damage":4,"enemies":"Spire Growth","floor":37,"turns":4},{"damage":28,"enemies":"Jaw Worm Horde","floor":39,"turns":2}],"seed_played":"1163991865695857249","potions_obtained":[{"floor":7,"key":"SteroidPotion"},{"floor":8,"key":"FearPotion"},{"floor":11,"key":"Swift Potion"},{"floor":16,"key":"SpeedPotion"},{"floor":21,"key":"Ancient Potion"},{"floor":24,"key":"Weak Potion"},{"floor":29,"key":"SteroidPotion"},{"floor":37,"key":"Dexterity Potion"}],"is_trial":false,"path_per_floor":["M","M","$","M","M","R","M","M","T","R","E","M","R","M","R","B",null,"M","M","$","M","?","R","E","M","T","$","R","M","R","M","R","B",null,"M","M","M","$","M"],"character_chosen":"DEFECT","items_purchased":["Defragment","Streamline","Amplify","Static Discharge","Happy Flower"],"campfire_rested":5,"item_purchase_floors":[3,3,20,20,38],"current_hp_per_floor":[66,66,66,60,49,49,37,37,37,57,39,39,39,32,52,35,68,68,68,68,58,46,46,24,13,13,13,34,7,28,27,48,13,73,64,32,28,28,0],"gold":43,"neow_bonus":"THREE_RARE_CARDS","is_prod":false,"is_daily":false,"chose_seed":false,"campfire_upgraded":3,"win_rate":0,"timestamp":1553460383,"path_taken":["M","M","$","M","M","R","M","M","T","R","E","M","R","M","R","BOSS","M","M","$","M","?","R","E","M","T","$","R","M","R","M","R","BOSS","M","M","M","$","M"],"build_version":"2019-01-23","purchased_purges":2,"victory":false,"max_hp_per_floor":[68,68,68,68,68,68,68,68,68,68,68,68,68,68,68,68,68,68,68,68,68,73,73,73,73,73,73,73,73,73,73,73,73,73,73,73,73,73,73],"card_choices":[{"not_picked":["Machine Learning","Seek"],"picked":"Electrodynamics","floor":0},{"not_picked":["Go for the Eyes","Steam Power"],"picked":"Turbo","floor":1},{"not_picked":["Go for the Eyes","Chaos"],"picked":"Hologram","floor":2},{"not_picked":["Hologram","Steam","Redo"],"picked":"SKIP","floor":4},{"not_picked":["Redo","Fusion"],"picked":"Force Field","floor":5},{"not_picked":["Steam","Rainbow"],"picked":"Loop","floor":7},{"not_picked":["Hologram","Barrage"],"picked":"Leap","floor":8},{"not_picked":["Streamline","Barrage","Glacier"],"picked":"SKIP","floor":11},{"not_picked":["Turbo","Hologram"],"picked":"Thunder Strike","floor":12},{"not_picked":["Streamline","Darkness"],"picked":"Sweeping Beam","floor":14},{"not_picked":["Rainbow","Electrodynamics"],"picked":"Biased Cognition","floor":16},{"not_picked":["Coolheaded","Rip and Tear"],"picked":"Redo","floor":18},{"not_picked":["Hologram","Stack+1"],"picked":"Thunder Strike","floor":19},{"not_picked":["Sunder","Reinforced Body"],"picked":"Static Discharge","floor":21},{"not_picked":["Gash","Reinforced Body","Rip and Tear"],"picked":"SKIP","floor":24},{"not_picked":["Skim","Redo","Barrage"],"picked":"SKIP","floor":25},{"not_picked":["Cold Snap","Darkness+1","Rip and Tear+1"],"picked":"SKIP","floor":29},{"not_picked":["Sweeping Beam","Cold Snap"],"picked":"Conserve Battery","floor":31},{"not_picked":["Machine Learning","Reboot"],"picked":"Creative AI","floor":33},{"not_picked":["FTL+1","Rip and Tear+1","Coolheaded+1"],"picked":"SKIP","floor":35},{"not_picked":["Compile Driver","Stack","Cold Snap+1"],"picked":"SKIP","floor":36},{"not_picked":["Compile Driver+1","Skim","Barrage+1"],"picked":"SKIP","floor":37}],"player_experience":757600,"relics_obtained":[{"floor":11,"key":"Bottled Lightning"},{"floor":24,"key":"Gremlin Horn"},{"floor":26,"key":"Bronze Scales"}],"event_choices":[{"damage_healed":0,"gold_gain":0,"player_choice":"Shed Blood","damage_taken":17,"max_hp_gain":5,"max_hp_loss":0,"event_name":"Forgotten Altar","floor":22,"gold_loss":0}],"is_beta":false,"boss_relics":[{"not_picked":["FrozenCore","Runic Dome"],"picked":"Runic Pyramid"},{"not_picked":["Fusion Hammer","Tiny House"],"picked":"Pandora\u0027s Box"}],"items_purged_floors":[20,27],"is_endless":false,"potions_floor_spawned":[7,8,11,16,21,24,29,37],"killed_by":"Jaw Worm Horde","ascension_level":0}