{"gold_per_floor":[112,112,112,126,126,126,170,170,170,189,213,229,229,1,1,99,99,119,138,138,138],"floor_reached":21,"playtime":694,"items_purged":[],"score":358,"play_id":"106f1d40-83d5-4dd3-904d-50bd39cdba54","local_time":"20190401173546","is_ascension_mode":true,"campfire_choices":[{"data":"1","floor":6,"key":"LIFT"},{"data":"2","floor":8,"key":"LIFT"},{"data":"3","floor":13,"key":"LIFT"},{"data":"Fission","floor":15,"key":"SMITH"}],"neow_cost":"TEN_PERCENT_HP_LOSS","seed_source_timestamp":26328370354773,"circlet_count":0,"master_deck":["AscendersBane","Strike_B","Strike_B","Strike_B","Strike_B","Defend_B","Defend_B","Defend_B","Defend_B","Zap+1","Dualcast","Streamline","Hologram","Compile Driver","Conserve Battery","Fission+1","Core Surge","Consume"],"relics":["Cracked Core","Girya","Golden Idol","Smiling Mask","Matryoshka","Membership Card","Fusion Hammer"],"potions_floor_usage":[7,16,16,21],"damage_taken":[{"damage":2,"enemies":"Jaw Worm","floor":1,"turns":3},{"damage":9,"enemies":"2 Louse","floor":4,"turns":4},{"damage":20,"enemies":"Lagavulin","floor":7,"turns":7},{"damage":1,"enemies":"Small Slimes","floor":10,"turns":2},{"damage":5,"enemies":"Red Slaver","floor":11,"turns":3},{"damage":0,"enemies":"Exordium Wildlife","floor":12,"turns":2},{"damage":33,"enemies":"The Guardian","floor":16,"turns":10},{"damage":0,"enemies":"Spheric Guardian","floor":18,"turns":3},{"damage":27,"enemies":"Shell Parasite","floor":19,"turns":4},{"damage":31,"enemies":"Snake Plant","floor":21,"turns":2}],"seed_played":"-7959469631057958409","potions_obtained":[{"floor":4,"key":"SpeedPotion"},{"floor":10,"key":"Regen Potion"},{"floor":11,"key":"SteroidPotion"},{"floor":12,"key":"PowerPotion"},{"floor":18,"key":"Strength Potion"},{"floor":20,"key":"Swift Potion"},{"floor":20,"key":"Ancient Potion"}],"is_trial":false,"path_per_floor":["M","?","?","M","?","R","E","R","T","M","M","M","R","$","R","B",null,"M","M","?","M"],"character_chosen":"DEFECT","items_purchased":["Membership Card"],"campfire_rested":0,"item_purchase_floors":[14],"current_hp_per_floor":[62,40,40,31,64,64,44,44,44,43,38,38,38,38,38,20,53,53,26,26,0],"gold":138,"neow_bonus":"ONE_RARE_RELIC","is_prod":false,"is_daily":false,"chose_seed":false,"campfire_upgraded":1,"win_rate":0,"timestamp":1554154546,"path_taken":["M","?","?","M","?","R","E","R","T","?","M","M","R","$","R","BOSS","M","M","?","M"],"build_version":"2019-01-23","purchased_purges":0,"victory":false,"max_hp_per_floor":[64,64,64,64,64,64,64,64,64,64,64,64,64,64,64,64,64,64,64,64,64],"card_choices":[{"not_picked":["Compile Driver","Rebound"],"picked":"Reinforced Body","floor":1},{"not_picked":["Leap","Aggregate"],"picked":"Streamline","floor":4},{"not_picked":["Gash","Chaos"],"picked":"Hologram","floor":7},{"not_picked":["Lockon","Streamline"],"picked":"Compile Driver","floor":10},{"not_picked":["Darkness","Barrage"],"picked":"Conserve Battery","floor":11},{"not_picked":["Cold Snap","Turbo"],"picked":"Fission","floor":12},{"not_picked":["Machine Learning","Meteor Strike"],"picked":"Core Surge","floor":16},{"not_picked":["Lockon","Stack"],"picked":"Consume","floor":18},{"not_picked":["Steam","Melter","Streamline"],"picked":"SKIP","floor":19}],"player_experience":1526492,"relics_obtained":[{"floor":7,"key":"Smiling Mask"},{"floor":9,"key":"Matryoshka"}],"event_choices":[{"damage_healed":0,"gold_gain":0,"player_choice":"Take Damage","damage_taken":22,"relics_obtained":["Golden Idol"],"max_hp_gain":0,"max_hp_loss":0,"event_name":"Golden Idol","floor":2,"gold_loss":0},{"damage_healed":0,"gold_gain":0,"player_choice":"Grow","damage_taken":0,"max_hp_gain":0,"max_hp_loss":0,"event_name":"Living Wall","floor":3,"gold_loss":0,"cards_upgraded":["Zap"]},{"cards_removed":["Reinforced Body"],"damage_healed":33,"gold_gain":0,"player_choice":"Offered Uncommon","damage_taken":0,"max_hp_gain":0,"max_hp_loss":0,"event_name":"Bonfire Elementals","floor":5,"gold_loss":0},{"damage_healed":0,"gold_gain":0,"player_choice":"Got Potions","damage_taken":0,"max_hp_gain":0,"max_hp_loss":0,"event_name":"Lab","floor":20,"gold_loss":0}],"is_beta":false,"boss_relics":[{"not_picked":["Coffee Dripper","Empty Cage"],"picked":"Fusion Hammer"}],"items_purged_floors":[],"is_endless":false,"potions_floor_spawned":[4,10,11,12,18],"killed_by":"Snake Plant","ascension_level":20}