{"gold_per_floor":[110,35,35,0,15,49,49,78,105,105,120,133,133,150,150,222,222,242,242,242,216,263,275,287],"floor_reached":24,"playtime":727,"items_purged":["Writhe"],"score":504,"play_id":"4fc18c99-fa1c-47f9-80dd-a93fc5dab263","local_time":"20190328180105","is_ascension_mode":true,"campfire_choices":[{"data":"Beam Cell","floor":7,"key":"SMITH"},{"data":"Zap","floor":10,"key":"SMITH"},{"data":"Consume","floor":13,"key":"SMITH"},{"floor":15,"key":"REST"},{"floor":23,"key":"REST"}],"neow_cost":"CURSE","seed_source_timestamp":1009522633157916,"circlet_count":0,"master_deck":["AscendersBane","Strike_B","Strike_B","Strike_B","Strike_B","Defend_B","Defend_B","Defend_B","Defend_B","Zap+1","Dualcast","Core Surge","Compile Driver","Beam Cell+1","Ball Lightning","Consume+1","Chill","Echo Form","BootSequence","Sweeping Beam"],"relics":["Cracked Core","Dodecahedron","Omamori","PreservedInsect","Sozu","MutagenicStrength","Blood Vial","MawBank"],"potions_floor_usage":[6,16,18],"damage_taken":[{"damage":0,"enemies":"Cultist","floor":1,"turns":3},{"damage":0,"enemies":"2 Louse","floor":5,"turns":1},{"damage":32,"enemies":"Lagavulin","floor":6,"turns":6},{"damage":11,"enemies":"Gremlin Nob","floor":8,"turns":3},{"damage":2,"enemies":"Jaw Worm","floor":11,"turns":2},{"damage":9,"enemies":"Exordium Wildlife","floor":12,"turns":3},{"damage":0,"enemies":"Large Slime","floor":14,"turns":4},{"damage":0,"enemies":"Slime Boss","floor":16,"turns":6},{"damage":26,"enemies":"Spheric Guardian","floor":18,"turns":4},{"damage":62,"enemies":"Book of Stabbing","floor":24,"turns":3}],"seed_played":"429910149246493951","potions_obtained":[{"floor":5,"key":"Dexterity Potion"},{"floor":8,"key":"EssenceOfSteel"},{"floor":14,"key":"FearPotion"}],"is_trial":false,"path_per_floor":["M","$","T","?","M","E","R","E","T","R","M","M","R","M","R","B",null,"M","?","?","$","T","R","E"],"character_chosen":"DEFECT","items_purchased":["Sweeping Beam"],"campfire_rested":2,"item_purchase_floors":[21],"current_hp_per_floor":[64,64,64,71,71,39,39,28,28,28,26,17,17,17,38,38,63,37,37,37,37,37,58,0],"gold":287,"neow_bonus":"THREE_RARE_CARDS","is_prod":false,"is_daily":false,"chose_seed":false,"campfire_upgraded":3,"win_rate":0,"timestamp":1553810465,"path_taken":["M","$","?","?","M","E","R","E","T","R","M","?","R","M","R","BOSS","M","?","?","?","?","R","E"],"build_version":"2019-01-23","purchased_purges":1,"victory":false,"max_hp_per_floor":[71,71,71,71,71,71,71,71,71,71,71,71,71,71,71,71,71,71,71,71,71,71,71,71],"card_choices":[{"not_picked":["Reboot","Seek"],"picked":"Core Surge","floor":0},{"not_picked":["Tempest","Melter"],"picked":"Compile Driver","floor":1},{"not_picked":["Barrage","Stack"],"picked":"Beam Cell","floor":5},{"not_picked":["Beam Cell","Recycle","Scrape"],"picked":"SKIP","floor":6},{"not_picked":["Hologram","Streamline"],"picked":"Ball Lightning","floor":8},{"not_picked":["Gash","Barrage","Compile Driver"],"picked":"SKIP","floor":11},{"not_picked":["Compile Driver","Redo"],"picked":"Consume","floor":12},{"not_picked":["Conserve Battery","Hello World"],"picked":"Chill","floor":14},{"not_picked":["Core Surge","Multi-Cast"],"picked":"Echo Form","floor":16},{"not_picked":["Gash","Chill"],"picked":"BootSequence","floor":18}],"player_experience":1477483,"relics_obtained":[{"floor":6,"key":"Dodecahedron"},{"floor":8,"key":"Omamori"},{"floor":9,"key":"PreservedInsect"},{"floor":22,"key":"MawBank"}],"event_choices":[{"damage_healed":17,"gold_gain":0,"player_choice":"Healed","damage_taken":0,"max_hp_gain":0,"max_hp_loss":0,"event_name":"The Cleric","floor":4,"gold_loss":35},{"damage_healed":0,"gold_gain":0,"player_choice":"Inject Mutagens","damage_taken":0,"relics_obtained":["MutagenicStrength"],"max_hp_gain":0,"max_hp_loss":0,"event_name":"Drug Dealer","floor":19,"gold_loss":0},{"damage_healed":0,"gold_gain":0,"player_choice":"Opened","damage_taken":0,"relics_obtained":["Blood Vial"],"max_hp_gain":0,"max_hp_loss":0,"event_name":"The Mausoleum","floor":20,"gold_loss":0,"cards_obtained":["Writhe"]}],"is_beta":false,"boss_relics":[{"not_picked":["Snecko Eye","Philosopher\u0027s Stone"],"picked":"Sozu"}],"items_purged_floors":[2],"is_endless":false,"potions_floor_spawned":[5,8,14,18],"killed_by":"Book of Stabbing","ascension_level":20}