{"gold_per_floor":[211,228,15,15,27,27,57,132,179,196,45,45,45,78,78,78],"floor_reached":16,"playtime":791,"items_purged":["Strike_G"],"score":216,"play_id":"d6ad8859-d1d4-4170-9966-0098ae4407d0","local_time":"20190509172537","is_ascension_mode":true,"campfire_choices":[{"data":"Masterful Stab","floor":6.0,"key":"SMITH"},{"data":"Noxious Fumes","floor":12,"key":"SMITH"},{"data":"Blade Dance","floor":15,"key":"SMITH"}],"neow_cost":"NONE","seed_source_timestamp":1466607989790105,"circlet_count":0,"master_deck":["AscendersBane","Defend_G","Defend_G","Defend_G","Defend_G","Defend_G","Strike_G","Strike_G","Strike_G","Survivor","Neutralize+1","Masterful Stab+1","Wraith Form v2","Choke","Blade Dance+1","Dagger Spray","Noxious Fumes+1","Wraith Form v2","Backflip"],"special_seed":0,"relics":["Ring of the Snake","OrangePellets","Juzu Bracelet","Centennial Puzzle","Question Card"],"potions_floor_usage":[7,14,16],"damage_taken":[{"damage":0.0,"enemies":"Small Slimes","floor":1.0,"turns":5.0},{"damage":6.0,"enemies":"2 Louse","floor":2.0,"turns":3.0},{"damage":0.0,"enemies":"Cultist","floor":5.0,"turns":4.0},{"damage":6,"enemies":"Gremlin Nob","floor":7,"turns":3},{"damage":3,"enemies":"Exordium Thugs","floor":10,"turns":3},{"damage":8,"enemies":"Lagavulin","floor":14,"turns":8},{"damage":31,"enemies":"Hexaghost","floor":16,"turns":11}],"seed_played":"-4791687573629019524","potions_obtained":[{"floor":1.0,"key":"Block Potion"},{"floor":5.0,"key":"FearPotion"},{"floor":7,"key":"Swift Potion"}],"is_trial":false,"path_per_floor":["M","M","$","?","M","R","E","?","T","M","$","R","?","E","R","B"],"character_chosen":"THE_SILENT","items_purchased":["OrangePellets","Noxious Fumes"],"campfire_rested":0,"item_purchase_floors":[3,11],"current_hp_per_floor":[59,53,53,53,53,53,47,36,36,33,33,33,33,25,25,0],"gold":78,"neow_bonus":"HUNDRED_GOLD","is_prod":false,"is_daily":false,"chose_seed":false,"campfire_upgraded":3,"win_rate":0,"timestamp":1557437137,"path_taken":["M","M","$","?","M","R","E","?","T","M","$","R","?","E","R","BOSS"],"build_version":"2019-01-23","purchased_purges":1,"victory":false,"max_hp_per_floor":[66,66,66,66,66,66,66,66,66,66,66,66,66,66,66,66],"card_choices":[{"not_picked":["Underhanded Strike","Bane"],"picked":"Masterful Stab","floor":1.0},{"not_picked":["Quick Slash","Terror"],"picked":"Wraith Form v2","floor":2.0},{"not_picked":["Acrobatics","Setup"],"picked":"Choke","floor":5.0},{"not_picked":["Acrobatics","Underhanded Strike"],"picked":"Blade Dance","floor":7},{"not_picked":["Dagger Throw","Blade Dance"],"picked":"Dagger Spray","floor":10},{"not_picked":["Eviscerate","Prepared"],"picked":"Backflip","floor":14}],"player_experience":2513598,"relics_obtained":[{"floor":7,"key":"Juzu Bracelet"},{"floor":9,"key":"Centennial Puzzle"},{"floor":14,"key":"Question Card"}],"event_choices":[{"damage_healed":0.0,"max_hp_gain":0.0,"max_hp_loss":0.0,"gold_gain":0.0,"event_name":"Living Wall","player_choice":"Grow","floor":4.0,"gold_loss":0.0,"damage_taken":0.0,"cards_upgraded":["Neutralize"]},{"damage_healed":0,"gold_gain":75,"player_choice":"Gather Gold","damage_taken":11,"max_hp_gain":0,"max_hp_loss":0,"event_name":"World of Goop","floor":8,"gold_loss":0},{"damage_healed":0,"gold_gain":0,"cards_transformed":["Strike_G"],"player_choice":"Transformed","damage_taken":0,"max_hp_gain":0,"max_hp_loss":0,"event_name":"Transmorgrifier","floor":13,"gold_loss":0,"cards_obtained":["Wraith Form v2"]}],"is_beta":false,"boss_relics":[],"items_purged_floors":[11],"is_endless":false,"potions_floor_spawned":[1,5,7],"killed_by":"Hexaghost","ascension_level":20}