{"gold_per_floor":[112,125,125,138,192,220,220,234,258,292,303,263,263,276,276,347,347,361,37,48,62,112,144,158,158,204,204,19,29,29,45,45,120,120,140,140,140,159,159,159,170,170,170,184,184],"floor_reached":45,"playtime":2853,"items_purged":[],"score":944,"play_id":"8e03264d-2477-4edc-a521-e2393a3545e1","local_time":"20190507071506","is_ascension_mode":true,"campfire_choices":[{"data":"Poisoned Stab","floor":7.0,"key":"SMITH"},{"floor":13.0,"key":"REST"},{"data":"Noxious Fumes","floor":15.0,"key":"SMITH"},{"floor":25,"key":"REST"},{"data":"Malaise","floor":27,"key":"SMITH"},{"floor":32,"key":"REST"},{"floor":40,"key":"RECALL"},{"data":"Catalyst","floor":42,"key":"SMITH"}],"neow_cost":"NONE","seed_source_timestamp":1254992608424494,"circlet_count":0,"master_deck":["AscendersBane","Defend_G","Defend_G","Defend_G","Defend_G+1","Defend_G","Strike_G","Strike_G","Strike_G","Strike_G","Strike_G+1","Survivor","Neutralize+1","Endless Agony","Backstab","Riddle With Holes","Poisoned Stab+1","Dash","Noxious Fumes+1","Dodge and Roll","Dagger Spray","Malaise+1","Dagger Spray","Backstab","Catalyst+1","Footwork","PiercingWail","Dagger Spray+1","Footwork+1","Backflip","Blur+1","Backflip"],"special_seed":0,"relics":["Ring of the Snake","Orichalcum","Pen Nib","Potion Belt","Regal Pillow","Runic Pyramid","Medical Kit","Oddly Smooth Stone","Enchiridion","HoveringKite","Blood Vial","Omamori"],"potions_floor_usage":[23,29,33,45,45,45,45],"damage_taken":[{"damage":2.0,"enemies":"2 Louse","floor":1.0,"turns":4.0},{"damage":0.0,"enemies":"Jaw Worm","floor":2.0,"turns":4.0},{"damage":4.0,"enemies":"Small Slimes","floor":4.0,"turns":3.0},{"damage":14.0,"enemies":"Gremlin Nob","floor":6.0,"turns":4.0},{"damage":0.0,"enemies":"Gremlin Gang","floor":8.0,"turns":3.0},{"damage":7.0,"enemies":"Lagavulin","floor":10.0,"turns":5.0},{"damage":0.0,"enemies":"Lots of Slimes","floor":11.0,"turns":3.0},{"damage":0.0,"enemies":"2 Fungi Beasts","floor":14.0,"turns":2.0},{"damage":14.0,"enemies":"Hexaghost","floor":16.0,"turns":9.0},{"damage":15.0,"enemies":"Shell Parasite","floor":18.0,"turns":4.0},{"damage":2.0,"enemies":"Chosen","floor":20.0,"turns":5.0},{"damage":22.0,"enemies":"Shelled Parasite and Fungi","floor":21.0,"turns":4.0},{"damage":0,"enemies":"Gremlin Leader","floor":23,"turns":5},{"damage":1,"enemies":"Cultist and Chosen","floor":24,"turns":7},{"damage":0,"enemies":"Snake Plant","floor":29,"turns":5},{"damage":10,"enemies":"3 Cultists","floor":31,"turns":6},{"damage":20,"enemies":"Automaton","floor":33,"turns":7},{"damage":3,"enemies":"Orb Walker","floor":35,"turns":4},{"damage":13,"enemies":"3 Darklings","floor":38,"turns":6},{"damage":2,"enemies":"Writhing Mass","floor":41,"turns":9},{"damage":17,"enemies":"Maw","floor":44,"turns":9},{"damage":41,"enemies":"Reptomancer","floor":45,"turns":5}],"seed_played":"8440457851047590935","potions_obtained":[{"floor":2.0,"key":"PowerPotion"},{"floor":4.0,"key":"Block Potion"},{"floor":6.0,"key":"Block Potion"},{"floor":11.0,"key":"Dexterity Potion"},{"floor":12.0,"key":"Dexterity Potion"},{"floor":12.0,"key":"SkillPotion"},{"floor":16.0,"key":"GamblersBrew"},{"floor":20.0,"key":"Strength Potion"},{"floor":21.0,"key":"Swift Potion"},{"floor":41,"key":"Poison Potion"},{"floor":44,"key":"SpeedPotion"}],"is_trial":false,"path_per_floor":["M","M","?","M","T","E","R","M","T","E","M","?","R","M","R","B",null,"M","$","M","M","?","E","M","R","T","R","$","M","?","M","R","B",null,"M","?","T","M","?","R","M","R","T","M","E"],"character_chosen":"THE_SILENT","items_purchased":["Medical Kit","Backstab","Fire Potion","Footwork","PowerPotion","PiercingWail"],"campfire_rested":3,"item_purchase_floors":[19,19,19,28,28,28],"current_hp_per_floor":[57,57,37,33,33,19,19,19,19,12,12,12,46,46,46,32,58,43,43,41,19,19,19,18,52,52,52,52,52,31,21,55,35,58,55,66,66,53,53,53,53,53,53,38,0],"gold":184,"neow_bonus":"UPGRADE_CARD","is_prod":false,"is_daily":false,"chose_seed":false,"campfire_upgraded":4,"win_rate":0,"timestamp":1557227706,"path_taken":["M","M","?","M","?","E","R","M","T","E","M","?","R","?","R","BOSS","M","$","?","M","?","E","M","R","T","R","?","?","?","M","R","BOSS","M","?","?","M","?","R","?","R","T","M","E"],"build_version":"2019-01-23","purchased_purges":0,"victory":false,"max_hp_per_floor":[66,66,66,66,66,66,66,66,66,66,66,66,66,66,66,66,66,66,66,66,66,66,66,66,66,66,66,66,66,66,66,66,66,66,66,66,66,66,66,66,66,66,66,66,66],"card_choices":[{"not_picked":["Prepared","Expertise"],"picked":"Endless Agony","floor":1.0},{"not_picked":["Eviscerate","Well Laid Plans"],"picked":"Backstab","floor":2.0},{"not_picked":["Blade Dance","Heel Hook"],"picked":"Riddle With Holes","floor":4.0},{"not_picked":["Terror","Venomology"],"picked":"Poisoned Stab","floor":6.0},{"not_picked":["Flechettes","Setup"],"picked":"Dash","floor":8.0},{"not_picked":["Concentrate","Dagger Spray"],"picked":"Noxious Fumes","floor":10.0},{"not_picked":["Blade Dance","Dagger Throw"],"picked":"Dodge and Roll","floor":11.0},{"not_picked":["Acrobatics","Flying Knee"],"picked":"Dagger Spray","floor":14.0},{"not_picked":["Grand Finale","Glass Knife"],"picked":"Malaise","floor":16.0},{"not_picked":["Underhanded Strike","Calculated Gamble"],"picked":"Dagger Spray","floor":18.0},{"not_picked":["Dodge and Roll","Envenom","Poisoned Stab"],"picked":"SKIP","floor":20.0},{"not_picked":["Infinite Blades","Blur","Underhanded Strike"],"picked":"SKIP","floor":21.0},{"not_picked":["Prepared","Acrobatics"],"picked":"Catalyst","floor":23},{"not_picked":["Outmaneuver","Acrobatics","Backflip"],"picked":"SKIP","floor":24},{"not_picked":["Bane","Skewer","Deadly Poison"],"picked":"SKIP","floor":29},{"not_picked":["Dagger Throw","Concentrate"],"picked":"Dagger Spray+1","floor":31},{"not_picked":["Heel Hook+1","Flying Knee+1"],"picked":"Footwork+1","floor":35},{"not_picked":["PiercingWail","Outmaneuver"],"picked":"Backflip","floor":38},{"not_picked":["Sucker Punch","Reflex+1"],"picked":"Blur+1","floor":41},{"not_picked":["Backstab","Heel Hook"],"picked":"Backflip","floor":44}],"player_experience":2429813,"relics_obtained":[{"floor":5.0,"key":"Orichalcum"},{"floor":6.0,"key":"Pen Nib"},{"floor":9.0,"key":"Potion Belt"},{"floor":10.0,"key":"Regal Pillow"},{"floor":23,"key":"Oddly Smooth Stone"},{"floor":30,"key":"Enchiridion"},{"floor":37,"key":"Blood Vial"},{"floor":43,"key":"Omamori"}],"event_choices":[{"damage_healed":0.0,"max_hp_gain":0.0,"max_hp_loss":0.0,"gold_gain":0.0,"event_name":"Shining Light","player_choice":"Entered Light","floor":3.0,"gold_loss":0.0,"damage_taken":20.0,"cards_upgraded":["Strike_G","Defend_G"]},{"damage_healed":0.0,"max_hp_gain":0.0,"max_hp_loss":0.0,"gold_gain":0.0,"event_name":"The Woman in Blue","player_choice":"Bought 3 Potions","floor":12.0,"gold_loss":0.0,"damage_taken":0.0},{"damage_healed":0.0,"max_hp_gain":0.0,"max_hp_loss":0.0,"gold_gain":50.0,"event_name":"Golden Shrine","player_choice":"Pray","floor":22.0,"gold_loss":0.0,"damage_taken":0.0},{"damage_healed":0,"gold_gain":0,"player_choice":"Obtained Book","damage_taken":21,"max_hp_gain":0,"max_hp_loss":0,"event_name":"Cursed Tome","floor":30,"gold_loss":0},{"damage_healed":13,"gold_gain":0,"player_choice":"Writhe","damage_taken":0,"max_hp_gain":0,"max_hp_loss":0,"event_name":"Winding Halls","floor":36,"gold_loss":0,"cards_obtained":["Writhe"]},{"cards_removed":["Writhe"],"damage_healed":0,"gold_gain":0,"player_choice":"Removed Curses","damage_taken":0,"max_hp_gain":0,"max_hp_loss":0,"event_name":"Fountain of Cleansing","floor":39,"gold_loss":0}],"is_beta":false,"boss_relics":[{"not_picked":["Black Star","Orrery"],"picked":"Runic Pyramid"},{"not_picked":["Snecko Eye","Ring of the Serpent"],"picked":"HoveringKite"}],"items_purged_floors":[],"is_endless":false,"potions_floor_spawned":[2,4,6,11,16,20,21,41,44],"killed_by":"Reptomancer","ascension_level":20}