{"gold_per_floor":[110,35,35,45,45,45,72,92,92,111,122,122,132,150,150,228,228,228,8,8,8,8,8,8,8,8,8,8,8,8,8,8,8,8,8,8,8,8,8,8,8,8,8,8,8,8,8,8,8,8],"floor_reached":51,"playtime":2480,"items_purged":["Strike_G","Strike_G"],"score":1326,"play_id":"7ab55bcc-0c6f-497c-b604-a215ac328714","local_time":"20180807134118","is_ascension_mode":true,"campfire_choices":[{"data":"Neutralize","floor":6,"key":"SMITH"},{"data":"Sucker Punch","floor":12,"key":"SMITH"},{"data":"Leg Sweep","floor":15,"key":"SMITH"},{"data":"A Thousand Cuts","floor":23,"key":"SMITH"},{"data":"Sucker Punch","floor":25,"key":"SMITH"},{"floor":32,"key":"REST"},{"floor":40,"key":"REST"},{"floor":46,"key":"REST"},{"floor":49,"key":"REST"}],"neow_cost":"NONE","seed_source_timestamp":163621197152732,"circlet_count":0,"master_deck":["Defend_G+1","Defend_G+1","Defend_G+1","Defend_G+1","Defend_G+1","Survivor+1","Neutralize+1","AscendersBane","Sucker Punch+1","Flying Knee","Leg Sweep+1","Sucker Punch+1","PiercingWail+1","Cloak And Dagger+1","A Thousand Cuts+1","Dodge and Roll+1","Infinite Blades","Backflip+1","Decay","Blur+1","Backflip+1","Burst+1","Well Laid Plans","Cloak And Dagger+1","Adrenaline+1","Reflex+1","Unload+1","Venomology+1","Writhe","Backflip+1","Deflect+1","Apotheosis+1","Panacea+1","Dodge and Roll+1","Cloak And Dagger+1","Noxious Fumes+1","Footwork+1"],"relics":["Ring of the Snake","NeowsBlessing","Paper Crane","Ornamental Fan","Toxic Egg 2","Ectoplasm","Vajra","Darkstone Periapt","Astrolabe","Blue Candle","Dodecahedron","War Paint"],"potions_floor_usage":[38,41,42,44,44,47,48,50],"damage_taken":[{"damage":0,"enemies":"Cultist","floor":1,"turns":1},{"damage":0,"enemies":"Small Slimes","floor":4,"turns":1},{"damage":0,"enemies":"Lagavulin","floor":7,"turns":1},{"damage":0,"enemies":"2 Louse","floor":8,"turns":3},{"damage":1,"enemies":"2 Fungi Beasts","floor":10,"turns":5},{"damage":3,"enemies":"Exordium Wildlife","floor":11,"turns":9},{"damage":0,"enemies":"Red Slaver","floor":13,"turns":5},{"damage":0,"enemies":"Looter","floor":14,"turns":3},{"damage":34,"enemies":"Hexaghost","floor":16,"turns":20},{"damage":16,"enemies":"Spheric Guardian","floor":18,"turns":6},{"damage":7,"enemies":"3 Byrds","floor":21,"turns":5},{"damage":0,"enemies":"Snecko","floor":27,"turns":6},{"damage":14,"enemies":"Chosen and Byrds","floor":28,"turns":5},{"damage":0,"enemies":"Cultist and Chosen","floor":29,"turns":9},{"damage":1,"enemies":"3 Cultists","floor":31,"turns":5},{"damage":2,"enemies":"Collector","floor":33,"turns":14},{"damage":0,"enemies":"Orb Walker","floor":35,"turns":4},{"damage":0,"enemies":"3 Darklings","floor":37,"turns":4},{"damage":18,"enemies":"Snecko and Mystics","floor":38,"turns":11},{"damage":14,"enemies":"Giant Head","floor":41,"turns":14},{"damage":2,"enemies":"Flame Bruiser 2 Orb","floor":42,"turns":5},{"damage":18,"enemies":"Sphere and 2 Shapes","floor":44,"turns":9},{"damage":11,"enemies":"Jaw Worm Horde","floor":45,"turns":4},{"damage":15,"enemies":"2 Orb Walkers","floor":47,"turns":6},{"damage":4,"enemies":"Maw","floor":48,"turns":10},{"damage":15,"enemies":"Awakened One","floor":50,"turns":20}],"seed_played":"-165512050098295211","potions_obtained":[{"floor":4,"key":"GhostInAJar"},{"floor":11,"key":"GamblersBrew"},{"floor":13,"key":"GhostInAJar"},{"floor":38,"key":"Energy Potion"},{"floor":41,"key":"AttackPotion"},{"floor":48,"key":"FairyPotion"}],"is_trial":false,"path_per_floor":["M","$","T","M","$","R","E","M","T","M","M","R","M","M","R","B",null,"M","$","?","M","T","R","$","R","T","M","M","M","?","M","R","B",null,"M","?","M","M","?","R","E","M","T","M","M","R","E","M","R","B"],"character_chosen":"THE_SILENT","items_purchased":["Infinite Blades","Backflip+1"],"campfire_rested":4,"item_purchase_floors":[19,19],"current_hp_per_floor":[59,59,59,59,59,59,59,59,59,58,55,55,55,55,55,21,55,39,39,39,32,32,32,32,32,32,32,18,18,18,17,36,34,58,58,72,72,54,44,65,51,49,49,46,35,56,41,37,58,43],"gold":8,"neow_bonus":"THREE_ENEMY_KILL","is_prod":false,"is_daily":false,"chose_seed":false,"campfire_upgraded":5,"win_rate":0,"timestamp":1533674478,"path_taken":["M","$","?","M","$","R","E","M","T","M","?","R","M","M","R","BOSS","M","$","?","M","?","R","$","R","T","M","M","?","?","M","R","BOSS","M","?","M","M","?","R","E","?","T","M","M","R","E","M","R","BOSS"],"build_version":"2018-08-07","purchased_purges":2,"victory":true,"max_hp_per_floor":[66,66,66,66,66,66,66,66,66,66,66,66,66,66,66,66,66,66,66,66,66,66,66,66,66,66,66,66,66,66,66,66,66,66,66,72,72,72,72,72,72,72,72,72,72,72,72,72,72,72],"card_choices":[{"not_picked":["PiercingWail","Outmaneuver"],"picked":"Sucker Punch","floor":1},{"not_picked":["Deflect","Acrobatics"],"picked":"Flying Knee","floor":4},{"not_picked":["Prepared","Backflip"],"picked":"Leg Sweep","floor":7},{"not_picked":["Finisher","Underhanded Strike"],"picked":"Sucker Punch","floor":8},{"not_picked":["Quick Slash","Sucker Punch"],"picked":"PiercingWail+1","floor":10},{"not_picked":["Bane","PiercingWail+1","Phantasmal Killer+1"],"picked":"SKIP","floor":11},{"not_picked":["Finisher","Blade Dance+1"],"picked":"Cloak And Dagger+1","floor":13},{"not_picked":["Flying Knee","Masterful Stab","PiercingWail+1"],"picked":"SKIP","floor":14},{"not_picked":["Bullet Time+1","Burst+1"],"picked":"A Thousand Cuts","floor":16},{"not_picked":["PiercingWail+1","Deadly Poison+1"],"picked":"Dodge and Roll+1","floor":18},{"not_picked":["Outmaneuver+1","Calculated Gamble+1"],"picked":"Blur+1","floor":21},{"not_picked":["Slice+1","PiercingWail+1"],"picked":"Backflip+1","floor":27},{"not_picked":["Bane","Prepared+1"],"picked":"Burst+1","floor":28},{"not_picked":["Deflect+1","Sucker Punch"],"picked":"Well Laid Plans","floor":29},{"not_picked":["Caltrops","Deflect+1"],"picked":"Cloak And Dagger+1","floor":31},{"not_picked":["Bullet Time+1","Wraith Form v2"],"picked":"Adrenaline+1","floor":33},{"not_picked":["Deadly Poison+1","Predator","Acrobatics+1"],"picked":"SKIP","floor":35},{"not_picked":["Accuracy+1","Prepared+1"],"picked":"Backflip+1","floor":37},{"not_picked":["Prepared+1","Blade Dance+1","Deflect+1"],"picked":"SKIP","floor":38},{"not_picked":["Prepared+1","Blade Dance+1"],"picked":"Deflect+1","floor":38},{"not_picked":["Dramatic Entrance","Finesse+1"],"picked":"Apotheosis+1","floor":39},{"not_picked":["Metamorphosis+1","Trip+1"],"picked":"Panacea+1","floor":39},{"not_picked":["Dagger Spray","Blade Dance+1"],"picked":"Dodge and Roll+1","floor":41},{"not_picked":["Slice+1","Calculated Gamble+1"],"picked":"Cloak And Dagger+1","floor":42},{"not_picked":["Prepared+1","Blade Dance+1"],"picked":"Noxious Fumes+1","floor":44},{"not_picked":["Slice","Masterful Stab","Glass Knife"],"picked":"SKIP","floor":45},{"not_picked":["Sucker Punch","Endless Agony"],"picked":"Footwork+1","floor":47},{"not_picked":["Accuracy","PiercingWail+1","Underhanded Strike+1"],"picked":"SKIP","floor":48}],"player_experience":850474,"relics_obtained":[{"floor":3,"key":"Paper Crane"},{"floor":7,"key":"Ornamental Fan"},{"floor":9,"key":"Toxic Egg 2"},{"floor":22,"key":"Vajra"},{"floor":26,"key":"Darkstone Periapt"},{"floor":41,"key":"Blue Candle"},{"floor":43,"key":"Dodecahedron"},{"floor":47,"key":"War Paint"}],"event_choices":[{"event_name":"Forgotten Altar","player_choice":"Smashed Altar","floor":20,"damage_taken":0},{"event_name":"Back to Basics","player_choice":"Simplicity","floor":30,"damage_taken":0},{"event_name":"Winding Halls","player_choice":"Writhe","floor":36,"damage_taken":0},{"event_name":"SensoryStone","player_choice":"Memory 3","floor":39,"damage_taken":0}],"is_beta":true,"boss_relics":[{"not_picked":["Eternal Feather","Empty Cage"],"picked":"Ectoplasm"},{"not_picked":["Cursed Key","Ring of the Serpent"],"picked":"Astrolabe"}],"items_purged_floors":[2,19],"is_endless":false,"potions_floor_spawned":[4,11,13,16,18,21,28,31,33,38,41,42,47,48],"ascension_level":15}