{"path_per_floor":["M","M","?","M","M","R","E","$","T","M","M","$","?","M","R","B",null,"M","?","M","M","?","M","R","M","T","?","R","M","R","M","R","B",null,"M","?","?","$","M","R","M","R","T","M","R","?","?","?","R","B"],"character_chosen":"THE_SILENT","items_purchased":["Backstab","Dash","Ninja Scroll"],"gold_per_floor":[116,130,100,110,120,120,153,47,47,63,77,2,2,14,14,114,114,128,128,148,161,161,181,181,199,247,172,172,190,190,201,201,296,326,336,436,436,86,102,102,116,116,170,189,189,0,0,0,0,0],"floor_reached":51,"campfire_rested":0,"playtime":3939,"current_hp_per_floor":[70,70,70,70,66,66,46,46,46,46,46,46,46,46,46,45,64,64,64,64,64,48,48,48,48,48,48,48,48,48,48,48,48,70,70,70,75,75,75,75,75,75,75,75,75,75,75,75,75,53],"items_purged":["Strike_G","Writhe"],"gold":0,"score":626,"play_id":"56ec615f-3627-4e39-9d99-b57e64ce5d8b","is_prod":false,"is_daily":false,"is_ascension_mode":true,"campfire_upgraded":10,"path_taken":["M","?","?","?","M","R","E","?","T","M","?","$","?","M","R","BOSS","M","?","M","M","?","M","R","M","T","?","R","M","R","M","R","BOSS","M","?","?","$","M","R","M","R","T","M","R","?","?","?","R","BOSS"],"build_version":"2018-02-15-PROD1","purchased_purges":2,"victory":true,"master_deck":["Defend_G","Defend_G","Defend_G+1","Defend_G","Strike_G","Survivor+1","Neutralize+1","Backflip+1","Predator+1","Venomology+1","Backstab","Dash+1","Deflect","Tools of the Trade+1","Backflip+1","Catalyst+1","Footwork+1","Setup+1","Blur+1","Necronomicurse","Deadly Poison+1","Choke+1","Terror+1","Tactician+1","Dagger Throw+1","Deadly Poison+1","Prepared+1","Acrobatics+1","Calculated Gamble+1"],"max_hp_per_floor":[70,70,70,70,70,70,70,70,70,70,70,70,70,70,70,70,70,70,70,70,70,70,70,70,70,70,70,70,70,70,70,70,70,75,75,75,75,75,75,75,75,75,75,75,75,75,75,75,75,75],"relics":["Ring of the Snake","Happy Flower","Thread and Needle","Astrolabe","Calipers","Necronomicon","Art of War","Tiny House","Ninja Scroll","Juzu Bracelet","Red Mask"],"card_choices":[{"not_picked":["Distraction","Underhanded Strike"],"picked":"Backflip"},{"not_picked":["Riddle With Holes","Distraction"],"picked":"Predator"},{"not_picked":["Poisoned Stab","Setup"],"picked":"Flying Knee"},{"not_picked":["Sucker Punch","Escape Plan"],"picked":"Venomology"},{"not_picked":["Dagger Throw","Blade Dance"],"picked":"Deflect"},{"not_picked":["Burst","A Thousand Cuts"],"picked":"Tools of the Trade"},{"not_picked":["Dagger Throw","Quick Slash"],"picked":"Setup"},{"not_picked":["Dash","Slice"],"picked":"Blur"},{"not_picked":["Backflip","Catalyst"],"picked":"Deadly Poison"},{"not_picked":["Skewer","Expertise"],"picked":"Choke"},{"not_picked":["Backstab","Poisoned Stab"],"picked":"Terror"},{"not_picked":["Night Terror","Burst"],"picked":"Tactician"},{"not_picked":["Underhanded Strike","Distraction"],"picked":"Dagger Throw"},{"not_picked":["Dodge and Roll","Die Die Die"],"picked":"Deadly Poison"},{"not_picked":["PiercingWail","Flechettes"],"picked":"Prepared"},{"not_picked":["Poisoned Stab","Flying Knee"],"picked":"Acrobatics"},{"not_picked":["Quick Slash","Grand Finale"],"picked":"Calculated Gamble"}],"player_experience":349338,"potions_floor_usage":[4,7,16,16,16,21,21,23,25,29,29,33,35,41,50,50,50,50],"damage_taken":[{"damage":0,"enemies":"Cultist","floor":1,"turns":4},{"damage":0,"enemies":"2 Louse","floor":2,"turns":4},{"damage":0,"enemies":"Jaw Worm","floor":4,"turns":6},{"damage":4,"enemies":"3 Louse","floor":5,"turns":3},{"damage":20,"enemies":"Lagavulin","floor":7,"turns":7},{"damage":0,"enemies":"Looter","floor":10,"turns":2},{"damage":0,"enemies":"Large Slime","floor":11,"turns":5},{"damage":0,"enemies":"Blue Slaver","floor":14,"turns":3},{"damage":1,"enemies":"Slime Boss","floor":16,"turns":9},{"damage":0,"enemies":"Chosen","floor":18,"turns":5},{"damage":0,"enemies":"Spheric Guardian","floor":20,"turns":7},{"damage":0,"enemies":"Centurion and Healer","floor":21,"turns":8},{"damage":0,"enemies":"3 Cultists","floor":23,"turns":7},{"damage":0,"enemies":"Snake Plant","floor":25,"turns":5},{"damage":0,"enemies":"Snecko","floor":29,"turns":2},{"damage":0,"enemies":"Centurion and Healer","floor":31,"turns":3},{"damage":0,"enemies":"Champ","floor":33,"turns":9},{"damage":0,"enemies":"3 Shapes","floor":35,"turns":4},{"damage":0,"enemies":"Orb Walker","floor":39,"turns":3},{"damage":0,"enemies":"Sphere and 2 Shapes","floor":41,"turns":5},{"damage":0,"enemies":"Maw","floor":44,"turns":5},{"damage":35,"enemies":"Awakened One","floor":50,"turns":13}],"event_choices":[{"event_name":"The Woman in Blue","player_choice":"Bought 2 Potions","floor":3,"damage_taken":0},{"event_name":"Liars Game","player_choice":"disagreed","floor":13,"damage_taken":0},{"event_name":"The Mausoleum","player_choice":"Yes","floor":19,"damage_taken":0},{"event_name":"Cursed Tome","player_choice":"Obtained Book","floor":22,"damage_taken":0},{"event_name":"Beggar","player_choice":"Gave Gold","floor":27,"damage_taken":0},{"event_name":"Golden Shrine","player_choice":"Pray","floor":36,"damage_taken":0},{"event_name":"Winding Halls","player_choice":"Writhe","floor":37,"damage_taken":0},{"event_name":"Tomb of Lord Red Mask","player_choice":"Paid","floor":46,"damage_taken":0},{"event_name":"Mysterious Sphere","player_choice":"Ignore","floor":48,"damage_taken":0}],"boss_relics":[{"not_picked":["Black Star","Sozu"],"picked":"Astrolabe"},{"not_picked":["Snecko Eye","Runic Pyramid"],"picked":"Tiny House"}],"potions_floor_spawned":[1,4,7,10,18,21,23,33,35],"seed_played":"7002341312761192492","ascension_level":5,"is_trial":false}