{"gold_per_floor":[217,217,217,142,155,155,54,81,127,144,159,159,176,126,126,226,226,242,242,255,170,187,187,201,201,201,229,229,245,273,289,289,289],"floor_reached":33,"playtime":2498,"items_purged":["Regret"],"score":402,"play_id":"6d078b4d-0060-4322-8b6d-47b1d7a5c1e6","local_time":"20190503110910","is_ascension_mode":true,"campfire_choices":[{"data":"Intimidate","floor":6,"key":"SMITH"},{"data":"Armaments","floor":12,"key":"SMITH"},{"data":"True Grit","floor":15,"key":"SMITH"},{"data":"Fiend Fire","floor":23,"key":"SMITH"},{"data":"Searing Blow","floor":25,"key":"SMITH"},{"data":"Searing Blow+1","floor":28,"key":"SMITH"},{"data":"Searing Blow+2","floor":32,"key":"SMITH"}],"neow_cost":"NONE","seed_source_timestamp":1875315738430372,"circlet_count":0,"master_deck":["Strike_R","Strike_R","Strike_R+1","Strike_R+1","Defend_R","Defend_R","Defend_R","Defend_R","Bash","Intimidate+1","Rampage","Shrug It Off","Disarm","Uppercut","Armaments+1","True Grit+1","Whirlwind","Fiend Fire+1","Burning Pact","True Grit+1","Havoc","Searing Blow+3","Parasite","Shockwave+1","Ghostly Armor+1","Seeing Red+1"],"relics":["Burning Blood","Meat on the Bone","Centennial Puzzle","Smiling Mask","Cursed Key","Toxic Egg 2","PreservedInsect","Potion Belt","Dream Catcher"],"potions_floor_usage":[8,16,16,24,27,29],"damage_taken":[{"damage":13,"enemies":"Jaw Worm","floor":1,"turns":5},{"damage":9,"enemies":"2 Louse","floor":5,"turns":3},{"damage":18,"enemies":"Lagavulin","floor":8,"turns":6},{"damage":0,"enemies":"Cultist","floor":10,"turns":3},{"damage":6,"enemies":"Looter","floor":11,"turns":3},{"damage":2,"enemies":"3 Louse","floor":13,"turns":4},{"damage":25,"enemies":"Hexaghost","floor":16,"turns":11},{"damage":4,"enemies":"Spheric Guardian","floor":18,"turns":5},{"damage":7,"enemies":"Shell Parasite","floor":20,"turns":5},{"damage":2,"enemies":"Centurion and Healer","floor":22,"turns":6},{"damage":0,"enemies":"Snake Plant","floor":24,"turns":4},{"damage":21,"enemies":"Slavers","floor":27,"turns":5},{"damage":25,"enemies":"Snecko","floor":29,"turns":5},{"damage":5,"enemies":"Gremlin Leader","floor":30,"turns":7},{"damage":7,"enemies":"Centurion and Healer","floor":31,"turns":5},{"damage":73,"enemies":"Champ","floor":33,"turns":13}],"seed_played":"-4000306764460219975","potions_obtained":[{"floor":1,"key":"Fire Potion"},{"floor":8,"key":"Explosive Potion"},{"floor":11,"key":"Weak Potion"},{"floor":13,"key":"LiquidBronze"},{"floor":18,"key":"Ancient Potion"},{"floor":20,"key":"SpeedPotion"},{"floor":22,"key":"Block Potion"}],"is_trial":false,"path_per_floor":["M","?","?","$","M","R","$","E","T","M","M","R","M","?","R","B",null,"M","?","M","?","M","R","M","R","T","E","R","M","E","M","R","B"],"character_chosen":"IRONCLAD","items_purchased":["Shrug It Off","Disarm"],"campfire_rested":0,"item_purchase_floors":[7,7],"current_hp_per_floor":[65,65,49,49,58,58,58,58,58,64,64,64,68,68,68,49,72,74,74,73,73,77,77,80,80,80,65,65,58,59,58,58,0],"gold":289,"neow_bonus":"HUNDRED_GOLD","is_prod":false,"is_daily":false,"chose_seed":false,"campfire_upgraded":7,"win_rate":0,"timestamp":1556878150,"path_taken":["M","?","?","?","M","R","$","E","T","M","M","R","M","?","R","BOSS","M","?","?","?","M","R","M","R","T","E","R","M","E","M","R","BOSS"],"build_version":"2019-01-23","purchased_purges":1,"victory":false,"max_hp_per_floor":[80,80,80,80,80,80,80,80,80,80,80,80,80,80,80,80,80,80,80,80,80,80,80,80,80,80,80,80,80,80,80,80,80],"card_choices":[{"not_picked":["Thunderclap","Second Wind"],"picked":"Intimidate","floor":1},{"not_picked":["Combust","Wild Strike"],"picked":"Rampage","floor":5},{"not_picked":["Thunderclap","Sword Boomerang"],"picked":"Uppercut","floor":8},{"not_picked":["Wild Strike","Sword Boomerang"],"picked":"Armaments","floor":10},{"not_picked":["Cleave","Clash"],"picked":"True Grit","floor":11},{"not_picked":["Thunderclap","Clash"],"picked":"Whirlwind","floor":13},{"not_picked":["Bludgeon","Exhume"],"picked":"Fiend Fire","floor":16},{"not_picked":["Anger","Pommel Strike"],"picked":"Burning Pact","floor":18},{"not_picked":["Pommel Strike","Perfected Strike"],"picked":"Havoc","floor":20},{"not_picked":["Body Slam","Perfected Strike","Sword Boomerang+1"],"picked":"SKIP","floor":22},{"not_picked":["Cleave","Carnage"],"picked":"Searing Blow","floor":24},{"not_picked":["Combust","Sentinel+1"],"picked":"Shockwave+1","floor":27},{"not_picked":["Warcry+1","Thunderclap"],"picked":"Ghostly Armor+1","floor":29},{"not_picked":["Havoc+1","Rampage+1"],"picked":"Seeing Red+1","floor":30},{"not_picked":["Sword Boomerang","Rage+1","Iron Wave"],"picked":"SKIP","floor":31}],"player_experience":279812,"relics_obtained":[{"floor":8,"key":"Centennial Puzzle"},{"floor":9,"key":"Smiling Mask"},{"floor":26,"key":"PreservedInsect"},{"floor":27,"key":"Potion Belt"},{"floor":30,"key":"Dream Catcher"}],"event_choices":[{"damage_healed":0,"gold_gain":0,"player_choice":"Box","damage_taken":0,"relics_obtained":["Meat on the Bone"],"max_hp_gain":0,"max_hp_loss":0,"event_name":"Big Fish","floor":2,"gold_loss":0,"cards_obtained":["Regret"]},{"damage_healed":0,"gold_gain":0,"player_choice":"Entered Light","damage_taken":16,"max_hp_gain":0,"max_hp_loss":0,"event_name":"Shining Light","floor":3,"gold_loss":0,"cards_upgraded":["Strike_R","Strike_R"]},{"cards_removed":["Strike_R"],"damage_healed":0,"gold_gain":0,"player_choice":"Card Removal","damage_taken":0,"max_hp_gain":0,"max_hp_loss":0,"event_name":"The Cleric","floor":14,"gold_loss":50},{"damage_healed":0,"gold_gain":0,"player_choice":"Copied","damage_taken":0,"max_hp_gain":0,"max_hp_loss":0,"event_name":"Duplicator","floor":19,"gold_loss":0,"cards_obtained":["True Grit"]},{"damage_healed":0,"gold_gain":0,"player_choice":"Obtained Relic","damage_taken":0,"relics_obtained":["Toxic Egg 2"],"max_hp_gain":0,"max_hp_loss":0,"event_name":"Addict","floor":21,"gold_loss":85}],"is_beta":false,"boss_relics":[{"not_picked":["Astrolabe","Lizard Tail"],"picked":"Cursed Key"}],"items_purged_floors":[4],"is_endless":false,"potions_floor_spawned":[1,8,11,13,18,20,22],"killed_by":"Champ","ascension_level":8}