{"gold_per_floor":[112,124,135,152,152,184,184,213,213,243,91,91,121,132,132,232,232,242,19,19,19,19,19,19,19,42,42],"floor_reached":27,"playtime":1038,"items_purged":[],"score":341,"play_id":"7d901aa4-7d5a-448e-9b70-c376934bda55","local_time":"20190312213658","is_ascension_mode":true,"campfire_choices":[{"data":"Go for the Eyes","floor":7,"key":"SMITH"},{"data":"Rainbow","floor":15,"key":"SMITH"},{"data":"Multi-Cast","floor":23,"key":"SMITH"},{"data":"RitualDagger","floor":25,"key":"SMITH"}],"neow_cost":"NONE","seed_source_timestamp":815199306346696,"circlet_count":0,"master_deck":["Strike_B","Defend_B","Defend_B","Defend_B","Defend_B","Zap+1","Dualcast","Go for the Eyes+1","Rebound","Cold Snap","Rebound","Hologram","Seek","Rainbow+1","Doom and Gloom","Ball Lightning","Multi-Cast+1","Reprogram+1","Steam+1","Heatsinks+1","Self Repair","RitualDagger+1"],"relics":["Cracked Core","Ice Cream","Vajra","Blue Candle","Shuriken","Juzu Bracelet","Nunchaku","Astrolabe","Ancient Tea Set","MutagenicStrength","Omamori"],"potions_floor_usage":[8,10,27],"damage_taken":[{"damage":0,"enemies":"Cultist","floor":1,"turns":3},{"damage":9,"enemies":"Small Slimes","floor":2,"turns":2},{"damage":2,"enemies":"Jaw Worm","floor":3,"turns":3},{"damage":5,"enemies":"3 Louse","floor":4,"turns":3},{"damage":18,"enemies":"Lagavulin","floor":6,"turns":5},{"damage":16,"enemies":"3 Sentries","floor":8,"turns":6},{"damage":0,"enemies":"Gremlin Nob","floor":10,"turns":2},{"damage":16,"enemies":"3 Sentries","floor":13,"turns":4},{"damage":0,"enemies":"Exordium Wildlife","floor":14,"turns":2},{"damage":26,"enemies":"The Guardian","floor":16,"turns":9},{"damage":3,"enemies":"Chosen","floor":18,"turns":4},{"damage":61,"enemies":"Gremlin Leader","floor":27,"turns":5}],"seed_played":"8491736115370813667","potions_obtained":[{"floor":2,"key":"Fire Potion"},{"floor":8,"key":"FearPotion"},{"floor":10,"key":"FearPotion"}],"is_trial":false,"path_per_floor":["M","M","M","M","?","E","R","E","T","E","$","?","E","M","R","B",null,"M","$","?","?","$","R","$","R","T","E"],"character_chosen":"DEFECT","items_purchased":["Juzu Bracelet","Self Repair","Ancient Tea Set"],"campfire_rested":0,"item_purchase_floors":[11,19,19],"current_hp_per_floor":[68,59,57,52,52,34,34,18,18,18,18,43,27,27,27,1,57,54,54,54,48,48,48,48,48,48,0],"gold":42,"neow_bonus":"UPGRADE_CARD","is_prod":false,"is_daily":false,"chose_seed":false,"campfire_upgraded":4,"win_rate":0,"timestamp":1552441018,"path_taken":["M","M","M","?","?","E","R","E","T","E","$","?","E","M","R","BOSS","M","$","?","?","?","R","$","R","T","E"],"build_version":"2019-01-23","purchased_purges":0,"victory":false,"max_hp_per_floor":[75,75,75,75,75,75,75,75,75,75,75,75,75,75,75,75,75,75,75,75,75,75,75,75,75,75,75],"card_choices":[{"not_picked":["Barrage","Hologram"],"picked":"Go for the Eyes","floor":1},{"not_picked":["Hologram","Ball Lightning"],"picked":"Rebound","floor":2},{"not_picked":["Conserve Battery","Reprogram"],"picked":"Cold Snap","floor":3},{"not_picked":["Leap","Streamline"],"picked":"Rebound","floor":4},{"not_picked":["Gash","Barrage"],"picked":"Hologram","floor":6},{"not_picked":["Reinforced Body","Cold Snap"],"picked":"Seek","floor":8},{"not_picked":["Streamline","Blizzard"],"picked":"Rainbow","floor":10},{"not_picked":["Heatsinks","Gash"],"picked":"Doom and Gloom","floor":13},{"not_picked":["Steam Power","Sunder"],"picked":"Ball Lightning","floor":14},{"not_picked":["Electrodynamics","Creative AI"],"picked":"Multi-Cast","floor":16},{"not_picked":["Rip and Tear","Hologram","Heatsinks"],"picked":"SKIP","floor":18}],"player_experience":1052661,"relics_obtained":[{"floor":6,"key":"Ice Cream"},{"floor":8,"key":"Vajra"},{"floor":9,"key":"Blue Candle"},{"floor":10,"key":"Shuriken"},{"floor":13,"key":"Nunchaku"},{"floor":26,"key":"Omamori"}],"event_choices":[{"damage_healed":0,"gold_gain":0,"player_choice":"Ignored","damage_taken":0,"max_hp_gain":0,"max_hp_loss":0,"event_name":"Liars Game","floor":5,"gold_loss":0},{"damage_healed":25,"gold_gain":0,"player_choice":"Banana","damage_taken":0,"max_hp_gain":0,"max_hp_loss":0,"event_name":"Big Fish","floor":12,"gold_loss":0},{"damage_healed":0,"gold_gain":0,"player_choice":"Inject Mutagens","damage_taken":0,"relics_obtained":["MutagenicStrength"],"max_hp_gain":0,"max_hp_loss":0,"event_name":"Drug Dealer","floor":20,"gold_loss":0},{"damage_healed":0,"gold_gain":0,"player_choice":"Joined the Cult","damage_taken":6,"max_hp_gain":0,"max_hp_loss":0,"event_name":"Nest","floor":21,"gold_loss":0,"cards_obtained":["RitualDagger"]}],"is_beta":false,"boss_relics":[{"not_picked":["Velvet Choker","Tiny House"],"picked":"Astrolabe"}],"items_purged_floors":[],"is_endless":false,"potions_floor_spawned":[2,8,10],"killed_by":"Gremlin Leader","ascension_level":6}