{"gold_per_floor":[18,33,33,33,7,7,21,21,21,21,21,61,61,102,102,196,196,209,228,228,228],"floor_reached":21,"playtime":604,"items_purged":[],"score":370,"play_id":"afdb4491-38fa-48a4-91f6-042fdb41f78a","local_time":"20190403023034","is_ascension_mode":true,"campfire_choices":[{"data":"Barrage","floor":6,"key":"SMITH"},{"data":"Coolheaded","floor":8,"key":"SMITH"},{"data":"Dualcast","floor":10,"key":"SMITH"},{"data":"Thunder Strike","floor":13,"key":"SMITH"},{"data":"Ball Lightning","floor":15,"key":"SMITH"}],"neow_cost":"NO_GOLD","seed_source_timestamp":144910982192443,"circlet_count":0,"master_deck":["AscendersBane","Strike_B","Strike_B","Defend_B","Defend_B","Defend_B","Defend_B","Zap+1","Dualcast+1","Leap","Ball Lightning+1","Barrage+1","Coolheaded+1","Thunder Strike+1","Storm","Echo Form","Loop","Cold Snap","Darkness","Darkness"],"relics":["Cracked Core","Du-Vu Doll","Golden Idol","Nunchaku","Kunai","Eternal Feather"],"potions_floor_usage":[12,14,18],"damage_taken":[{"damage":0,"enemies":"2 Louse","floor":1,"turns":3},{"damage":4,"enemies":"Jaw Worm","floor":2,"turns":4},{"damage":0,"enemies":"Cultist","floor":7,"turns":3},{"damage":31,"enemies":"3 Sentries","floor":12,"turns":5},{"damage":11,"enemies":"Gremlin Nob","floor":14,"turns":3},{"damage":31,"enemies":"Hexaghost","floor":16,"turns":9},{"damage":18,"enemies":"2 Thieves","floor":18,"turns":3},{"damage":30,"enemies":"Chosen","floor":19,"turns":4},{"damage":16,"enemies":"Snake Plant","floor":21,"turns":2}],"seed_played":"267922964965695403","potions_obtained":[{"floor":2,"key":"Dexterity Potion"},{"floor":7,"key":"Energy Potion"},{"floor":16,"key":"AttackPotion"}],"is_trial":false,"path_per_floor":["M","M","?","?","$","R","M","R","T","R","?","E","R","E","R","B",null,"M","M","?","M"],"character_chosen":"DEFECT","items_purchased":["Barrage"],"campfire_rested":0,"item_purchase_floors":[5],"current_hp_per_floor":[78,74,74,74,74,74,74,74,74,74,74,43,43,32,32,1,58,40,10,10,0],"gold":228,"neow_bonus":"TWENTY_PERCENT_HP_BONUS","is_prod":false,"is_daily":false,"chose_seed":false,"campfire_upgraded":5,"win_rate":0,"timestamp":1554273034,"path_taken":["M","M","?","?","?","R","?","R","T","R","?","E","R","E","R","BOSS","M","M","?","M"],"build_version":"2019-01-23","purchased_purges":0,"victory":false,"max_hp_per_floor":[85,85,85,85,85,85,85,85,85,85,77,77,77,77,77,77,77,77,77,77,77],"card_choices":[{"not_picked":["Turbo","Scrape"],"picked":"Leap","floor":1},{"not_picked":["Go for the Eyes","Melter"],"picked":"Ball Lightning","floor":2},{"not_picked":["Force Field","Capacitor"],"picked":"Coolheaded","floor":7},{"not_picked":["BootSequence","Rip and Tear"],"picked":"Thunder Strike","floor":12},{"not_picked":["Barrage","Fission"],"picked":"Storm","floor":14},{"not_picked":["All For One","Multi-Cast"],"picked":"Echo Form","floor":16},{"not_picked":["Steam","Turbo"],"picked":"Loop","floor":18},{"not_picked":["Barrage","Heatsinks"],"picked":"Cold Snap","floor":19}],"player_experience":1551204,"relics_obtained":[{"floor":9,"key":"Du-Vu Doll"},{"floor":12,"key":"Nunchaku"},{"floor":14,"key":"Kunai"}],"event_choices":[{"damage_healed":0,"gold_gain":0,"player_choice":"Grow","damage_taken":0,"max_hp_gain":0,"max_hp_loss":0,"event_name":"Living Wall","floor":3,"gold_loss":0,"cards_upgraded":["Zap"]},{"damage_healed":0,"gold_gain":0,"player_choice":"Leave","damage_taken":0,"max_hp_gain":0,"max_hp_loss":0,"event_name":"The Cleric","floor":4,"gold_loss":0},{"damage_healed":0,"gold_gain":0,"player_choice":"Lose Max HP","damage_taken":0,"relics_obtained":["Golden Idol"],"max_hp_gain":0,"max_hp_loss":8,"event_name":"Golden Idol","floor":11,"gold_loss":0},{"damage_healed":0,"gold_gain":0,"cards_transformed":["Strike_B","Strike_B"],"player_choice":"Became Test Subject","damage_taken":0,"max_hp_gain":0,"max_hp_loss":0,"event_name":"Drug Dealer","floor":20,"gold_loss":0,"cards_obtained":["Darkness","Darkness"]}],"is_beta":false,"boss_relics":[{"not_picked":["FrozenCore","Pandora\u0027s Box"],"picked":"Eternal Feather"}],"items_purged_floors":[],"is_endless":false,"potions_floor_spawned":[2,7,16],"killed_by":"Snake Plant","ascension_level":20}