{"gold_per_floor":[114,114,129,17,167,197,197,231,284,284,311,311,330,363,363,363],"floor_reached":16,"playtime":698,"items_purged":[],"score":352,"play_id":"2d1ad35b-1d76-47c1-94c1-6688cecc126d","local_time":"20190428024253","is_ascension_mode":true,"campfire_choices":[{"data":"Finisher","floor":7,"key":"SMITH"},{"floor":10,"key":"REST"},{"floor":12,"key":"REST"},{"data":"Well Laid Plans","floor":15,"key":"SMITH"}],"neow_cost":"NONE","seed_source_timestamp":463251375690788,"circlet_count":0,"master_deck":["AscendersBane","Defend_G","Defend_G","Defend_G","Defend_G","Defend_G","Strike_G","Strike_G","Strike_G","Strike_G","Strike_G","Survivor","Neutralize+1","Slice","Finisher+1","Well Laid Plans+1","Backflip","Doubt","Blur","Dash+1","Dodge and Roll","Endless Agony+1","Finisher+1","Deflect","Slice+1"],"relics":["Ring of the Snake","NeowsBlessing","Dream Catcher","Molten Egg 2","Tiny Chest","Bird Faced Urn","Tingsha"],"potions_floor_usage":[8,11],"damage_taken":[{"damage":0,"enemies":"Jaw Worm","floor":1,"turns":1},{"damage":0,"enemies":"Cultist","floor":3,"turns":1},{"damage":0,"enemies":"Lagavulin","floor":6,"turns":1},{"damage":37,"enemies":"Gremlin Nob","floor":8,"turns":5},{"damage":29,"enemies":"Lagavulin","floor":11,"turns":11},{"damage":0,"enemies":"Small Slimes","floor":13,"turns":3},{"damage":0,"enemies":"Gremlin Nob","floor":14,"turns":3},{"damage":41,"enemies":"The Guardian","floor":16,"turns":13}],"seed_played":"-7092864975148414457","potions_obtained":[{"floor":1,"key":"GamblersBrew"},{"floor":8,"key":"SteroidPotion"}],"is_trial":false,"path_per_floor":["M","?","M","$","?","E","R","E","T","R","E","R","M","E","R","B"],"character_chosen":"THE_SILENT","items_purchased":["Well Laid Plans","Backflip"],"campfire_rested":2,"item_purchase_floors":[4,4],"current_hp_per_floor":[59,59,59,59,59,59,59,22,22,41,12,31,33,35,35,0],"gold":363,"neow_bonus":"THREE_ENEMY_KILL","is_prod":false,"is_daily":false,"chose_seed":false,"campfire_upgraded":2,"win_rate":0,"timestamp":1556433773,"path_taken":["M","?","M","?","?","E","R","E","T","R","E","R","M","E","R","BOSS"],"build_version":"2019-01-23","purchased_purges":0,"victory":false,"max_hp_per_floor":[66,66,66,66,66,66,66,66,66,66,66,66,66,66,66,66],"card_choices":[{"not_picked":["Terror","Deflect"],"picked":"Slice","floor":1},{"not_picked":["Masterful Stab","Deadly Poison"],"picked":"Finisher","floor":3},{"not_picked":["Prepared","Sucker Punch"],"picked":"Blur","floor":6},{"not_picked":["Tactician","Skewer"],"picked":"Dash","floor":8},{"not_picked":["Outmaneuver","Deflect"],"picked":"Dodge and Roll","floor":10},{"not_picked":["Tools of the Trade","Catalyst"],"picked":"Endless Agony+1","floor":11},{"not_picked":["Heel Hook+1","Accuracy"],"picked":"Finisher+1","floor":12},{"not_picked":["Acrobatics","Outmaneuver"],"picked":"Deflect","floor":13},{"not_picked":["Dagger Throw+1","Flying Knee+1"],"picked":"Slice+1","floor":14}],"player_experience":2023777,"relics_obtained":[{"floor":6,"key":"Dream Catcher"},{"floor":8,"key":"Molten Egg 2"},{"floor":9,"key":"Tiny Chest"},{"floor":11,"key":"Bird Faced Urn"},{"floor":14,"key":"Tingsha"}],"event_choices":[{"damage_healed":0,"gold_gain":0,"player_choice":"Upgraded","damage_taken":0,"max_hp_gain":0,"max_hp_loss":0,"event_name":"Upgrade Shrine","floor":2,"gold_loss":0,"cards_upgraded":["Neutralize"]},{"damage_healed":0,"gold_gain":150,"player_choice":"AGREE","damage_taken":0,"max_hp_gain":0,"max_hp_loss":0,"event_name":"Liars Game","floor":5,"gold_loss":0,"cards_obtained":["Doubt"]}],"is_beta":false,"boss_relics":[],"items_purged_floors":[],"is_endless":false,"potions_floor_spawned":[1,8],"killed_by":"The Guardian","ascension_level":20}