{"gold_per_floor":[111,111,111,123,142,171,171,189,189,4,4,4],"floor_reached":12,"playtime":605,"items_purged":["Strike_R"],"score":181,"play_id":"d8c0778a-8f96-4d0f-8256-60d39caca616","local_time":"20190317155302","is_ascension_mode":true,"campfire_choices":[{"floor":7,"key":"REST"}],"neow_cost":"NONE","seed_source_timestamp":51425826945417,"circlet_count":0,"master_deck":["AscendersBane","Strike_R","Strike_R","Strike_R","Defend_R","Defend_R","Defend_R","Bash","Iron Wave","Barricade","Flame Barrier","Reaper","Entrench"],"relics":["Burning Blood","Mango","Shuriken","Pantograph"],"potions_floor_usage":[12],"damage_taken":[{"damage":7,"enemies":"Cultist","floor":1,"turns":4},{"damage":14,"enemies":"2 Louse","floor":4,"turns":4},{"damage":16,"enemies":"Jaw Worm","floor":5,"turns":6},{"damage":50,"enemies":"3 Sentries","floor":6,"turns":15},{"damage":9,"enemies":"Blue Slaver","floor":8,"turns":9},{"damage":40,"enemies":"Lagavulin","floor":12,"turns":8}],"seed_played":"-8277149209697478724","potions_obtained":[{"floor":5,"key":"FairyPotion"}],"is_trial":false,"path_per_floor":["M","?","?","M","M","E","R","M","T","$","?","E"],"character_chosen":"IRONCLAD","items_purchased":["SteroidPotion","Explosive Potion"],"campfire_rested":1,"item_purchase_floors":[10,10],"current_hp_per_floor":[74,62,62,54,44,15,43,41,41,41,34,0],"gold":4,"neow_bonus":"TEN_PERCENT_HP_BONUS","is_prod":false,"is_daily":false,"chose_seed":false,"campfire_upgraded":0,"win_rate":0,"timestamp":1552852382,"path_taken":["M","?","?","M","M","E","R","?","T","$","?","E"],"build_version":"2019-01-23","purchased_purges":1,"victory":false,"max_hp_per_floor":[82,96,96,96,96,96,96,96,96,96,96,96],"card_choices":[{"not_picked":["Clash","Rampage"],"picked":"Iron Wave","floor":1},{"not_picked":["Heavy Blade","Fire Breathing"],"picked":"Flame Barrier","floor":4},{"not_picked":["Pummel","Iron Wave","Burning Pact"],"picked":"SKIP","floor":5},{"not_picked":["Anger","Iron Wave"],"picked":"Reaper","floor":6},{"not_picked":["Armaments","Flex"],"picked":"Entrench","floor":8}],"player_experience":1172610,"relics_obtained":[{"floor":6,"key":"Shuriken"},{"floor":9,"key":"Pantograph"}],"event_choices":[{"damage_healed":0,"gold_gain":0,"player_choice":"Success","damage_taken":26,"relics_obtained":["Mango"],"max_hp_gain":0,"max_hp_loss":0,"event_name":"Scrap Ooze","floor":2,"gold_loss":0},{"damage_healed":0,"gold_gain":0,"cards_transformed":["Strike_R"],"player_choice":"Transformed","damage_taken":0,"max_hp_gain":0,"max_hp_loss":0,"event_name":"Transmorgrifier","floor":3,"gold_loss":0,"cards_obtained":["Barricade"]},{"cards_removed":["Defend_R"],"damage_healed":0,"gold_gain":0,"player_choice":"Card Removal","damage_taken":7,"max_hp_gain":0,"max_hp_loss":0,"event_name":"Golden Wing","floor":11,"gold_loss":0}],"is_beta":false,"boss_relics":[],"items_purged_floors":[10],"is_endless":false,"potions_floor_spawned":[5],"killed_by":"Lagavulin","ascension_level":20}