{"gold_per_floor":[366,366,437,450,36,36,64,64,64,81,81,101,113,144,144,144],"floor_reached":16,"playtime":624,"items_purged":["Pain"],"score":171,"play_id":"ada06496-bc4b-440c-925a-1adc5906b379","local_time":"20190318020800","is_ascension_mode":true,"campfire_choices":[{"data":"Go for the Eyes","floor":6,"key":"SMITH"},{"data":"White Noise","floor":8,"key":"SMITH"},{"data":"Zap","floor":11,"key":"SMITH"},{"data":"Coolheaded","floor":15,"key":"SMITH"}],"neow_cost":"CURSE","seed_source_timestamp":88321884030683,"circlet_count":0,"master_deck":["AscendersBane","Strike_B","Strike_B","Strike_B","Strike_B","Defend_B","Defend_B","Defend_B","Defend_B","Zap+1","Dualcast","Go for the Eyes+1","Compile Driver","Capacitor","Beam Cell+1","White Noise+1","Compile Driver+1","Coolheaded+1","Cold Snap+1","Streamline+1"],"relics":["Cracked Core","Blue Candle","Molten Egg 2","Mercury Hourglass","Ornamental Fan","PreservedInsect"],"potions_floor_usage":[14],"damage_taken":[{"damage":4,"enemies":"Jaw Worm","floor":1,"turns":3},{"damage":1,"enemies":"Small Slimes","floor":4,"turns":2},{"damage":51,"enemies":"Gremlin Nob","floor":7,"turns":5},{"damage":0,"enemies":"Cultist","floor":10,"turns":2},{"damage":6,"enemies":"Exordium Thugs","floor":12,"turns":2},{"damage":1,"enemies":"Looter","floor":13,"turns":2},{"damage":6,"enemies":"3 Sentries","floor":14,"turns":5},{"damage":7,"enemies":"Slime Boss","floor":16,"turns":4}],"seed_played":"109635662601739282","potions_obtained":[{"floor":12,"key":"SteroidPotion"},{"floor":14,"key":"Ancient Potion"}],"is_trial":false,"path_per_floor":["M","?","T","M","$","R","E","R","T","M","R","M","M","E","R","B"],"character_chosen":"DEFECT","items_purchased":["Capacitor","Molten Egg 2","Beam Cell+1"],"campfire_rested":0,"item_purchase_floors":[5,5,5],"current_hp_per_floor":[64,69,69,68,68,68,17,17,17,17,17,11,10,4,4,0],"gold":144,"neow_bonus":"TWO_FIFTY_GOLD","is_prod":false,"is_daily":false,"chose_seed":false,"campfire_upgraded":4,"win_rate":0,"timestamp":1552889280,"path_taken":["M","?","?","M","$","R","E","R","T","M","R","M","M","E","R","BOSS"],"build_version":"2019-01-23","purchased_purges":1,"victory":false,"max_hp_per_floor":[75,80,80,80,80,80,80,80,80,80,80,80,80,80,80,80],"card_choices":[{"not_picked":["Reinforced Body","Rebound"],"picked":"Go for the Eyes","floor":1},{"not_picked":["Skim","Hologram"],"picked":"Compile Driver","floor":4},{"not_picked":["Skim","Amplify"],"picked":"White Noise","floor":7},{"not_picked":["Coolheaded","Reprogram"],"picked":"Compile Driver+1","floor":10},{"not_picked":["Sweeping Beam+1","Turbo"],"picked":"Coolheaded","floor":12},{"not_picked":["Go for the Eyes+1","Steam"],"picked":"Cold Snap+1","floor":13},{"not_picked":["Seek","Compile Driver+1"],"picked":"Streamline+1","floor":14}],"player_experience":1202777,"relics_obtained":[{"floor":3,"key":"Blue Candle"},{"floor":7,"key":"Mercury Hourglass"},{"floor":9,"key":"Ornamental Fan"},{"floor":14,"key":"PreservedInsect"}],"event_choices":[{"damage_healed":0,"gold_gain":0,"player_choice":"Donut","damage_taken":0,"max_hp_gain":5,"max_hp_loss":0,"event_name":"Big Fish","floor":2,"gold_loss":0}],"is_beta":false,"boss_relics":[],"items_purged_floors":[5],"is_endless":false,"potions_floor_spawned":[12,14],"killed_by":"Slime Boss","ascension_level":11}