{"gold_per_floor":[116,135,148,159,159,159,186,186,236,264,351,363,403,432,444,559,571,595,532,561,573,585,630,692,737,749,772,784,796,837,862,874,886],"floor_reached":33,"playtime":1727,"items_purged":[],"score":501,"play_id":"fb480d9c-e108-461f-b86c-278bae187eea","local_time":"20190315023447","is_ascension_mode":true,"campfire_choices":[{"data":"Consume","floor":6,"key":"SMITH"},{"data":"Zap","floor":8,"key":"SMITH"},{"data":"Beam Cell","floor":12,"key":"SMITH"},{"data":"Hologram","floor":15,"key":"SMITH"},{"floor":28,"key":"REST"},{"data":"Ball Lightning","floor":32,"key":"SMITH"}],"neow_cost":"NONE","seed_source_timestamp":140695818850753,"circlet_count":0,"master_deck":["Strike_B","Strike_B","Strike_B","Defend_B","Defend_B","Defend_B","Defend_B","Zap+1","Dualcast","Glacier","Beam Cell+1","Undo","Consume+1","Ball Lightning+1","Conserve Battery","Hologram+1","Compile Driver","All For One","Undo","Consume+1","Capacitor","Barrage+1","Clumsy","Steam+1","Injury","Lockon+1","Ghostly","Ghostly","Ghostly","Ghostly","Ghostly","Cold Snap","Auto Shields"],"relics":["Cracked Core","Bronze Scales","Gremlin Horn","Lantern","MawBank","PreservedInsect","Cursed Key","Ice Cream","Ancient Tea Set","Turnip","Mercury Hourglass","Bag of Marbles"],"potions_floor_usage":[4,7,13,23,33],"damage_taken":[{"damage":0,"enemies":"Small Slimes","floor":1,"turns":3},{"damage":2,"enemies":"2 Louse","floor":2,"turns":3},{"damage":2,"enemies":"Jaw Worm","floor":3,"turns":3},{"damage":0,"enemies":"Looter","floor":4,"turns":2},{"damage":18,"enemies":"Lagavulin","floor":7,"turns":9},{"damage":1,"enemies":"Exordium Wildlife","floor":10,"turns":2},{"damage":14,"enemies":"3 Sentries","floor":13,"turns":5},{"damage":6,"enemies":"Blue Slaver","floor":14,"turns":3},{"damage":1,"enemies":"Hexaghost","floor":16,"turns":8},{"damage":1,"enemies":"Spheric Guardian","floor":18,"turns":3},{"damage":0,"enemies":"3 Byrds","floor":20,"turns":2},{"damage":28,"enemies":"Slavers","floor":23,"turns":4},{"damage":23,"enemies":"Book of Stabbing","floor":25,"turns":4},{"damage":0,"enemies":"Snecko","floor":27,"turns":4},{"damage":0,"enemies":"Slavers","floor":30,"turns":5},{"damage":0,"enemies":"Cultist and Chosen","floor":31,"turns":4},{"damage":30,"enemies":"Champ","floor":33,"turns":7}],"seed_played":"9129606054257727794","potions_obtained":[{"floor":1,"key":"SkillPotion"},{"floor":2,"key":"Fire Potion"},{"floor":3,"key":"Strength Potion"},{"floor":18,"key":"GamblersBrew"},{"floor":25,"key":"SpeedPotion"},{"floor":27,"key":"LiquidBronze"}],"is_trial":false,"path_per_floor":["M","M","M","M","?","R","E","R","T","M","?","R","E","M","R","B",null,"M","?","M","?","$","E","T","E","T","M","R","?","E","M","R","B"],"character_chosen":"DEFECT","items_purchased":[],"campfire_rested":1,"item_purchase_floors":[],"current_hp_per_floor":[68,66,64,64,61,61,43,43,43,42,31,31,17,11,11,10,59,58,58,58,58,58,30,30,7,7,7,29,29,29,29,29,0],"gold":886,"neow_bonus":"RANDOM_COMMON_RELIC","is_prod":false,"is_daily":false,"chose_seed":false,"campfire_upgraded":5,"win_rate":0,"timestamp":1552631687,"path_taken":["M","M","M","M","?","R","E","R","T","M","?","R","E","M","R","BOSS","M","?","M","?","?","E","?","E","T","M","R","?","E","M","R","BOSS"],"build_version":"2019-01-23","purchased_purges":0,"victory":false,"max_hp_per_floor":[75,75,75,75,75,75,75,75,75,75,75,75,75,75,75,75,75,75,75,75,75,75,75,75,75,75,75,75,37,37,37,37,37],"card_choices":[{"not_picked":["Chaos","Coolheaded"],"picked":"Glacier","floor":1},{"not_picked":["Turbo","Redo"],"picked":"Beam Cell","floor":2},{"not_picked":["Redo","Conserve Battery"],"picked":"Undo","floor":3},{"not_picked":["Hologram","Compile Driver"],"picked":"Consume","floor":4},{"not_picked":["Static Discharge","Gash"],"picked":"Ball Lightning","floor":7},{"not_picked":["Rebound","Redo"],"picked":"Conserve Battery","floor":10},{"not_picked":["White Noise","Glacier"],"picked":"Hologram","floor":13},{"not_picked":["Static Discharge","Gash"],"picked":"Compile Driver","floor":14},{"not_picked":["Multi-Cast","Biased Cognition"],"picked":"All For One","floor":16},{"not_picked":["Turbo+1","Genetic Algorithm"],"picked":"Undo","floor":18},{"not_picked":["Coolheaded","Steam+1"],"picked":"Consume+1","floor":20},{"not_picked":["Beam Cell","Sunder"],"picked":"Barrage+1","floor":23},{"not_picked":["Scrape","Rip and Tear+1"],"picked":"Steam+1","floor":25},{"not_picked":["Hologram+1","Scrape"],"picked":"Lockon+1","floor":27},{"not_picked":["Chaos","Biased Cognition"],"picked":"Cold Snap","floor":30},{"not_picked":["Gash","Rip and Tear"],"picked":"Auto Shields","floor":31}],"player_experience":1127470,"relics_obtained":[{"floor":7,"key":"Lantern"},{"floor":9,"key":"MawBank"},{"floor":13,"key":"PreservedInsect"},{"floor":23,"key":"Ice Cream"},{"floor":24,"key":"Ancient Tea Set"},{"floor":25,"key":"Turnip"},{"floor":26,"key":"Mercury Hourglass"},{"floor":30,"key":"Bag of Marbles"}],"event_choices":[{"damage_healed":0,"gold_gain":0,"player_choice":"Success","damage_taken":3,"relics_obtained":["Gremlin Horn"],"max_hp_gain":0,"max_hp_loss":0,"event_name":"Scrap Ooze","floor":5,"gold_loss":0},{"damage_healed":0,"gold_gain":75,"player_choice":"Gather Gold","damage_taken":11,"max_hp_gain":0,"max_hp_loss":0,"event_name":"World of Goop","floor":11,"gold_loss":0},{"cards_removed":["Strike_B"],"damage_healed":0,"gold_gain":0,"player_choice":"Gave Gold","damage_taken":0,"max_hp_gain":0,"max_hp_loss":0,"event_name":"Beggar","floor":19,"gold_loss":75},{"damage_healed":0,"gold_gain":0,"player_choice":"Read","damage_taken":0,"max_hp_gain":0,"max_hp_loss":0,"event_name":"The Library","floor":21,"gold_loss":0,"cards_obtained":["Capacitor"]},{"damage_healed":0,"gold_gain":0,"player_choice":"Became a Ghost","damage_taken":0,"max_hp_gain":0,"max_hp_loss":38,"event_name":"Ghosts","floor":29,"gold_loss":0,"cards_obtained":["Ghostly","Ghostly","Ghostly","Ghostly","Ghostly"]}],"is_beta":false,"boss_relics":[{"not_picked":["Calling Bell","Eternal Feather"],"picked":"Cursed Key"}],"items_purged_floors":[],"is_endless":false,"potions_floor_spawned":[1,2,3,18,25,27],"killed_by":"Champ","ascension_level":8}