{"path_per_floor":["M","?","M","M","?","M","E","M","T","R","$","R","$","E","R","B",null,"M","M","T","?","?","R","E"],"character_chosen":"IRONCLAD","items_purchased":["Toxic Egg 2"],"gold_per_floor":[119,119,133,147,147,163,189,201,273,273,25,25,25,51,51,152,152,171,182,257,257,257,257,292],"floor_reached":25,"campfire_rested":0,"playtime":1726,"current_hp_per_floor":[78,83,82,82,75,66,53,48,48,48,48,48,48,31,31,6,85,72,61,61,61,61,61,49],"items_purged":[],"gold":292,"score":288,"play_id":"1d26ff02-1c69-41cd-8343-73ecd993c098","is_prod":false,"is_daily":false,"is_ascension_mode":true,"campfire_upgraded":4,"path_taken":["M","?","M","?","?","M","E","M","T","R","?","R","$","E","R","BOSS","M","M","?","?","?","R","E","M"],"build_version":"2018-02-08-PROD1","purchased_purges":1,"victory":false,"master_deck":["Strike_R","Strike_R","Defend_R","Defend_R","Defend_R","Defend_R","Bash","Ghostly Armor+1","Thunderclap+1","Seeing Red","Fiend Fire+1","Exhume","Reckless Charge","Decay","Feed+1","Demon Form+1","Dual Wield+1","Sentinel+1","Decay","Headbutt","Heavy Blade+1"],"max_hp_per_floor":[80,85,85,85,85,85,85,85,85,85,85,85,85,85,85,85,85,85,85,85,85,85,85,103],"relics":["Cursed Key","Regal Pillow","Frozen Egg 2","Toxic Egg 2","Ancient Tea Set","Question Card","Tiny Chest","Mango"],"card_choices":[{"not_picked":["Pommel Strike","Thunderclap"],"picked":"Ghostly Armor"},{"not_picked":["Warcry","Havoc"],"picked":"Thunderclap"},{"not_picked":["Corruption","Flex"],"picked":"Seeing Red"},{"not_picked":["Clash","Flex"],"picked":"Fiend Fire"},{"not_picked":["Clash","Flex"],"picked":"Exhume"},{"not_picked":["Ghostly Armor","Havoc"],"picked":"Reckless Charge"},{"not_picked":["Headbutt","Clash"],"picked":"Feed"},{"not_picked":["Feed","Double Tap"],"picked":"Demon Form"},{"not_picked":["Flame Barrier","Anger","Battle Trance"],"picked":"Dual Wield"},{"not_picked":["Sword Boomerang","Clash","Pommel Strike"],"picked":"Sentinel"},{"not_picked":["Dropkick","Blood for Blood","Searing Blow"],"picked":"Heavy Blade"}],"player_experience":210773,"potions_floor_usage":[7,7,16,16,24,25,25],"damage_taken":[{"damage":2,"enemies":"Jaw Worm","floor":1,"turns":3},{"damage":1,"enemies":"Cultist","floor":3,"turns":4},{"damage":0,"enemies":"Small Slimes","floor":4,"turns":3},{"damage":9,"enemies":"Red Slaver","floor":6,"turns":2},{"damage":13,"enemies":"3 Sentries","floor":7,"turns":5},{"damage":5,"enemies":"3 Louse","floor":8,"turns":3},{"damage":17,"enemies":"Lagavulin","floor":14,"turns":7},{"damage":25,"enemies":"Hexaghost","floor":16,"turns":9},{"damage":13,"enemies":"Shell Parasite","floor":18,"turns":4},{"damage":11,"enemies":"Spheric Guardian","floor":19,"turns":3},{"damage":30,"enemies":"Gremlin Leader","floor":24,"turns":4},{"damage":54,"enemies":"Cultist and Chosen","floor":25,"turns":6}],"event_choices":[{"event_name":"Big Fish","player_choice":"Donut","floor":2,"damage_taken":0},{"event_name":"Golden Wing","player_choice":"Card Removal","floor":5,"damage_taken":0},{"event_name":"Transmorgrifier","player_choice":"Transform","floor":21,"damage_taken":0},{"event_name":"Back to Basics","player_choice":"Elegance","floor":22,"damage_taken":0}],"boss_relics":[{"not_picked":["Astrolabe","Snecko Eye"],"picked":"Question Card"}],"potions_floor_spawned":[3,4,6,14,16,18,19],"seed_played":"-2523886615116398937","killed_by":"Cultist and Chosen","ascension_level":3,"is_trial":false}