{"gold_per_floor":[116,130,405,236,246,273,273,306,306,323,323],"floor_reached":11,"playtime":632,"items_purged":["Regret"],"score":205,"play_id":"9eac508b-1f08-48c8-90f9-86b3e1370d2b","local_time":"20190313222841","is_ascension_mode":true,"campfire_choices":[{"data":"Armaments","floor":7,"key":"SMITH"}],"neow_cost":"NONE","seed_source_timestamp":40595623217951,"circlet_count":0,"master_deck":["AscendersBane","Strike_R","Strike_R","Strike_R","Strike_R","Strike_R","Defend_R","Defend_R","Defend_R","Defend_R","Bash","Barricade","Body Slam","Armaments+1","Hemokinesis","Shrug It Off","Flame Barrier","Body Slam"],"relics":["Burning Blood","Shuriken","PreservedInsect","Frozen Egg 2"],"potions_floor_usage":[6,11],"damage_taken":[{"damage":11,"enemies":"2 Louse","floor":1,"turns":2},{"damage":12,"enemies":"Cultist","floor":2,"turns":4},{"damage":12,"enemies":"Jaw Worm","floor":5,"turns":3},{"damage":3,"enemies":"Lagavulin","floor":6,"turns":9},{"damage":44,"enemies":"3 Sentries","floor":8,"turns":14},{"damage":9,"enemies":"3 Louse","floor":10,"turns":4},{"damage":13,"enemies":"Large Slime","floor":11,"turns":6}],"seed_played":"-7316832249959081371","potions_obtained":[{"floor":2,"key":"SkillPotion"},{"floor":10,"key":"SkillPotion"}],"is_trial":false,"path_per_floor":["M","M","?","$","M","E","R","E","T","M","M"],"character_chosen":"IRONCLAD","items_purchased":["Hemokinesis","Shrug It Off"],"campfire_rested":0,"item_purchase_floors":[4,4],"current_hp_per_floor":[63,57,57,57,51,54,54,16,16,13,0],"gold":323,"neow_bonus":"ONE_RANDOM_RARE_CARD","is_prod":false,"is_daily":false,"chose_seed":false,"campfire_upgraded":1,"win_rate":0,"timestamp":1552530521,"path_taken":["M","M","?","$","?","E","R","E","T","M","M"],"build_version":"2019-01-23","purchased_purges":1,"victory":false,"max_hp_per_floor":[75,75,75,75,75,75,75,75,75,75,75],"card_choices":[{"not_picked":["Dual Wield","Searing Blow"],"picked":"Body Slam","floor":1},{"not_picked":["Headbutt","Perfected Strike"],"picked":"Armaments","floor":2},{"not_picked":["Bloodletting","Rage"],"picked":"Flame Barrier","floor":5},{"not_picked":["Dark Embrace","Dropkick"],"picked":"Body Slam","floor":6},{"not_picked":["Twin Strike","Reaper","Anger"],"picked":"SKIP","floor":8},{"not_picked":["Perfected Strike","Anger","Shockwave"],"picked":"SKIP","floor":10}],"player_experience":1100832,"relics_obtained":[{"floor":6,"key":"Shuriken"},{"floor":8,"key":"PreservedInsect"},{"floor":9,"key":"Frozen Egg 2"}],"event_choices":[{"damage_healed":0,"gold_gain":275,"player_choice":"Desecrate","damage_taken":0,"max_hp_gain":0,"max_hp_loss":0,"event_name":"Golden Shrine","floor":3,"gold_loss":0,"cards_obtained":["Regret"]}],"is_beta":false,"boss_relics":[],"items_purged_floors":[4],"is_endless":false,"potions_floor_spawned":[2,10],"killed_by":"Large Slime","ascension_level":18}