{"gold_per_floor":[219,239,257,31,31,31,64,64,89,100,100,20,20,31,31,107,107,119,136,186],"floor_reached":20,"playtime":973,"items_purged":[],"score":348,"play_id":"9f83d001-2d68-4bce-9e6f-c0b12abd4a7f","local_time":"20190509001645","is_ascension_mode":true,"campfire_choices":[{"data":"Bash","floor":6,"key":"SMITH"},{"data":"Immolate","floor":8,"key":"SMITH"},{"data":"Wild Strike","floor":11,"key":"SMITH"},{"data":"Inflame","floor":15,"key":"SMITH"}],"neow_cost":"NONE","seed_source_timestamp":1404715442010888,"circlet_count":0,"master_deck":["AscendersBane","Strike_R","Strike_R","Strike_R","Strike_R","Strike_R","Defend_R","Defend_R","Defend_R","Defend_R","Bash+1","Power Through","Wild Strike+1","Evolve","Immolate+1","Feel No Pain","Inflame+1","Limit Break","Second Wind"],"relics":["Burning Blood","MealTicket","Orichalcum","Oddly Smooth Stone","SsserpentHead","Black Star"],"potions_floor_usage":[7,16,19,20,20],"damage_taken":[{"damage":8,"enemies":"Small Slimes","floor":1,"turns":6},{"damage":7,"enemies":"Cultist","floor":2,"turns":4},{"damage":0,"enemies":"2 Louse","floor":3,"turns":2},{"damage":53,"enemies":"Lagavulin","floor":7,"turns":10},{"damage":0,"enemies":"Lots of Slimes","floor":10,"turns":1},{"damage":0,"enemies":"3 Louse","floor":14,"turns":2},{"damage":32,"enemies":"Slime Boss","floor":16,"turns":7},{"damage":6,"enemies":"Chosen","floor":18,"turns":5},{"damage":56,"enemies":"3 Byrds","floor":19,"turns":8},{"damage":22,"enemies":"Snake Plant","floor":20,"turns":3}],"seed_played":"1093292999001267082","potions_obtained":[{"floor":2,"key":"Ancient Potion"},{"floor":3,"key":"EssenceOfSteel"},{"floor":7,"key":"GamblersBrew"},{"floor":14,"key":"Block Potion"},{"floor":18,"key":"SpeedPotion"},{"floor":19,"key":"AttackPotion"}],"is_trial":false,"path_per_floor":["M","M","M","$","?","R","E","R","T","M","R","$","?","M","R","B",null,"M","M","M"],"character_chosen":"IRONCLAD","items_purchased":["MealTicket","Inflame"],"campfire_rested":0,"item_purchase_floors":[4,12],"current_hp_per_floor":[66,65,71,71,76,76,29,29,29,35,35,50,50,56,56,30,68,68,18,0],"gold":186,"neow_bonus":"HUNDRED_GOLD","is_prod":false,"is_daily":false,"chose_seed":false,"campfire_upgraded":4,"win_rate":0,"timestamp":1557375405,"path_taken":["M","M","M","$","?","R","E","R","T","M","R","$","?","M","R","BOSS","M","M","?"],"build_version":"2019-01-23","purchased_purges":0,"victory":false,"max_hp_per_floor":[75,75,75,75,80,80,80,80,80,80,80,80,80,80,80,80,80,80,80,80],"card_choices":[{"not_picked":["Thunderclap","Headbutt"],"picked":"Power Through","floor":1},{"not_picked":["Rage","Thunderclap"],"picked":"Wild Strike","floor":2},{"not_picked":["Entrench","Twin Strike"],"picked":"Evolve","floor":3},{"not_picked":["Corruption","Dual Wield"],"picked":"Immolate","floor":7},{"not_picked":["Heavy Blade","Wild Strike"],"picked":"Feel No Pain","floor":10},{"not_picked":["Body Slam","Headbutt","Warcry"],"picked":"SKIP","floor":14},{"not_picked":["Feed","Reaper"],"picked":"Limit Break","floor":16},{"not_picked":["Anger","Havoc","Clash"],"picked":"SKIP","floor":18},{"not_picked":["Second Wind","Rupture","Rage"],"picked":"SKIP","floor":19},{"not_picked":["Rupture","Rage"],"picked":"Second Wind","floor":19}],"player_experience":2492024,"relics_obtained":[{"floor":7,"key":"Orichalcum"},{"floor":9,"key":"Oddly Smooth Stone"}],"event_choices":[{"damage_healed":0,"gold_gain":0,"player_choice":"Donut","damage_taken":0,"max_hp_gain":5,"max_hp_loss":0,"event_name":"Big Fish","floor":5,"gold_loss":0},{"damage_healed":0,"gold_gain":0,"player_choice":"Trade","damage_taken":0,"relics_obtained":["SsserpentHead"],"max_hp_gain":0,"max_hp_loss":0,"event_name":"FaceTrader","floor":13,"gold_loss":0}],"is_beta":false,"boss_relics":[{"not_picked":["Tiny House","White Beast Statue"],"picked":"Black Star"}],"items_purged_floors":[],"is_endless":false,"potions_floor_spawned":[2,3,7,14,18,19],"killed_by":"Snake Plant","ascension_level":20}