{"gold_per_floor":[20,20,20,32,51,51,78,88,88,88,13,13,39,39,39,111,111,124,124,124,49,65,65,65],"floor_reached":24,"playtime":815,"items_purged":["Strike_G"],"score":404,"play_id":"fa8af95d-4f2e-4e4a-ac12-b1409d15b84d","local_time":"20190217170148","is_ascension_mode":true,"campfire_choices":[{"data":"Glass Knife","floor":6,"key":"SMITH"},{"data":"Footwork","floor":12,"key":"SMITH"},{"data":"Footwork","floor":15,"key":"SMITH"},{"data":"Cloak And Dagger","floor":23,"key":"SMITH"}],"neow_cost":"NO_GOLD","seed_source_timestamp":195661083579875,"circlet_count":0,"master_deck":["AscendersBane","Defend_G+1","Defend_G","Defend_G","Defend_G","Defend_G","Strike_G","Strike_G","Strike_G","Survivor","Neutralize+1","Glass Knife+1","Dagger Spray","Footwork+1","Poisoned Stab","Footwork+1","Cloak And Dagger+1","After Image","Quick Slash+1","Infinite Blades"],"relics":["Ring of the Snake","Gremlin Horn","Question Card","Mummified Hand","Runic Dome"],"potions_floor_usage":[7,16,24],"damage_taken":[{"damage":2,"enemies":"Jaw Worm","floor":1,"turns":5},{"damage":0,"enemies":"Small Slimes","floor":4,"turns":3},{"damage":0,"enemies":"2 Louse","floor":5,"turns":2},{"damage":8,"enemies":"Gremlin Nob","floor":7,"turns":3},{"damage":9,"enemies":"Large Slime","floor":8,"turns":8},{"damage":20,"enemies":"3 Sentries","floor":13,"turns":8},{"damage":15,"enemies":"The Guardian","floor":16,"turns":17},{"damage":17,"enemies":"Chosen","floor":18,"turns":8},{"damage":0,"enemies":"Shell Parasite","floor":22,"turns":6},{"damage":51,"enemies":"Gremlin Leader","floor":24,"turns":6}],"seed_played":"6384253208606399536","potions_obtained":[{"floor":5,"key":"FearPotion"},{"floor":7,"key":"GhostInAJar"},{"floor":22,"key":"SkillPotion"}],"is_trial":false,"path_per_floor":["M","$","?","M","M","R","E","M","T","?","?","R","E","$","R","B",null,"M","?","?","$","M","R","E"],"character_chosen":"THE_SILENT","items_purchased":[],"campfire_rested":0,"item_purchase_floors":[],"current_hp_per_floor":[57,57,37,37,37,37,29,20,20,42,42,42,22,22,22,7,51,34,47,47,47,47,47,0],"gold":65,"neow_bonus":"THREE_RARE_CARDS","is_prod":false,"is_daily":false,"chose_seed":false,"campfire_upgraded":4,"win_rate":0,"timestamp":1550448108,"path_taken":["M","$","?","M","M","R","E","M","T","?","?","R","E","$","R","BOSS","M","?","?","$","M","R","E"],"build_version":"2019-02-06","purchased_purges":1,"victory":false,"max_hp_per_floor":[66,66,66,66,66,66,66,66,66,66,66,66,66,66,66,66,66,66,66,66,66,66,66,66],"card_choices":[{"not_picked":["Malaise","A Thousand Cuts"],"picked":"Glass Knife","floor":0},{"not_picked":["Catalyst","Acrobatics"],"picked":"Dagger Spray","floor":1},{"not_picked":["Outmaneuver","Quick Slash"],"picked":"Footwork","floor":4},{"not_picked":["Backflip","Eviscerate"],"picked":"Poisoned Stab","floor":5},{"not_picked":["Bouncing Flask","Bane","Grand Finale"],"picked":"SKIP","floor":7},{"not_picked":["Dodge and Roll","Blade Dance"],"picked":"Footwork","floor":8},{"not_picked":["Sucker Punch","Grand Finale","Deflect"],"picked":"Cloak And Dagger","floor":13},{"not_picked":["A Thousand Cuts","Venomology","Night Terror"],"picked":"After Image","floor":16},{"not_picked":["Bouncing Flask","Dagger Throw","Poisoned Stab"],"picked":"Quick Slash+1","floor":18},{"not_picked":["Riddle With Holes","Quick Slash","Slice"],"picked":"Infinite Blades","floor":22}],"player_experience":1107733,"relics_obtained":[{"floor":7,"key":"Gremlin Horn"},{"floor":9,"key":"Question Card"},{"floor":13,"key":"Mummified Hand"}],"event_choices":[{"damage_healed":0,"gold_gain":0,"player_choice":"Entered Light","damage_taken":20,"max_hp_gain":0,"max_hp_loss":0,"event_name":"Shining Light","floor":3,"gold_loss":0,"cards_upgraded":["Defend_G","Neutralize"]},{"damage_healed":22,"gold_gain":0,"player_choice":"Banana","damage_taken":0,"max_hp_gain":0,"max_hp_loss":0,"event_name":"Big Fish","floor":10,"gold_loss":0},{"cards_removed":["Strike_G"],"damage_healed":0,"gold_gain":0,"player_choice":"Card Removal","damage_taken":0,"max_hp_gain":0,"max_hp_loss":0,"event_name":"The Cleric","floor":11,"gold_loss":75},{"damage_healed":13,"gold_gain":0,"player_choice":"Heal","damage_taken":0,"max_hp_gain":0,"max_hp_loss":0,"event_name":"The Library","floor":19,"gold_loss":0},{"damage_healed":0,"gold_gain":0,"player_choice":"Ignored","damage_taken":0,"max_hp_gain":0,"max_hp_loss":0,"event_name":"The Mausoleum","floor":20,"gold_loss":0}],"is_beta":true,"boss_relics":[{"not_picked":["Pandora\u0027s Box","WristBlade"],"picked":"Runic Dome"}],"items_purged_floors":[21],"is_endless":false,"potions_floor_spawned":[5,7,22],"killed_by":"Gremlin Leader","ascension_level":20}