{"gold_per_floor":[110,130,130,46,62,62,89,89,114,128,178,178],"floor_reached":12,"playtime":160,"items_purged":[],"score":156,"play_id":"2cb5c32e-5cf3-49dc-aeb0-15b2c52b2212","local_time":"20190208193640","is_ascension_mode":true,"campfire_choices":[{"data":"Sunder","floor":6,"key":"SMITH"},{"data":"Self Repair","floor":8,"key":"SMITH"}],"neow_cost":"NONE","seed_source_timestamp":461608259700454,"circlet_count":0,"master_deck":["AscendersBane","Strike_B","Strike_B","Strike_B","Defend_B","Defend_B","Defend_B","Defend_B","Zap","Dualcast","Reinforced Body","Gash","Sunder+1","White Noise","Self Repair+1","Hologram"],"relics":["Cracked Core","NeowsBlessing","Smiling Mask","Happy Flower"],"potions_floor_usage":[12],"damage_taken":[{"damage":0,"enemies":"Jaw Worm","floor":1,"turns":1},{"damage":0,"enemies":"2 Louse","floor":2,"turns":1},{"damage":0,"enemies":"Cultist","floor":5,"turns":1},{"damage":47,"enemies":"Gremlin Nob","floor":7,"turns":4},{"damage":8,"enemies":"Large Slime","floor":10,"turns":4},{"damage":20,"enemies":"3 Sentries","floor":12,"turns":5}],"seed_played":"-3083815836184405704","potions_obtained":[{"floor":10,"key":"FocusPotion"}],"is_trial":false,"path_per_floor":["M","M","?","$","M","R","E","R","T","M","?","E"],"character_chosen":"DEFECT","items_purchased":["Sunder"],"campfire_rested":0,"item_purchase_floors":[4],"current_hp_per_floor":[64,64,64,64,64,64,17,17,17,19,19,0],"gold":178,"neow_bonus":"THREE_ENEMY_KILL","is_prod":false,"is_daily":false,"chose_seed":false,"campfire_upgraded":2,"win_rate":0,"timestamp":1549679800,"path_taken":["M","M","?","$","M","R","E","R","T","M","?","E"],"build_version":"2019-02-06","purchased_purges":0,"victory":false,"max_hp_per_floor":[71,71,71,71,71,71,71,71,71,71,71,71],"card_choices":[{"not_picked":["Streamline","Steam"],"picked":"Reinforced Body","floor":1},{"not_picked":["Turbo","Stack"],"picked":"Gash","floor":2},{"not_picked":["Hologram","Meteor Strike"],"picked":"White Noise","floor":5},{"not_picked":["Stack","Skim"],"picked":"Self Repair","floor":7},{"not_picked":["Go for the Eyes","Sunder"],"picked":"Hologram","floor":10}],"player_experience":1078537,"relics_obtained":[{"floor":7,"key":"Smiling Mask"},{"floor":9,"key":"Happy Flower"}],"event_choices":[{"cards_removed":["Strike_B"],"damage_healed":0,"gold_gain":0,"player_choice":"Forget","damage_taken":0,"max_hp_gain":0,"max_hp_loss":0,"event_name":"Living Wall","floor":3,"gold_loss":0},{"damage_healed":0,"gold_gain":50,"player_choice":"Pray","damage_taken":0,"max_hp_gain":0,"max_hp_loss":0,"event_name":"Golden Shrine","floor":11,"gold_loss":0}],"is_beta":true,"boss_relics":[],"items_purged_floors":[],"is_endless":false,"potions_floor_spawned":[10],"killed_by":"3 Sentries","ascension_level":20}