{"gold_per_floor":[110,34,52,52,62,62,97,97,121,136,147,197,216,216],"floor_reached":14,"playtime":593,"items_purged":[],"score":184,"play_id":"0e2a8f3f-89ce-45af-992b-e1fe8a76a129","local_time":"20190510180822","is_ascension_mode":true,"campfire_choices":[{"data":"Beam Cell","floor":6,"key":"SMITH"}],"neow_cost":"NONE","seed_source_timestamp":29629914942589,"circlet_count":0,"master_deck":["AscendersBane","Strike_B","Strike_B","Defend_B","Defend_B","Defend_B","Defend_B","Zap","Dualcast","Rebound","Core Surge","Beam Cell+1","Ball Lightning","Skim","Coolheaded","Cold Snap","Streamline"],"relics":["Empty Cage","Bag of Preparation","Omamori"],"potions_floor_usage":[7],"damage_taken":[{"damage":7,"enemies":"Cultist","floor":1,"turns":4},{"damage":14,"enemies":"Jaw Worm","floor":3,"turns":4},{"damage":5,"enemies":"Small Slimes","floor":5,"turns":4},{"damage":8,"enemies":"Gremlin Nob","floor":7,"turns":3},{"damage":4,"enemies":"Red Slaver","floor":10,"turns":2},{"damage":4,"enemies":"2 Fungi Beasts","floor":11,"turns":3},{"damage":8,"enemies":"Exordium Wildlife","floor":13,"turns":5},{"damage":16,"enemies":"Exordium Thugs","floor":14,"turns":3}],"seed_played":"-8164116384440914078","potions_obtained":[{"floor":3,"key":"SteroidPotion"},{"floor":7,"key":"Dexterity Potion"}],"is_trial":false,"path_per_floor":["M","$","M","$","M","R","E","?","T","M","M","?","M","M"],"character_chosen":"DEFECT","items_purchased":["Core Surge"],"campfire_rested":0,"item_purchase_floors":[2],"current_hp_per_floor":[57,57,43,43,38,38,30,30,30,26,22,22,14,0],"gold":216,"neow_bonus":"BOSS_RELIC","is_prod":false,"is_daily":false,"chose_seed":false,"campfire_upgraded":1,"win_rate":0,"timestamp":1557504502,"path_taken":["M","$","M","?","M","R","E","?","T","M","M","?","M","M"],"build_version":"2019-01-23","purchased_purges":0,"victory":false,"max_hp_per_floor":[71,71,71,71,71,71,71,71,71,71,71,71,71,71],"card_choices":[{"not_picked":["Compile Driver","Redo"],"picked":"Rebound","floor":1},{"not_picked":["Rebound","Double Energy"],"picked":"Beam Cell","floor":3},{"not_picked":["Storm","BootSequence"],"picked":"Ball Lightning","floor":5},{"not_picked":["Hologram","Force Field"],"picked":"Skim","floor":7},{"not_picked":["Barrage","Melter"],"picked":"Coolheaded","floor":10},{"not_picked":["Redo","Compile Driver"],"picked":"Cold Snap","floor":11},{"not_picked":["Aggregate","Hello World"],"picked":"Streamline","floor":13}],"player_experience":352468,"relics_obtained":[{"floor":7,"key":"Bag of Preparation"},{"floor":9,"key":"Omamori"}],"event_choices":[{"damage_healed":0,"gold_gain":0,"player_choice":"Ignored","damage_taken":0,"max_hp_gain":0,"max_hp_loss":0,"event_name":"Shining Light","floor":8,"gold_loss":0},{"damage_healed":0,"gold_gain":50,"player_choice":"Pray","damage_taken":0,"max_hp_gain":0,"max_hp_loss":0,"event_name":"Golden Shrine","floor":12,"gold_loss":0}],"is_beta":false,"boss_relics":[],"items_purged_floors":[],"is_endless":false,"potions_floor_spawned":[3,7],"killed_by":"Exordium Thugs","ascension_level":20}