{"path_per_floor":["M","?","M","?","$","R","M","R","T","E","T","?","M","E","R","B",null,"M","?","?","?","M","R","E","R","T","$","M","E","R","M","R","B",null,"M","?","?","M","?","R","M","R","T","?","M","M","?","$","R","B"],"character_chosen":"IRONCLAD","items_purchased":["Cleave","Perfected Strike","Orichalcum","Fire Breathing","Bag of Preparation","Disarm","Explosive Potion"],"gold_per_floor":[10,10,24,24,0,0,15,15,15,43,43,43,66,99,99,219,219,242,167,167,167,192,192,226,226,252,14,32,72,72,95,95,219,219,244,244,244,258,258,258,276,276,302,302,325,344,344,28,28,28],"floor_reached":51,"campfire_rested":2,"playtime":1730,"current_hp_per_floor":[64,46,53,53,53,53,58,58,58,54,68,68,59,73,73,13,69,66,66,50,50,46,46,34,34,34,34,38,32,32,48,87,70,83,75,75,64,66,66,66,51,51,51,51,40,42,42,42,83,17],"items_purged":["Defend_R"],"gold":28,"score":1030,"play_id":"652d4e2b-3959-4ea9-93f0-4929d5b09732","local_time":"20180315010451","is_prod":false,"is_daily":false,"is_ascension_mode":true,"campfire_upgraded":8,"timestamp":1521090291,"path_taken":["M","?","?","?","?","R","M","R","T","E","?","?","?","E","R","BOSS","M","?","?","?","?","R","E","R","T","$","M","E","R","M","R","BOSS","M","?","?","M","?","R","?","R","T","?","M","M","?","$","R","BOSS"],"build_version":"2018-03-09","purchased_purges":3,"victory":true,"master_deck":["Strike_R","Strike_R","Strike_R","Strike_R","Strike_R","Defend_R","Bash","Double Tap+1","Perfected Strike+1","Battle Trance","Cleave+1","Wild Strike","Iron Wave","Perfected Strike+1","Perfected Strike+1","Reaper","Heavy Blade+1","Perfected Strike+1","Fire Breathing","Shrug It Off+1","Pommel Strike","Double Tap+1","Madness","Madness","Inflame+1","Sword Boomerang+1","Sword Boomerang+1","Bloodletting+1","Disarm"],"max_hp_per_floor":[80,80,80,80,80,80,80,80,80,80,94,87,87,87,87,87,87,87,87,87,87,87,87,87,87,87,87,87,87,87,87,87,87,87,87,87,87,87,87,87,87,87,87,87,87,87,87,87,87,87],"relics":["Black Blood","Blood Vial","Letter Opener","Oddly Smooth Stone","Mango","Golden Idol","Regal Pillow","Runic Dome","Nilry\u0027s Codex","Darkstone Periapt","Happy Flower","Orichalcum","Bronze Scales","Ancient Tea Set","Bag of Preparation"],"card_choices":[{"not_picked":["Juggernaut","Offering"],"picked":"Double Tap"},{"not_picked":["Wild Strike","Corruption"],"picked":"Perfected Strike"},{"not_picked":["Pummel","Headbutt"],"picked":"Battle Trance"},{"not_picked":["Hemokinesis","Heavy Blade"],"picked":"Wild Strike"},{"not_picked":["Heavy Blade","Metallicize"],"picked":"Iron Wave"},{"not_picked":["Dual Wield","True Grit"],"picked":"Perfected Strike"},{"not_picked":["Seeing Red","Twin Strike"],"picked":"Perfected Strike"},{"not_picked":["Double Tap","Demon Form"],"picked":"Reaper"},{"not_picked":["Power Through","Metallicize"],"picked":"Flex"},{"not_picked":["Warcry","Feel No Pain"],"picked":"Heavy Blade"},{"not_picked":["True Grit","Warcry"],"picked":"Shrug It Off"},{"not_picked":["Brutality","Sword Boomerang"],"picked":"Pommel Strike"},{"not_picked":["Exhume","Barricade"],"picked":"Double Tap"},{"not_picked":["Wild Strike","Shrug It Off"],"picked":"Inflame"},{"not_picked":["Warcry","Rage"],"picked":"Sword Boomerang"},{"not_picked":["Twin Strike","Anger"],"picked":"Sword Boomerang"},{"not_picked":["Sword Boomerang","Power Through"],"picked":"Bloodletting"}],"player_experience":513997,"potions_floor_usage":[10,13,14,24,33,45,50,50,50],"damage_taken":[{"damage":14,"enemies":"Jaw Worm","floor":1,"turns":3},{"damage":1,"enemies":"Cultist","floor":3,"turns":3},{"damage":3,"enemies":"Small Slimes","floor":7,"turns":2},{"damage":12,"enemies":"Gremlin Nob","floor":10,"turns":3},{"damage":17,"enemies":"Exordium Thugs","floor":13,"turns":3},{"damage":9,"enemies":"3 Sentries","floor":14,"turns":6},{"damage":68,"enemies":"Hexaghost","floor":16,"turns":9},{"damage":11,"enemies":"2 Thieves","floor":18,"turns":3},{"damage":12,"enemies":"Shell Parasite","floor":22,"turns":2},{"damage":35,"enemies":"Slavers","floor":24,"turns":3},{"damage":12,"enemies":"Snecko","floor":28,"turns":3},{"damage":23,"enemies":"Book of Stabbing","floor":29,"turns":3},{"damage":0,"enemies":"3 Cultists","floor":31,"turns":3},{"damage":23,"enemies":"Collector","floor":33,"turns":6},{"damage":20,"enemies":"3 Darklings","floor":35,"turns":3},{"damage":10,"enemies":"Orb Walker","floor":38,"turns":2},{"damage":27,"enemies":"4 Shapes","floor":41,"turns":4},{"damage":35,"enemies":"3 Darklings","floor":45,"turns":4},{"damage":10,"enemies":"Sphere and 2 Shapes","floor":46,"turns":3},{"damage":90,"enemies":"Donu and Deca","floor":50,"turns":6}],"event_choices":[{"event_name":"Scrap Ooze","player_choice":"success","floor":2,"damage_taken":18},{"event_name":"The Cleric","player_choice":"Leave","floor":4,"damage_taken":0},{"event_name":"Golden Idol","player_choice":"Lose Max HP","floor":12,"damage_taken":0},{"event_name":"Beggar","player_choice":"Gave Gold","floor":19,"damage_taken":0},{"event_name":"Cursed Tome","player_choice":"Obtained Book","floor":20,"damage_taken":0},{"event_name":"Vampires","player_choice":"Ignored","floor":21,"damage_taken":0},{"event_name":"Purifier","player_choice":"One Purge","floor":36,"damage_taken":0},{"event_name":"Winding Halls","player_choice":"Embrace Madness","floor":37,"damage_taken":0},{"event_name":"Mysterious Sphere","player_choice":"Ignore","floor":39,"damage_taken":0},{"event_name":"Match and Keep!","player_choice":"0 cards matched","floor":47,"damage_taken":0}],"boss_relics":[{"not_picked":["Runic Pyramid","Pandora\u0027s Box"],"picked":"Runic Dome"},{"not_picked":["Runic Cube","White Beast Statue"],"picked":"Black Blood"}],"potions_floor_spawned":[7,10,13,18,29,35,45,46],"seed_played":"-9023522928706614945","ascension_level":9,"is_trial":false}