{"path_per_floor":["M","?","?","M","?","R","M","R","T","M","R","$","T","M","R","B",null,"M","?","$","?","$","R","M","R","T","R","M","M","R","E","R"],"character_chosen":"THE_SILENT","items_purchased":["Noxious Fumes","Bouncing Flask","Mercury Hourglass","Membership Card","Poison Potion"],"gold_per_floor":[115,115,85,102,102,102,118,118,418,436,436,76,130,150,150,229,259,274,274,33,33,33,33,44,44,115,115,126,140,140,169,169,169],"floor_reached":33,"campfire_rested":3,"playtime":1238,"current_hp_per_floor":[59,56,56,55,55,55,57,57,57,56,68,68,68,59,59,53,71,65,52,52,52,52,52,52,52,52,52,54,19,35,9,26,0],"items_purged":[],"gold":169,"score":456,"play_id":"b25dcb1e-de4b-47ee-8c94-f2e39dcc22b2","local_time":"20180406201128","is_prod":false,"is_daily":false,"is_ascension_mode":true,"campfire_upgraded":6,"timestamp":1523059888,"path_taken":["M","?","?","M","?","R","M","R","T","M","R","$","?","M","R","BOSS","M","?","$","?","?","R","?","R","T","R","M","?","R","E","R","BOSS"],"build_version":"2018-04-05v2","purchased_purges":0,"victory":false,"master_deck":["Defend_G+1","Defend_G","Defend_G","Defend_G","Defend_G","Survivor+1","Neutralize+1","AscendersBane","Predator","Sucker Punch+1","Distraction","Noxious Fumes+1","Bouncing Flask+1","Caltrops+1","Adrenaline","Calculated Gamble+1","Bite","Bite","Bite","Bite","Bite","Footwork+1","Deadly Poison+1"],"max_hp_per_floor":[66,66,66,66,66,66,68,68,68,68,68,68,68,68,68,68,75,75,52,52,52,52,52,52,52,52,52,54,56,56,58,58,58],"relics":["Ring of the Snake","Bag of Preparation","Singing Bowl","Old Coin","Mercury Hourglass","Snake Skull","Tiny House","Membership Card","Question Card","Frozen Egg 2"],"card_choices":[{"not_picked":["Outmaneuver","Underhanded Strike"],"picked":"Predator","floor":1},{"not_picked":["Blade Dance","Dodge and Roll"],"picked":"Sucker Punch","floor":4},{"not_picked":["Outmaneuver","Grand Finale"],"picked":"Distraction","floor":10},{"not_picked":["Masterful Stab","Bane"],"picked":"Caltrops","floor":14},{"not_picked":["Grand Finale","Wraith Form"],"picked":"Adrenaline","floor":16},{"not_picked":["Sucker Punch","Deflect"],"picked":"Calculated Gamble","floor":18},{"not_picked":["Dagger Spray","Expertise"],"picked":"Deadly Poison","floor":24}],"player_experience":699882,"potions_floor_usage":[10,18,18,18,28,31,31],"damage_taken":[{"damage":0,"enemies":"Small Slimes","floor":1,"turns":5},{"damage":1,"enemies":"2 Louse","floor":4,"turns":2},{"damage":0,"enemies":"Jaw Worm","floor":7,"turns":3},{"damage":1,"enemies":"Large Slime","floor":10,"turns":6},{"damage":9,"enemies":"Gremlin Gang","floor":14,"turns":4},{"damage":6,"enemies":"Hexaghost","floor":16,"turns":8},{"damage":6,"enemies":"Spheric Guardian","floor":18,"turns":4},{"damage":0,"enemies":"Chosen","floor":24,"turns":4},{"damage":5,"enemies":"Centurion and Healer","floor":28,"turns":5},{"damage":39,"enemies":"Cultist and Chosen","floor":29,"turns":5},{"damage":32,"enemies":"Slavers","floor":31,"turns":6},{"damage":29,"enemies":"Collector","floor":33,"turns":3}],"event_choices":[{"event_name":"Scrap Ooze","player_choice":"success","floor":2,"damage_taken":3},{"event_name":"The Woman in Blue","player_choice":"Bought 2 Potions","floor":3,"damage_taken":0},{"event_name":"Living Wall","player_choice":"Grow","floor":5,"damage_taken":0},{"event_name":"Vampires","player_choice":"Became a vampire","floor":19,"damage_taken":0},{"event_name":"The Library","player_choice":"Read","floor":21,"damage_taken":0}],"boss_relics":[{"not_picked":["Philosopher\u0027s Stone","Ectoplasm"],"picked":"Tiny House"}],"potions_floor_spawned":[1,14,16,28,29],"seed_played":"-3711856540325380172","killed_by":"Collector","ascension_level":14,"is_trial":false}