{"gold_per_floor":[119,131,102,102,123,123,143,218,218,218,261,261,277,318,318,414,414,314,314,314,314,9,9,9],"floor_reached":24,"playtime":1281,"items_purged":[],"score":408,"play_id":"6e3e9146-1bea-4f28-bc23-9f8230c5b0a1","local_time":"20190328032549","is_ascension_mode":true,"campfire_choices":[{"data":"Creative AI","floor":6,"key":"SMITH"},{"floor":10,"key":"REST"},{"floor":15,"key":"REST"},{"floor":23,"key":"REST"}],"neow_cost":"NONE","seed_source_timestamp":956451783819050,"circlet_count":0,"master_deck":["AscendersBane","Strike_B","Strike_B","Strike_B","Strike_B","Defend_B","Defend_B","Defend_B","Defend_B","Zap+1","Dualcast","Hologram","Sweeping Beam","Leap","Creative AI+1","Hologram","BootSequence","Double Energy","Biased Cognition","White Noise","Static Discharge","Shame","Conserve Battery"],"relics":["Cracked Core","Golden Idol","Mummified Hand","Darkstone Periapt","Bag of Marbles","Ectoplasm","Orichalcum","MawBank","Singing Bowl"],"potions_floor_usage":[7,11,18],"damage_taken":[{"damage":12,"enemies":"Jaw Worm","floor":1,"turns":3},{"damage":0,"enemies":"2 Louse","floor":2,"turns":2},{"damage":0,"enemies":"Small Slimes","floor":5,"turns":3},{"damage":6,"enemies":"Exordium Thugs","floor":7,"turns":3},{"damage":5,"enemies":"3 Sentries","floor":11,"turns":3},{"damage":0,"enemies":"Blue Slaver","floor":13,"turns":4},{"damage":38,"enemies":"Gremlin Nob","floor":14,"turns":5},{"damage":17,"enemies":"Hexaghost","floor":16,"turns":11},{"damage":18,"enemies":"2 Thieves","floor":18,"turns":5},{"damage":26,"enemies":"Spheric Guardian","floor":19,"turns":6},{"damage":34,"enemies":"Cultist and Chosen","floor":24,"turns":5}],"seed_played":"5622417923483703021","potions_obtained":[{"floor":1,"key":"PowerPotion"},{"floor":2,"key":"AttackPotion"},{"floor":16,"key":"Dexterity Potion"},{"floor":18,"key":"FearPotion"}],"is_trial":false,"path_per_floor":["M","M","$","?","M","R","M","?","T","R","E","?","M","E","R","B",null,"M","M","?","?","$","R","M"],"character_chosen":"DEFECT","items_purchased":["Leap","Singing Bowl","Conserve Battery"],"campfire_rested":3,"item_purchase_floors":[3,22,22],"current_hp_per_floor":[52,52,52,52,52,52,46,35,35,54,49,40,40,2,21,4,49,31,5,11,11,11,32,0],"gold":9,"neow_bonus":"UPGRADE_CARD","is_prod":false,"is_daily":false,"chose_seed":false,"campfire_upgraded":1,"win_rate":0,"timestamp":1553757949,"path_taken":["M","M","$","?","M","R","M","?","T","R","E","?","?","E","R","BOSS","M","M","?","?","$","R","M"],"build_version":"2019-01-23","purchased_purges":0,"victory":false,"max_hp_per_floor":[71,71,71,64,64,64,64,64,64,64,64,64,64,64,64,64,64,64,64,70,70,70,70,70],"card_choices":[{"not_picked":["Compile Driver","Turbo"],"picked":"Hologram","floor":1},{"not_picked":["Gash","Genetic Algorithm"],"picked":"Sweeping Beam","floor":2},{"not_picked":["Turbo","Force Field"],"picked":"Creative AI","floor":5},{"not_picked":["Sweeping Beam","Barrage","Turbo"],"picked":"SKIP","floor":7},{"not_picked":["Rip and Tear","Streamline"],"picked":"Hologram","floor":11},{"not_picked":["Aggregate","Skim"],"picked":"BootSequence","floor":13},{"not_picked":["Hyperbeam","Turbo"],"picked":"Double Energy","floor":14},{"not_picked":["Machine Learning","Rainbow"],"picked":"Biased Cognition","floor":16},{"not_picked":["Rebound","Beam Cell"],"picked":"White Noise","floor":18},{"not_picked":["Go for the Eyes","Scrape"],"picked":"Static Discharge","floor":19}],"player_experience":1459255,"relics_obtained":[{"floor":9,"key":"Mummified Hand"},{"floor":11,"key":"Darkstone Periapt"},{"floor":14,"key":"Bag of Marbles"}],"event_choices":[{"damage_healed":0,"gold_gain":0,"player_choice":"Lose Max HP","damage_taken":0,"relics_obtained":["Golden Idol"],"max_hp_gain":0,"max_hp_loss":7,"event_name":"Golden Idol","floor":4,"gold_loss":0},{"damage_healed":0,"gold_gain":75,"player_choice":"Gather Gold","damage_taken":11,"max_hp_gain":0,"max_hp_loss":0,"event_name":"World of Goop","floor":8,"gold_loss":0},{"damage_healed":0,"gold_gain":0,"player_choice":"Damaged","damage_taken":9,"max_hp_gain":0,"max_hp_loss":0,"event_name":"Wheel of Change","floor":12,"gold_loss":0},{"damage_healed":0,"gold_gain":0,"player_choice":"Stole Relic","damage_taken":0,"relics_obtained":["Orichalcum"],"max_hp_gain":0,"max_hp_loss":0,"event_name":"Addict","floor":20,"gold_loss":0,"cards_obtained":["Shame"]},{"damage_healed":0,"gold_gain":0,"player_choice":"Gave Potion","damage_taken":0,"relics_obtained":["MawBank"],"max_hp_gain":0,"max_hp_loss":0,"event_name":"WeMeetAgain","floor":21,"gold_loss":0}],"is_beta":false,"boss_relics":[{"not_picked":["White Beast Statue","Orrery"],"picked":"Ectoplasm"}],"items_purged_floors":[],"is_endless":false,"potions_floor_spawned":[1,2,5,16,18],"killed_by":"Cultist and Chosen","ascension_level":20}