{"gold_per_floor":[117,30,30,45,62,62,91,91,161,161,195,195,210,36,36,36],"floor_reached":16,"playtime":742,"items_purged":[],"score":236,"play_id":"a7ea1ac7-6587-4bfb-a202-94e20bbc0e52","local_time":"20190328013602","is_ascension_mode":true,"campfire_choices":[{"data":"Sunder","floor":6,"key":"SMITH"},{"floor":8,"key":"REST"},{"data":"Loop","floor":15,"key":"SMITH"}],"neow_cost":"NONE","seed_source_timestamp":950405765032453,"circlet_count":0,"master_deck":["AscendersBane","Strike_B","Strike_B","Strike_B","Strike_B","Defend_B","Defend_B","Defend_B","Defend_B","Zap","Dualcast","Compile Driver","Sunder+1","Capacitor","Doom and Gloom","Core Surge","Loop+1"],"relics":["Black Star","Boot","Mango","Singing Bowl","Dream Catcher","Meat on the Bone","Lantern"],"potions_floor_usage":[13,16],"damage_taken":[{"damage":1,"enemies":"Cultist","floor":1,"turns":4},{"damage":12,"enemies":"Small Slimes","floor":4,"turns":3},{"damage":9,"enemies":"Jaw Worm","floor":5,"turns":4},{"damage":25,"enemies":"3 Sentries","floor":7,"turns":6},{"damage":25,"enemies":"Lagavulin","floor":11,"turns":7},{"damage":12,"enemies":"Exordium Thugs","floor":13,"turns":3},{"damage":34,"enemies":"The Guardian","floor":16,"turns":9}],"seed_played":"-3111976924798176057","potions_obtained":[{"floor":1,"key":"LiquidBronze"},{"floor":11,"key":"AttackPotion"}],"is_trial":false,"path_per_floor":["M","$","?","M","M","R","E","R","T","?","E","T","M","$","R","B"],"character_chosen":"DEFECT","items_purchased":["Sunder","Core Surge","Loop"],"campfire_rested":1,"item_purchase_floors":[2,14,14],"current_hp_per_floor":[63,63,58,46,37,37,28,54,54,54,31,31,33,33,33,0],"gold":36,"neow_bonus":"BOSS_RELIC","is_prod":false,"is_daily":false,"chose_seed":false,"campfire_upgraded":2,"win_rate":0,"timestamp":1553751362,"path_taken":["M","$","?","M","M","R","E","R","T","?","E","?","M","$","R","BOSS"],"build_version":"2019-01-23","purchased_purges":0,"victory":false,"max_hp_per_floor":[71,71,71,71,71,71,87,87,87,87,89,89,91,91,91,91],"card_choices":[{"not_picked":["Scrape","Stack"],"picked":"Compile Driver","floor":1},{"not_picked":["Beam Cell","Stack"],"picked":"Capacitor","floor":4},{"not_picked":["Heatsinks","Auto Shields"],"picked":"Doom and Gloom","floor":5},{"not_picked":["Doom and Gloom","Lockon","Scrape"],"picked":"Singing Bowl","floor":7},{"not_picked":["Rebound","Turbo","Reprogram"],"picked":"Singing Bowl","floor":11},{"not_picked":["Rebound","Beam Cell","Sweeping Beam"],"picked":"Singing Bowl","floor":13}],"player_experience":1453285,"relics_obtained":[{"floor":7,"key":"Mango"},{"floor":7,"key":"Singing Bowl"},{"floor":11,"key":"Dream Catcher"},{"floor":11,"key":"Meat on the Bone"},{"floor":12,"key":"Lantern"}],"event_choices":[{"damage_healed":0,"gold_gain":0,"player_choice":"Success","damage_taken":5,"relics_obtained":["Boot"],"max_hp_gain":0,"max_hp_loss":0,"event_name":"Scrap Ooze","floor":3,"gold_loss":0},{"damage_healed":0,"gold_gain":0,"player_choice":"Ignored","damage_taken":0,"max_hp_gain":0,"max_hp_loss":0,"event_name":"Liars Game","floor":10,"gold_loss":0}],"is_beta":false,"boss_relics":[],"items_purged_floors":[],"is_endless":false,"potions_floor_spawned":[1,11],"killed_by":"The Guardian","ascension_level":19}