{"path_per_floor":["M","?","M","?","M","R","E","R","T","$","$","M","R","?","R","B",null,"M","?","?","$","?","R","$","R","T"],"character_chosen":"THE_SILENT","items_purchased":["Omamori","Quick Slash"],"gold_per_floor":[113,113,131,131,144,144,179,179,179,32,5,22,22,22,22,100,100,110,35,35,35,35,35,35,35,35,35],"floor_reached":27,"campfire_rested":1,"playtime":682,"current_hp_per_floor":[52,57,53,53,53,53,40,40,40,40,40,40,40,40,40,1,54,31,31,15,15,15,50,50,50,50,0],"items_purged":[],"gold":35,"score":349,"play_id":"f27f4d81-a174-41cd-9c0f-f197a62a45a1","local_time":"20180406115140","is_prod":false,"is_daily":false,"is_ascension_mode":true,"campfire_upgraded":3,"timestamp":1523029900,"path_taken":["M","?","M","?","?","R","E","R","T","?","$","M","R","?","R","BOSS","M","?","?","?","?","R","$","R","T","E"],"build_version":"2018-04-05v2","purchased_purges":0,"victory":false,"master_deck":["Defend_G","Defend_G","Defend_G","Defend_G","Defend_G","Strike_G","Strike_G","Strike_G","Strike_G","Strike_G","Survivor","Neutralize+1","AscendersBane","Dagger Spray+1","Poisoned Stab+1","Deadly Poison+1","Sucker Punch","Quick Slash","Unload","Heel Hook+1","Necronomicurse"],"max_hp_per_floor":[66,71,71,71,71,71,71,71,71,71,71,71,71,71,71,71,71,71,68,68,68,68,68,68,68,68,68],"relics":["Velvet Choker","Regal Pillow","Shovel","Omamori","Blue Candle","Calling Bell","Shuriken","Bronze Scales","Prayer Wheel","Necronomicon","Juzu Bracelet","Ice Cream"],"card_choices":[{"not_picked":["Caltrops","Backflip"],"picked":"Dagger Spray","floor":1},{"not_picked":["Cloak And Dagger","Outmaneuver"],"picked":"Poisoned Stab","floor":3},{"not_picked":["Sucker Punch","Poisoned Stab"],"picked":"Deadly Poison","floor":5},{"not_picked":["Riddle With Holes","Terror"],"picked":"Sucker Punch","floor":7},{"not_picked":["A Thousand Cuts","Phantasmal Killer"],"picked":"Unload","floor":16},{"not_picked":["Bane","Dash"],"picked":"Heel Hook","floor":18}],"player_experience":695978,"potions_floor_usage":[16],"damage_taken":[{"damage":7,"enemies":"Small Slimes","floor":1,"turns":5},{"damage":4,"enemies":"Jaw Worm","floor":3,"turns":4},{"damage":0,"enemies":"2 Louse","floor":5,"turns":1},{"damage":13,"enemies":"3 Sentries","floor":7,"turns":8},{"damage":0,"enemies":"Large Slime","floor":12,"turns":4},{"damage":39,"enemies":"Hexaghost","floor":16,"turns":11},{"damage":23,"enemies":"Spheric Guardian","floor":18,"turns":4},{"damage":50,"enemies":"Slavers","floor":27,"turns":4}],"event_choices":[{"event_name":"Big Fish","player_choice":"Donut","floor":2,"damage_taken":0},{"event_name":"Living Wall","player_choice":"Grow","floor":4,"damage_taken":0},{"event_name":"The Cleric","player_choice":"Leave","floor":14,"damage_taken":0},{"event_name":"Beggar","player_choice":"Gave Gold","floor":19,"damage_taken":0},{"event_name":"Cursed Tome","player_choice":"Obtained Book","floor":20,"damage_taken":0},{"event_name":"Addict","player_choice":"Ignored","floor":22,"damage_taken":0}],"boss_relics":[{"not_picked":["Orrery","Philosopher\u0027s Stone"],"picked":"Calling Bell"}],"potions_floor_spawned":[5],"seed_played":"-578078233903575709","killed_by":"Slavers","ascension_level":14,"is_trial":false}