{"gold_per_floor":[10,27,43,62,62,62,15,41,112,139,139,150,160,217,217,291,291,231,231,250,20,30,30,41,41,67,99,99,113,113,128,128,200,200,210,210,210,210,228,263,263,275,275,326,326,19,19,51,51,51],"floor_reached":51,"playtime":4347,"items_purged":["Defend_B"],"score":1307,"play_id":"c665a23e-c4d2-403b-89ce-835e14da8f22","local_time":"20190326034843","is_ascension_mode":true,"campfire_choices":[{"data":"Fusion","floor":6,"key":"SMITH"},{"data":"Self Repair","floor":11,"key":"SMITH"},{"data":"Defragment","floor":15,"key":"SMITH"},{"data":"Buffer","floor":23,"key":"SMITH"},{"data":"Zap","floor":25,"key":"SMITH"},{"data":"Sunder","floor":32,"key":"SMITH"},{"data":"Capacitor","floor":41,"key":"SMITH"},{"floor":45,"key":"REST"},{"data":"Defragment","floor":49,"key":"SMITH"}],"neow_cost":"NO_GOLD","seed_source_timestamp":781925821940381,"circlet_count":0,"master_deck":["AscendersBane","Defend_B","Defend_B","Zap+1","Dualcast","Genetic Algorithm","Leap","Fusion+1","Sweeping Beam","Self Repair+1","Stack","Compile Driver","Seek+1","Glacier","Buffer+1","Defragment+1","Biased Cognition","Conserve Battery+1","Cold Snap","Meteor Strike","Skim+1","Core Surge","Capacitor+1","Bite","Bite","Bite","Bite","Skim+1","Sunder+1","Rainbow+1","Defragment+1","Reinforced Body+1","Hologram+1","Streamline+1","Consume+1","Seek+1"],"relics":["Cracked Core","Calipers","Pear","Smiling Mask","Tiny Chest","Nuclear Battery","Toxic Egg 2","Regal Pillow","Strawberry","Velvet Choker","Mercury Hourglass","Bottled Lightning","Orichalcum","Mango","Potion Belt","Singing Bowl","Pen Nib"],"potions_floor_usage":[4,10,14,16,16,27,27,50,50],"damage_taken":[{"damage":2,"enemies":"2 Louse","floor":1,"turns":3},{"damage":1,"enemies":"Cultist","floor":2,"turns":3},{"damage":7,"enemies":"Small Slimes","floor":3,"turns":4},{"damage":18,"enemies":"Exordium Thugs","floor":4,"turns":5},{"damage":29,"enemies":"3 Sentries","floor":8,"turns":9},{"damage":10,"enemies":"Lagavulin","floor":10,"turns":9},{"damage":0,"enemies":"Large Slime","floor":12,"turns":9},{"damage":2,"enemies":"3 Louse","floor":13,"turns":4},{"damage":3,"enemies":"3 Sentries","floor":14,"turns":9},{"damage":10,"enemies":"Hexaghost","floor":16,"turns":16},{"damage":1,"enemies":"2 Thieves","floor":18,"turns":4},{"damage":2,"enemies":"Chosen","floor":20,"turns":9},{"damage":2,"enemies":"Centurion and Healer","floor":22,"turns":19},{"damage":0,"enemies":"Snecko","floor":24,"turns":5},{"damage":31,"enemies":"Slavers","floor":27,"turns":10},{"damage":8,"enemies":"Chosen and Byrds","floor":29,"turns":7},{"damage":0,"enemies":"Snake Plant","floor":31,"turns":6},{"damage":48,"enemies":"Champ","floor":33,"turns":21},{"damage":18,"enemies":"3 Darklings","floor":35,"turns":8},{"damage":0,"enemies":"3 Shapes","floor":39,"turns":5},{"damage":0,"enemies":"Giant Head","floor":40,"turns":11},{"damage":0,"enemies":"Transient","floor":42,"turns":5},{"damage":39,"enemies":"2 Orb Walkers","floor":44,"turns":6},{"damage":5,"enemies":"Nemesis","floor":48,"turns":7},{"damage":26,"enemies":"Time Eater","floor":50,"turns":12}],"seed_played":"4633467834900123268","potions_obtained":[{"floor":2,"key":"AttackPotion"},{"floor":3,"key":"SpeedPotion"},{"floor":8,"key":"Dexterity Potion"},{"floor":10,"key":"Block Potion"},{"floor":12,"key":"Fire Potion"},{"floor":14,"key":"LiquidBronze"},{"floor":20,"key":"Block Potion"},{"floor":24,"key":"Swift Potion"},{"floor":39,"key":"EssenceOfSteel"},{"floor":40,"key":"Energy Potion"}],"is_trial":false,"path_per_floor":["M","M","M","M","?","R","$","E","T","E","R","M","M","E","R","B",null,"M","T","M","$","M","R","M","R","T","E","?","M","?","M","R","B",null,"M","T","?","?","M","E","R","M","T","?","R","$","T","E","R","B",null],"character_chosen":"DEFECT","items_purchased":["Compile Driver","Cold Snap","Meteor Strike","Block Potion","Potion Belt","FairyPotion"],"campfire_rested":1,"item_purchase_floors":[7,21,21,21,46,46],"current_hp_per_floor":[62,61,54,43,33,33,33,11,21,18,18,28,36,43,43,43,72,81,81,81,81,81,81,81,81,81,67,61,61,61,61,61,40,56,56,56,56,56,58,58,58,58,58,45,72,72,72,72,72,64],"gold":51,"neow_bonus":"TRANSFORM_TWO_CARDS","is_prod":false,"is_daily":false,"chose_seed":false,"campfire_upgraded":8,"win_rate":0,"timestamp":1553586523,"path_taken":["M","M","M","M","?","R","?","E","T","E","R","?","M","E","R","BOSS","M","?","?","$","M","R","M","R","T","E","?","M","?","M","R","BOSS","M","?","?","?","M","E","R","M","T","?","R","$","?","E","R","BOSS"],"build_version":"2019-01-23","purchased_purges":1,"victory":true,"max_hp_per_floor":[71,71,71,71,71,71,71,71,81,81,81,81,81,81,81,81,81,81,81,81,81,81,81,81,81,81,88,61,61,61,61,61,61,61,61,61,58,58,58,58,58,58,58,72,72,72,72,72,72,72],"card_choices":[{"not_picked":["Gash","Turbo"],"picked":"Fusion","floor":1},{"not_picked":["Rebound","Redo"],"picked":"Sweeping Beam","floor":2},{"not_picked":["Steam Power","Sweeping Beam"],"picked":"Self Repair","floor":3},{"not_picked":["Redo","Sweeping Beam"],"picked":"Stack","floor":4},{"not_picked":["Lockon","Streamline"],"picked":"Seek","floor":8},{"not_picked":["Hologram","Undo"],"picked":"Glacier","floor":10},{"not_picked":["Barrage","Rebound","Turbo"],"picked":"SKIP","floor":12},{"not_picked":["Steam","Force Field"],"picked":"Buffer","floor":13},{"not_picked":["Turbo","Rebound"],"picked":"Defragment","floor":14},{"not_picked":["Hyperbeam","All For One"],"picked":"Biased Cognition","floor":16},{"not_picked":["Streamline","Barrage","Stack"],"picked":"SKIP","floor":18},{"not_picked":["Streamline","FTL"],"picked":"Conserve Battery+1","floor":20},{"not_picked":["Defragment","Redo+1"],"picked":"Skim+1","floor":22},{"not_picked":["Recycle+1","Streamline"],"picked":"Core Surge","floor":24},{"not_picked":["FTL","Genetic Algorithm+1"],"picked":"Capacitor","floor":27},{"not_picked":["Turbo+1","Gash"],"picked":"Skim+1","floor":29},{"not_picked":["Reinforced Body+1","Compile Driver"],"picked":"Sunder","floor":31},{"not_picked":["Reboot+1","Core Surge"],"picked":"Rainbow+1","floor":33},{"not_picked":["Tempest+1","Sweeping Beam"],"picked":"Defragment","floor":35},{"not_picked":["Turbo+1","Beam Cell"],"picked":"Reinforced Body+1","floor":39},{"not_picked":["Defragment","Gash+1"],"picked":"Hologram+1","floor":40},{"not_picked":["Steam+1","Cold Snap"],"picked":"Streamline+1","floor":42},{"not_picked":["Gash+1","Leap+1"],"picked":"Consume+1","floor":44},{"not_picked":["Skim+1","Streamline"],"picked":"Seek+1","floor":48}],"player_experience":1411871,"relics_obtained":[{"floor":8,"key":"Calipers"},{"floor":9,"key":"Pear"},{"floor":10,"key":"Smiling Mask"},{"floor":14,"key":"Tiny Chest"},{"floor":19,"key":"Toxic Egg 2"},{"floor":26,"key":"Regal Pillow"},{"floor":27,"key":"Strawberry"},{"floor":36,"key":"Mercury Hourglass"},{"floor":40,"key":"Bottled Lightning"},{"floor":43,"key":"Orichalcum"},{"floor":44,"key":"Mango"},{"floor":47,"key":"Singing Bowl"},{"floor":48,"key":"Pen Nib"}],"event_choices":[{"damage_healed":0,"gold_gain":0,"player_choice":"Damaged","damage_taken":10,"max_hp_gain":0,"max_hp_loss":0,"event_name":"Wheel of Change","floor":5,"gold_loss":0},{"damage_healed":0,"gold_gain":0,"player_choice":"Became a vampire","damage_taken":0,"max_hp_gain":0,"max_hp_loss":27,"event_name":"Vampires","floor":28,"gold_loss":0,"cards_obtained":["Bite","Bite","Bite","Bite","Bite"]},{"damage_healed":0,"gold_gain":0,"player_choice":"Upgraded","damage_taken":0,"max_hp_gain":0,"max_hp_loss":0,"event_name":"Upgrade Shrine","floor":30,"gold_loss":0,"cards_upgraded":["Seek"]},{"damage_healed":0,"gold_gain":0,"player_choice":"Max HP","damage_taken":0,"max_hp_gain":0,"max_hp_loss":3,"event_name":"Winding Halls","floor":37,"gold_loss":0},{"cards_removed":["Bite"],"damage_healed":0,"gold_gain":0,"player_choice":"Removed Attack","damage_taken":0,"max_hp_gain":0,"max_hp_loss":0,"event_name":"Falling","floor":38,"gold_loss":0},{"damage_healed":0,"gold_gain":0,"player_choice":"Fight","damage_taken":0,"max_hp_gain":0,"max_hp_loss":0,"event_name":"Mysterious Sphere","floor":44,"gold_loss":0}],"is_beta":false,"boss_relics":[{"not_picked":["Busted Crown","Empty Cage"],"picked":"Nuclear Battery"},{"not_picked":["Snecko Eye","Coffee Dripper"],"picked":"Velvet Choker"}],"items_purged_floors":[46],"is_endless":false,"potions_floor_spawned":[2,3,8,10,12,14,20,24,39,40],"ascension_level":15}