{"gold_per_floor":[117,117,135,151,151,151,151,186,186,186,201,201,201,217,217,347,347,371,24,48,48,71,106,120,120,120,120,120,120,139,170,170,291,291,306,322,340,340,340,340,379,81,81,81,105,141,67,85,85,85,85,85,7,40,40],"floor_reached":55,"playtime":5261,"items_purged":["Normality"],"score":765,"play_id":"ca6ceee0-4c8d-4dc9-8e69-70812695c8a1","local_time":"20190426124524","is_ascension_mode":false,"campfire_choices":[{"data":"Zap","floor":6,"key":"SMITH"},{"data":"Dualcast","floor":10,"key":"SMITH"},{"data":"Redo","floor":13,"key":"SMITH"},{"floor":15,"key":"REST"},{"floor":25,"key":"REST"},{"floor":29,"key":"REST"},{"floor":32,"key":"REST"},{"floor":40,"key":"REST"},{"floor":49,"key":"RECALL"},{"data":"Fission","floor":52,"key":"SMITH"}],"neow_cost":"NONE","seed_source_timestamp":3146642362657,"circlet_count":0,"master_deck":["Strike_B","Strike_B+1","Strike_B","Defend_B","Defend_B","Defend_B","Defend_B","Zap+1","Dualcast+1","Redo+1","Cold Snap+1","Ball Lightning","Echo Form","Cold Snap","Cold Snap","Defragment+1","Writhe","Coolheaded+1","Fission+1","Loop","Defragment","Loop","Capacitor","Shame","Clumsy","Injury","Loop+1"],"relics":["Cracked Core","NeowsBlessing","Golden Idol","Singing Bowl","Pear","Kunai","Cursed Key","Calipers","Bag of Preparation","PreservedInsect","Gambling Chip","Black Star","Ice Cream","Strawberry","DataDisk","Lantern","Pantograph","Omamori","Mercury Hourglass","Ancient Tea Set","Whetstone","Symbiotic Virus"],"potions_floor_usage":[8,8,16,23,31,31,33,38,48,48,50,50,54],"damage_taken":[{"damage":0,"enemies":"Small Slimes","floor":1,"turns":1},{"damage":0,"enemies":"Cultist","floor":3,"turns":1},{"damage":0,"enemies":"Jaw Worm","floor":4,"turns":1},{"damage":19,"enemies":"Lagavulin","floor":8,"turns":6},{"damage":5,"enemies":"2 Fungi Beasts","floor":11,"turns":4},{"damage":0,"enemies":"Blue Slaver","floor":14,"turns":2},{"damage":36,"enemies":"The Guardian","floor":16,"turns":8},{"damage":10,"enemies":"Shell Parasite","floor":18,"turns":6},{"damage":11,"enemies":"Spheric Guardian","floor":20,"turns":4},{"damage":17,"enemies":"Snake Plant","floor":22,"turns":4},{"damage":13,"enemies":"Gremlin Leader","floor":23,"turns":10},{"damage":22,"enemies":"Shelled Parasite and Fungi","floor":24,"turns":5},{"damage":6,"enemies":"Cultist and Chosen","floor":30,"turns":5},{"damage":39,"enemies":"Slavers","floor":31,"turns":3},{"damage":11,"enemies":"Champ","floor":33,"turns":14},{"damage":7,"enemies":"3 Shapes","floor":35,"turns":6},{"damage":9,"enemies":"Orb Walker","floor":36,"turns":5},{"damage":8,"enemies":"Writhing Mass","floor":37,"turns":7},{"damage":0,"enemies":"3 Darklings","floor":38,"turns":1},{"damage":6,"enemies":"Giant Head","floor":41,"turns":11},{"damage":72,"enemies":"Reptomancer","floor":46,"turns":6},{"damage":25,"enemies":"Maw","floor":48,"turns":7},{"damage":12,"enemies":"Donu and Deca","floor":50,"turns":16},{"damage":33,"enemies":"Shield and Spear","floor":54,"turns":8},{"damage":98,"enemies":"The Heart","floor":55,"turns":12}],"seed_played":"6498352317272043497","potions_obtained":[{"floor":2,"key":"SneckoOil"},{"floor":2,"key":"Weak Potion"},{"floor":2,"key":"SmokeBomb"},{"floor":4,"key":"PowerPotion"},{"floor":14,"key":"Swift Potion"},{"floor":16,"key":"FocusPotion"},{"floor":18,"key":"Strength Potion"},{"floor":24,"key":"Explosive Potion"},{"floor":30,"key":"FocusPotion"},{"floor":31,"key":"FocusPotion"},{"floor":41,"key":"Dexterity Potion"},{"floor":46,"key":"Swift Potion"},{"floor":48,"key":"GamblersBrew"}],"is_trial":false,"path_per_floor":["M","?","M","M","?","R","?","E","T","R","M","T","R","M","R","B",null,"M","$","M","?","M","E","M","R","T","?","?","R","M","E","R","B",null,"M","M","M","M","?","R","E","$","T","T","T","E","$","M","R","B",null,"R","$","E","B"],"character_chosen":"DEFECT","items_purchased":["Calipers","Cold Snap","DataDisk","Capacitor","Regen Potion","EssenceOfSteel"],"campfire_rested":5,"item_purchase_floors":[19,19,42,42,47,53],"current_hp_per_floor":[75,75,75,75,75,75,69,52,62,62,59,59,59,59,83,47,83,73,73,64,64,49,36,16,42,42,42,42,68,62,25,52,41,91,84,75,69,69,69,93,94,94,94,94,94,24,24,14,14,27,102,102,102,71,0],"gold":40,"neow_bonus":"THREE_ENEMY_KILL","is_prod":false,"is_daily":false,"chose_seed":false,"campfire_upgraded":4,"win_rate":0,"timestamp":1556297124,"path_taken":["M","?","M","?","?","R","?","E","T","R","M","?","R","?","R","BOSS","M","$","M","?","M","E","M","R","T","?","?","R","M","E","R","BOSS","M","?","M","M","?","R","E","?","T","?","?","E","$","M","R","BOSS","R","$","E","BOSS"],"build_version":"2019-01-23","purchased_purges":1,"victory":false,"max_hp_per_floor":[75,75,75,75,75,75,69,71,81,81,83,83,83,83,83,83,83,83,83,85,85,87,87,89,89,89,89,89,89,89,91,91,91,91,91,91,93,93,93,93,100,100,100,100,100,102,102,102,102,102,102,102,102,104,104],"card_choices":[{"not_picked":["Stack","Recycle","Sweeping Beam"],"picked":"SKIP","floor":1},{"not_picked":["Steam","Hello World"],"picked":"Redo","floor":3},{"not_picked":["Skim","Scrape"],"picked":"Cold Snap","floor":4},{"not_picked":["Hologram","Recycle","Gash"],"picked":"Singing Bowl","floor":8},{"not_picked":["Storm","Leap","Turbo"],"picked":"Singing Bowl","floor":11},{"not_picked":["Turbo","Leap"],"picked":"Ball Lightning","floor":14},{"not_picked":["Rainbow","Core Surge"],"picked":"Echo Form","floor":16},{"not_picked":["Conserve Battery","Scrape"],"picked":"Cold Snap","floor":18},{"not_picked":["Steam","Stack","Melter"],"picked":"Singing Bowl","floor":20},{"not_picked":["Redo","Auto Shields+1","Reboot"],"picked":"Singing Bowl","floor":22},{"not_picked":["Ball Lightning+1","Beam Cell"],"picked":"Defragment+1","floor":23},{"not_picked":["Turbo","Aggregate","Steam Power"],"picked":"Singing Bowl","floor":24},{"not_picked":["Redo","Beam Cell"],"picked":"Coolheaded+1","floor":30},{"not_picked":["Sweeping Beam","Storm","Stack"],"picked":"Singing Bowl","floor":31},{"not_picked":["Multi-Cast","Biased Cognition"],"picked":"Fission","floor":33},{"not_picked":["Conserve Battery","Gash+1"],"picked":"Loop","floor":35},{"not_picked":["Blizzard","Stack"],"picked":"Defragment","floor":36},{"not_picked":["Leap+1","Hologram+1","Barrage"],"picked":"Singing Bowl","floor":37},{"not_picked":["BootSequence","Hello World"],"picked":"Loop","floor":41},{"not_picked":["Doom and Gloom","Double Energy","Hologram+1"],"picked":"Singing Bowl","floor":46},{"not_picked":["Echo Form","Sweeping Beam"],"picked":"Loop+1","floor":48},{"not_picked":["Sunder+1","Leap","Redo+1"],"picked":"Singing Bowl","floor":54}],"player_experience":905329,"relics_obtained":[{"floor":8,"key":"Singing Bowl"},{"floor":9,"key":"Pear"},{"floor":12,"key":"Kunai"},{"floor":23,"key":"Bag of Preparation"},{"floor":31,"key":"Gambling Chip"},{"floor":41,"key":"Ice Cream"},{"floor":41,"key":"Strawberry"},{"floor":43,"key":"Lantern"},{"floor":44,"key":"Pantograph"},{"floor":45,"key":"Omamori"},{"floor":46,"key":"Mercury Hourglass"},{"floor":46,"key":"Ancient Tea Set"},{"floor":54,"key":"Whetstone"},{"floor":54,"key":"Symbiotic Virus"}],"event_choices":[{"damage_healed":0,"gold_gain":0,"player_choice":"Got Potions","damage_taken":0,"max_hp_gain":0,"max_hp_loss":0,"event_name":"Lab","floor":2,"gold_loss":0},{"cards_removed":["Strike_B"],"damage_healed":0,"gold_gain":0,"player_choice":"Forget","damage_taken":0,"max_hp_gain":0,"max_hp_loss":0,"event_name":"Living Wall","floor":5,"gold_loss":0},{"damage_healed":0,"gold_gain":0,"player_choice":"Lose Max HP","damage_taken":0,"relics_obtained":["Golden Idol"],"max_hp_gain":0,"max_hp_loss":6,"event_name":"Golden Idol","floor":7,"gold_loss":0},{"damage_healed":0,"gold_gain":0,"player_choice":"Ignored","damage_taken":0,"max_hp_gain":0,"max_hp_loss":0,"event_name":"Ghosts","floor":21,"gold_loss":0},{"damage_healed":0,"gold_gain":0,"player_choice":"Opened","damage_taken":0,"relics_obtained":["PreservedInsect"],"max_hp_gain":0,"max_hp_loss":0,"event_name":"The Mausoleum","floor":27,"gold_loss":0,"cards_obtained":["Writhe"]},{"damage_healed":0,"gold_gain":0,"player_choice":"Ignored","damage_taken":0,"max_hp_gain":0,"max_hp_loss":0,"event_name":"NoteForYourself","floor":28,"gold_loss":0},{"damage_healed":0,"gold_gain":0,"player_choice":"Ignored","damage_taken":0,"max_hp_gain":0,"max_hp_loss":0,"event_name":"Tomb of Lord Red Mask","floor":39,"gold_loss":0}],"is_beta":false,"boss_relics":[{"not_picked":["Velvet Choker","Sozu"],"picked":"Cursed Key"},{"not_picked":["Coffee Dripper","Fusion Hammer"],"picked":"Black Star"}],"items_purged_floors":[42],"is_endless":false,"potions_floor_spawned":[4,14,16,18,24,30,31,38,41,46,48],"killed_by":"The Heart","ascension_level":0}