{"gold_per_floor":[110,126,126,51,51,51,86,86,138,168,133,147,173,188,188,265,265,285,285,285,263,443,443,470,470,470,480,370,403,403,140,140,219,219,237,512,528,189,205,231,231,258,283,283,283,241,275,275],"floor_reached":48,"playtime":2257,"items_purged":["Strike_R","Strike_R","Defend_R"],"score":1240,"play_id":"ef1bf1b2-c5ba-4c0d-9126-2ffce5df5caf","local_time":"20190511014725","is_ascension_mode":true,"campfire_choices":[{"data":"Bash","floor":6,"key":"SMITH"},{"data":"Demon Form","floor":15,"key":"SMITH"},{"floor":23,"key":"REST"},{"data":"Disarm","floor":25,"key":"SMITH"},{"data":"Juggernaut","floor":30,"key":"SMITH"},{"data":"Shockwave","floor":32,"key":"SMITH"},{"floor":41,"key":"REST"},{"data":"Corruption","floor":45,"key":"SMITH"}],"neow_cost":"NONE","seed_source_timestamp":318078356428731,"circlet_count":0,"master_deck":["AscendersBane","Strike_R+1","Defend_R","Defend_R","Defend_R+1","Bash+1","Disarm+1","Shrug It Off","Shrug It Off","Impervious","Reckless Charge","Demon Form+1","Anger","Shrug It Off+1","Headbutt+1","Shockwave+1","Shrug It Off","Juggernaut+1","Reaper","Reaper","Combust","Battle Trance","Corruption+1","Spot Weakness","Shrug It Off+1"],"relics":["Burning Blood","NeowsBlessing","Omamori","Anchor","Lantern","Sundial","Black Star","Self Forming Clay","Juzu Bracelet","Pen Nib","Shuriken","Gremlin Horn","Strawberry","Lizard Tail","Red Skull","Matryoshka","Question Card","Letter Opener","Oddly Smooth Stone","Vajra","Singing Bowl","Pantograph"],"potions_floor_usage":[10,16,24,24,40,40],"damage_taken":[{"damage":0,"enemies":"Cultist","floor":1,"turns":1},{"damage":0,"enemies":"Jaw Worm","floor":2,"turns":1},{"damage":0,"enemies":"Gremlin Nob","floor":7,"turns":1},{"damage":30,"enemies":"3 Sentries","floor":10,"turns":16},{"damage":0,"enemies":"Small Slimes","floor":12,"turns":4},{"damage":29,"enemies":"Lagavulin","floor":13,"turns":10},{"damage":9,"enemies":"3 Louse","floor":14,"turns":6},{"damage":25,"enemies":"Hexaghost","floor":16,"turns":9},{"damage":20,"enemies":"3 Byrds","floor":18,"turns":7},{"damage":12,"enemies":"2 Thieves","floor":21,"turns":4},{"damage":22,"enemies":"Gremlin Leader","floor":24,"turns":6},{"damage":5,"enemies":"Centurion and Healer","floor":27,"turns":5},{"damage":13,"enemies":"Book of Stabbing","floor":29,"turns":5},{"damage":66,"enemies":"Champ","floor":33,"turns":11},{"damage":12,"enemies":"Orb Walker","floor":35,"turns":4},{"damage":22,"enemies":"3 Shapes","floor":37,"turns":9},{"damage":22,"enemies":"Jaw Worm Horde","floor":39,"turns":8},{"damage":110,"enemies":"Nemesis","floor":40,"turns":14},{"damage":77,"enemies":"Reptomancer","floor":42,"turns":6},{"damage":63,"enemies":"Giant Head","floor":47,"turns":8},{"damage":117,"enemies":"2 Orb Walkers","floor":48,"turns":4}],"seed_played":"6171068406195960425","potions_obtained":[{"floor":1,"key":"SkillPotion"},{"floor":2,"key":"PowerPotion"},{"floor":7,"key":"Regen Potion"},{"floor":12,"key":"FearPotion"},{"floor":18,"key":"Poison Potion"},{"floor":24,"key":"PowerPotion"},{"floor":37,"key":"SkillPotion"},{"floor":42,"key":"Explosive Potion"}],"is_trial":false,"path_per_floor":["M","M","?","$","?","R","E","$","T","E","?","M","E","M","R","B",null,"M","?","?","M","?","R","E","R","T","M","?","E","R","$","R","B",null,"M","?","M","$","M","E","R","E","T","?","R","$","E","?"],"character_chosen":"IRONCLAD","items_purchased":["Reaper","Battle Trance","Red Skull","Spot Weakness"],"campfire_rested":2,"item_purchase_floors":[31,38,38,46],"current_hp_per_floor":[74,75,52,52,45,45,51,51,51,42,60,66,43,40,40,21,62,48,48,85,79,55,80,64,64,64,65,65,65,65,65,65,26,76,70,70,79,79,72,50,77,85,85,85,85,85,87,0],"gold":275,"neow_bonus":"THREE_ENEMY_KILL","is_prod":false,"is_daily":false,"chose_seed":false,"campfire_upgraded":6,"win_rate":0,"timestamp":1557564445,"path_taken":["M","?","?","$","?","R","E","$","T","E","?","?","E","M","R","BOSS","M","?","?","?","?","R","E","R","T","M","?","E","R","$","R","BOSS","M","?","M","$","M","E","R","E","T","?","R","$","E","?"],"build_version":"2019-05-07","purchased_purges":3,"victory":false,"max_hp_per_floor":[75,75,75,75,75,75,75,75,75,75,75,75,75,75,75,75,75,75,75,85,85,85,85,85,85,85,85,85,92,92,92,92,92,92,92,92,92,92,92,92,92,92,92,87,87,87,87,87],"card_choices":[{"not_picked":["Power Through","Twin Strike"],"picked":"Disarm","floor":1},{"not_picked":["Rage","Perfected Strike"],"picked":"Shrug It Off","floor":2},{"not_picked":["Wild Strike","Sentinel"],"picked":"Shrug It Off","floor":7},{"not_picked":["Iron Wave","Ghostly Armor"],"picked":"Impervious","floor":10},{"not_picked":["Perfected Strike","Rage"],"picked":"Reckless Charge","floor":12},{"not_picked":["Headbutt","Barricade"],"picked":"Demon Form","floor":13},{"not_picked":["Armaments","Flex"],"picked":"Anger","floor":14},{"not_picked":["Brutality","Barricade"],"picked":"Demon Form","floor":16},{"not_picked":["Clothesline","Carnage"],"picked":"Shrug It Off","floor":18},{"not_picked":["Fire Breathing","Flame Barrier"],"picked":"Headbutt+1","floor":21},{"not_picked":["Pummel","Cleave"],"picked":"Shockwave","floor":24},{"not_picked":["Wild Strike","Iron Wave"],"picked":"Shrug It Off","floor":27},{"not_picked":["Sword Boomerang","Heavy Blade"],"picked":"Juggernaut","floor":29},{"not_picked":["Barricade","Demon Form"],"picked":"Reaper","floor":33},{"not_picked":["Thunderclap","Twin Strike+1","Havoc"],"picked":"SKIP","floor":35},{"not_picked":["Body Slam+1","Shrug It Off"],"picked":"Combust","floor":37},{"not_picked":["Searing Blow","Second Wind","Headbutt+1"],"picked":"SKIP","floor":39},{"not_picked":["Body Slam","Dropkick","Flex"],"picked":"SKIP","floor":40},{"not_picked":["Clothesline","Pommel Strike+1","Body Slam+1"],"picked":"Corruption","floor":42},{"not_picked":["Double Tap","Ghostly Armor","Spot Weakness"],"picked":"Shrug It Off+1","floor":47}],"player_experience":6359367,"relics_obtained":[{"floor":7,"key":"Omamori"},{"floor":9,"key":"Anchor"},{"floor":10,"key":"Lantern"},{"floor":13,"key":"Sundial"},{"floor":24,"key":"Juzu Bracelet"},{"floor":24,"key":"Pen Nib"},{"floor":26,"key":"Shuriken"},{"floor":29,"key":"Gremlin Horn"},{"floor":29,"key":"Strawberry"},{"floor":40,"key":"Matryoshka"},{"floor":40,"key":"Question Card"},{"floor":42,"key":"Letter Opener"},{"floor":42,"key":"Oddly Smooth Stone"},{"floor":43,"key":"Vajra"},{"floor":47,"key":"Singing Bowl"},{"floor":47,"key":"Pantograph"}],"event_choices":[{"damage_healed":0,"gold_gain":0,"player_choice":"Entered Light","damage_taken":23,"max_hp_gain":0,"max_hp_loss":0,"event_name":"Shining Light","floor":3,"gold_loss":0,"cards_upgraded":["Defend_R","Strike_R"]},{"cards_removed":["Strike_R"],"damage_healed":0,"gold_gain":0,"player_choice":"Card Removal","damage_taken":7,"max_hp_gain":0,"max_hp_loss":0,"event_name":"Golden Wing","floor":5,"gold_loss":0},{"damage_healed":18,"gold_gain":0,"player_choice":"Healed","damage_taken":0,"max_hp_gain":0,"max_hp_loss":0,"event_name":"The Cleric","floor":11,"gold_loss":35},{"damage_healed":0,"gold_gain":0,"player_choice":"Stole Relic","damage_taken":0,"relics_obtained":["Self Forming Clay"],"max_hp_gain":0,"max_hp_loss":0,"event_name":"Addict","floor":19,"gold_loss":0,"cards_obtained":["Shame"]},{"cards_removed":["Demon Form"],"damage_healed":27,"gold_gain":0,"player_choice":"Offered Rare","damage_taken":0,"max_hp_gain":10,"max_hp_loss":0,"event_name":"Bonfire Elementals","floor":20,"gold_loss":0},{"damage_healed":0,"gold_gain":180,"player_choice":"GOLD GOLD ","damage_taken":24,"max_hp_gain":0,"max_hp_loss":0,"event_name":"Knowing Skull","floor":22,"potions_obtained":[],"gold_loss":0,"cards_obtained":[]},{"cards_removed":["Strike_R"],"damage_healed":0,"gold_gain":0,"player_choice":"Upgrade and Remove","damage_taken":0,"max_hp_gain":0,"max_hp_loss":0,"event_name":"Designer","floor":28,"gold_loss":110,"cards_upgraded":["Shrug It Off"]},{"damage_healed":0,"gold_gain":275,"player_choice":"Desecrate","damage_taken":0,"max_hp_gain":0,"max_hp_loss":0,"event_name":"Golden Shrine","floor":36,"gold_loss":0,"cards_obtained":["Regret"]},{"damage_healed":0,"gold_gain":0,"player_choice":"Max HP","damage_taken":0,"max_hp_gain":0,"max_hp_loss":5,"event_name":"Winding Halls","floor":44,"gold_loss":0},{"damage_healed":0,"gold_gain":0,"player_choice":"Fight","damage_taken":0,"max_hp_gain":0,"max_hp_loss":0,"event_name":"Mysterious Sphere","floor":48,"gold_loss":0}],"is_beta":true,"boss_relics":[{"not_picked":["Mark of Pain","White Beast Statue"],"picked":"Black Star"},{"not_picked":["Eternal Feather","Black Blood"],"picked":"Lizard Tail"}],"items_purged_floors":[4,31,38],"is_endless":false,"potions_floor_spawned":[1,2,7,12,14,18,24,37,42],"killed_by":"2 Orb Walkers","ascension_level":20}