{"gold_per_floor":[368,28,28,28,43,43,83,96,144,144,144,164,164,208,208,304,304,322,447,468,503,52,52,70,38,88,111,146,176,176,24,24,119,119,137,203,203,425,425,463,463,497,497,538,538,538,561,8,8,8,8],"floor_reached":51,"playtime":3258,"items_purged":["Strike_G","Strike_G"],"score":1510,"play_id":"3214b2d1-a8cd-4d10-a467-46c0e1e9b505","local_time":"20190407011438","is_ascension_mode":true,"campfire_choices":[{"floor":6,"key":"REST"},{"data":"Predator","floor":13,"key":"SMITH"},{"floor":15,"key":"REST"},{"floor":23,"key":"REST"},{"data":"Deadly Poison","floor":30,"key":"SMITH"},{"data":"Noxious Fumes","floor":32,"key":"SMITH"},{"floor":41,"key":"REST"},{"floor":46,"key":"REST"},{"floor":49,"key":"RECALL"}],"neow_cost":"PERCENT_DAMAGE","seed_source_timestamp":483356469464175,"circlet_count":0,"master_deck":["AscendersBane","Defend_G","Defend_G","Defend_G","Defend_G","Defend_G","Strike_G","Survivor","Neutralize","Crippling Poison","Calculated Gamble","Backstab","Deadly Poison+1","Predator+1","Blur","Glass Knife","Dagger Spray","Acrobatics","Adrenaline","PiercingWail","Well Laid Plans","Crippling Poison+1","Well Laid Plans","Caltrops","Noxious Fumes+1","PiercingWail","Reflex+1","Backflip","Leg Sweep","Footwork","Backflip","Caltrops+1"],"relics":["Ring of the Snake","Snake Skull","Golden Idol","Oddly Smooth Stone","PreservedInsect","Bag of Marbles","The Courier","Regal Pillow","Sozu","Mango","Letter Opener","Red Mask","Matryoshka","Bronze Scales","Orichalcum","Paper Crane","Tiny Chest","Anchor","Empty Cage","The Specimen","Dead Branch","Blood Vial","Gremlin Horn","Art of War","Prayer Wheel","Membership Card","Torii","Frozen Egg 2","Calipers"],"potions_floor_usage":[7,16,16],"damage_taken":[{"damage":7,"enemies":"2 Louse","floor":1,"turns":4},{"damage":0,"enemies":"Small Slimes","floor":5,"turns":4},{"damage":31,"enemies":"3 Sentries","floor":7,"turns":18},{"damage":0,"enemies":"Jaw Worm","floor":8,"turns":3},{"damage":8,"enemies":"Large Slime","floor":12,"turns":4},{"damage":9,"enemies":"Lagavulin","floor":14,"turns":5},{"damage":37,"enemies":"Slime Boss","floor":16,"turns":14},{"damage":0,"enemies":"Chosen","floor":18,"turns":3},{"damage":16,"enemies":"Colosseum Slavers","floor":19,"turns":3},{"damage":0,"enemies":"Colosseum Nobs","floor":19,"turns":4},{"damage":0,"enemies":"3 Byrds","floor":20,"turns":3},{"damage":12,"enemies":"Masked Bandits","floor":21,"turns":4},{"damage":0,"enemies":"Snecko","floor":24,"turns":4},{"damage":0,"enemies":"3 Cultists","floor":27,"turns":3},{"damage":5,"enemies":"Slavers","floor":28,"turns":2},{"damage":3,"enemies":"Automaton","floor":33,"turns":9},{"damage":0,"enemies":"Orb Walker","floor":35,"turns":2},{"damage":22,"enemies":"2 Orb Walkers","floor":36,"turns":5},{"damage":43,"enemies":"Giant Head","floor":40,"turns":8},{"damage":16,"enemies":"Nemesis","floor":42,"turns":5},{"damage":19,"enemies":"Reptomancer","floor":44,"turns":3},{"damage":0,"enemies":"3 Darklings","floor":47,"turns":3},{"damage":21,"enemies":"Donu and Deca","floor":50,"turns":8},{"damage":32,"enemies":"Time Eater","floor":51,"turns":7}],"seed_played":"7478133825725075339","potions_obtained":[{"floor":8,"key":"GamblersBrew"},{"floor":12,"key":"EssenceOfSteel"}],"is_trial":false,"path_per_floor":["M","$","?","?","M","R","E","M","T","T","?","M","R","E","R","B",null,"M","?","M","?","$","R","M","$","T","M","E","T","R","$","R","B",null,"M","?","?","?","?","E","R","E","T","E","T","R","M","$","R","B","B"],"character_chosen":"THE_SILENT","items_purchased":["Snake Skull","PowerPotion","Calculated Gamble","Matryoshka","Bronze Scales","PiercingWail","Well Laid Plans","Well Laid Plans","Caltrops","Noxious Fumes","Membership Card","Torii","Frozen Egg 2","Calipers","Caltrops+1"],"campfire_rested":5,"item_purchase_floors":[2,2,2,22,22,22,25,31,31,31,48,48,48,48,48],"current_hp_per_floor":[37,37,37,19,19,37,6,6,6,6,26,18,18,9,42,5,46,46,44,44,32,32,69,69,69,69,69,64,64,64,64,64,61,71,71,49,49,49,49,6,42,26,26,9,9,45,47,47,47,28,0],"gold":8,"neow_bonus":"TWO_FIFTY_GOLD","is_prod":false,"is_daily":false,"chose_seed":false,"campfire_upgraded":3,"win_rate":0,"timestamp":1554614078,"path_taken":["M","$","?","?","M","R","E","M","T","?","?","M","R","E","R","BOSS","M","?","M","?","$","R","M","?","T","?","E","?","R","$","R","BOSS","M","?","?","?","?","E","R","E","T","E","?","R","?","$","R","BOSS","BOSS"],"build_version":"2019-01-23","purchased_purges":2,"victory":false,"max_hp_per_floor":[66,66,60,60,60,60,60,60,60,60,60,60,60,60,60,60,60,60,74,74,74,74,74,74,74,74,74,74,74,74,74,74,74,74,74,74,74,74,70,70,70,70,70,70,70,70,70,70,70,70,70],"card_choices":[{"not_picked":["PiercingWail","Bane"],"picked":"Crippling Poison","floor":1},{"not_picked":["Blade Dance","Acrobatics"],"picked":"Endless Agony","floor":5},{"not_picked":["Tools of the Trade","Catalyst"],"picked":"Backstab","floor":7},{"not_picked":["Blade Dance","Catalyst"],"picked":"Deadly Poison","floor":8},{"not_picked":["Reflex","Bouncing Flask"],"picked":"Predator","floor":12},{"not_picked":["Choke","Slice"],"picked":"Blur","floor":14},{"not_picked":["Doppelganger","Storm of Steel"],"picked":"Glass Knife","floor":16},{"not_picked":["Sucker Punch","Outmaneuver+1"],"picked":"Dagger Spray","floor":18},{"not_picked":["Blur","Sucker Punch"],"picked":"Acrobatics","floor":19},{"not_picked":["Blade Dance","Flying Knee"],"picked":"Adrenaline","floor":20},{"not_picked":["Acrobatics","Prepared","Masterful Stab"],"picked":"SKIP","floor":24},{"not_picked":["Tactician","Deadly Poison"],"picked":"Crippling Poison+1","floor":27},{"not_picked":["Heel Hook","Dagger Throw","Underhanded Strike"],"picked":"SKIP","floor":28},{"not_picked":["Flying Knee","Sucker Punch"],"picked":"PiercingWail","floor":35},{"not_picked":["Flying Knee","Expertise"],"picked":"Reflex+1","floor":40},{"not_picked":["Dodge and Roll","Deflect"],"picked":"Backflip","floor":42},{"not_picked":["Setup","Tools of the Trade"],"picked":"Leg Sweep","floor":44},{"not_picked":["Accuracy+1","Heel Hook"],"picked":"Footwork","floor":47},{"not_picked":["Calculated Gamble","Bane"],"picked":"Backflip","floor":47}],"player_experience":1674028,"relics_obtained":[{"floor":7,"key":"PreservedInsect"},{"floor":9,"key":"Bag of Marbles"},{"floor":10,"key":"The Courier"},{"floor":14,"key":"Regal Pillow"},{"floor":19,"key":"Mango"},{"floor":19,"key":"Letter Opener"},{"floor":21,"key":"Red Mask"},{"floor":26,"key":"Orichalcum"},{"floor":28,"key":"Paper Crane"},{"floor":29,"key":"Tiny Chest"},{"floor":29,"key":"Anchor"},{"floor":36,"key":"The Specimen"},{"floor":40,"key":"Dead Branch"},{"floor":42,"key":"Blood Vial"},{"floor":43,"key":"Gremlin Horn"},{"floor":44,"key":"Art of War"},{"floor":45,"key":"Prayer Wheel"}],"event_choices":[{"damage_healed":0,"gold_gain":0,"player_choice":"Lose Max HP","damage_taken":0,"relics_obtained":["Golden Idol"],"max_hp_gain":0,"max_hp_loss":6,"event_name":"Golden Idol","floor":3,"gold_loss":0},{"damage_healed":0,"gold_gain":0,"player_choice":"Success","damage_taken":18,"relics_obtained":["Oddly Smooth Stone"],"max_hp_gain":0,"max_hp_loss":0,"event_name":"Scrap Ooze","floor":4,"gold_loss":0},{"damage_healed":20,"gold_gain":0,"player_choice":"Banana","damage_taken":0,"max_hp_gain":0,"max_hp_loss":0,"event_name":"Big Fish","floor":11,"gold_loss":0},{"damage_healed":0,"gold_gain":0,"player_choice":"Fight","damage_taken":0,"max_hp_gain":0,"max_hp_loss":0,"event_name":"Colosseum","floor":19,"gold_loss":0},{"damage_healed":0,"gold_gain":0,"player_choice":"Fought Nobs","damage_taken":0,"max_hp_gain":0,"max_hp_loss":0,"event_name":"Colosseum","floor":19,"gold_loss":0},{"damage_healed":0,"gold_gain":0,"player_choice":"Fought Bandits","damage_taken":0,"max_hp_gain":0,"max_hp_loss":0,"event_name":"Masked Bandits","floor":21,"gold_loss":0},{"damage_healed":0,"gold_gain":0,"player_choice":"Fight","damage_taken":0,"max_hp_gain":0,"max_hp_loss":0,"event_name":"Mysterious Sphere","floor":36,"gold_loss":0},{"cards_removed":["Endless Agony"],"damage_healed":0,"gold_gain":0,"player_choice":"Removed Attack","damage_taken":0,"max_hp_gain":0,"max_hp_loss":0,"event_name":"Falling","floor":37,"gold_loss":0},{"damage_healed":0,"gold_gain":222,"player_choice":"Wore Mask","damage_taken":0,"max_hp_gain":0,"max_hp_loss":0,"event_name":"Tomb of Lord Red Mask","floor":38,"gold_loss":0},{"damage_healed":0,"gold_gain":0,"player_choice":"Max HP","damage_taken":0,"max_hp_gain":0,"max_hp_loss":4,"event_name":"Winding Halls","floor":39,"gold_loss":0}],"is_beta":false,"boss_relics":[{"not_picked":["Coffee Dripper","Orrery"],"picked":"Sozu"},{"not_picked":["Calling Bell","Black Star"],"picked":"Empty Cage"}],"items_purged_floors":[2,22],"is_endless":false,"potions_floor_spawned":[8,12,14,19,24,27,33,36,42,44,47],"killed_by":"Time Eater","ascension_level":20}