{"gold_per_floor":[117,117,129,129,148,148,176,176,176,209,209,209,209,234,234,310,310,330,342,342,53,53,53,53,53,53,53,82,101,112,212,212,286,286,299,299,319,319],"floor_reached":38,"playtime":1978,"items_purged":["Strike_R"],"score":816,"play_id":"0927a015-911c-4263-830d-9ea017405c1b","local_time":"20190407033347","is_ascension_mode":true,"campfire_choices":[{"data":"Clothesline","floor":6,"key":"SMITH"},{"data":"Feel No Pain","floor":8,"key":"SMITH"},{"floor":12,"key":"REST"},{"data":"Juggernaut","floor":15,"key":"SMITH"},{"data":"Body Slam","floor":23,"key":"SMITH"},{"data":"Flame Barrier","floor":25,"key":"SMITH"},{"data":"Shrug It Off","floor":27,"key":"SMITH"},{"data":"Metallicize","floor":32,"key":"SMITH"}],"neow_cost":"NONE","seed_source_timestamp":492986643540113,"circlet_count":0,"master_deck":["AscendersBane","Defend_R","Defend_R","Defend_R","Defend_R","Bash+1","Feel No Pain+1","Evolve","Clothesline+1","Shrug It Off+1","Double Tap","Juggernaut+1","Exhume","Body Slam+1","Flame Barrier+1","Hemokinesis","Cleave","Metallicize+1","Battle Trance","Juggernaut","Disarm"],"relics":["Burning Blood","Self Forming Clay","Juzu Bracelet","Omamori","Question Card","Thread and Needle","Sozu","Strawberry","Blood Vial","Torii","Prayer Wheel","The Courier","Black Star"],"potions_floor_usage":[7,16,28,31],"damage_taken":[{"damage":12,"enemies":"Cultist","floor":1,"turns":4},{"damage":9,"enemies":"Small Slimes","floor":3,"turns":6},{"damage":5,"enemies":"2 Louse","floor":5,"turns":3},{"damage":9,"enemies":"3 Sentries","floor":7,"turns":12},{"damage":38,"enemies":"Lagavulin","floor":10,"turns":11},{"damage":4,"enemies":"3 Sentries","floor":14,"turns":11},{"damage":29,"enemies":"Slime Boss","floor":16,"turns":10},{"damage":7,"enemies":"Shell Parasite","floor":18,"turns":4},{"damage":11,"enemies":"Spheric Guardian","floor":19,"turns":4},{"damage":11,"enemies":"Book of Stabbing","floor":28,"turns":4},{"damage":3,"enemies":"3 Cultists","floor":29,"turns":4},{"damage":5,"enemies":"Shelled Parasite and Fungi","floor":30,"turns":5},{"damage":15,"enemies":"Colosseum Slavers","floor":31,"turns":3},{"damage":20,"enemies":"Colosseum Nobs","floor":31,"turns":4},{"damage":21,"enemies":"Champ","floor":33,"turns":11},{"damage":14,"enemies":"Orb Walker","floor":35,"turns":4},{"damage":12,"enemies":"3 Shapes","floor":37,"turns":4},{"damage":84,"enemies":"2 Orb Walkers","floor":38,"turns":4}],"seed_played":"3093835955297328500","potions_obtained":[{"floor":5,"key":"Regen Potion"},{"floor":10,"key":"Explosive Potion"},{"floor":14,"key":"Explosive Potion"},{"floor":16,"key":"AttackPotion"}],"is_trial":false,"path_per_floor":["M","?","M","?","M","R","E","R","T","E","?","R","?","E","R","B",null,"M","M","?","$","?","R","?","R","T","R","E","M","M","?","R","B",null,"M","?","M","?"],"character_chosen":"IRONCLAD","items_purchased":["Strawberry","Flame Barrier"],"campfire_rested":1,"item_purchase_floors":[21,21],"current_hp_per_floor":[62,62,59,33,34,34,46,46,46,14,19,43,36,38,38,15,64,63,58,54,61,61,61,61,61,61,61,58,63,66,47,47,34,74,68,68,64,0],"gold":319,"neow_bonus":"THREE_CARDS","is_prod":false,"is_daily":false,"chose_seed":false,"campfire_upgraded":7,"win_rate":0,"timestamp":1554622427,"path_taken":["M","?","M","?","M","R","E","R","T","E","?","R","?","E","R","BOSS","M","M","?","$","?","R","?","R","T","R","E","M","M","?","R","BOSS","M","?","M","?"],"build_version":"2019-01-23","purchased_purges":1,"victory":false,"max_hp_per_floor":[75,75,75,75,75,75,75,75,75,75,80,80,80,80,80,80,80,80,80,80,87,87,87,87,87,87,87,87,87,87,87,87,87,87,87,87,87,87],"card_choices":[{"not_picked":["Wild Strike","Clothesline"],"picked":"Feel No Pain","floor":0},{"not_picked":["Anger","Rampage"],"picked":"Evolve","floor":1},{"not_picked":["Flex","Iron Wave"],"picked":"Clothesline","floor":3},{"not_picked":["Anger","True Grit"],"picked":"Shrug It Off","floor":5},{"not_picked":["Cleave","Hemokinesis"],"picked":"Double Tap","floor":7},{"not_picked":["Bloodletting","Anger","Sentinel"],"picked":"SKIP","floor":10},{"not_picked":["Shrug It Off","Anger","Pommel Strike"],"picked":"Juggernaut","floor":14},{"not_picked":["Brutality","Reaper","Berserk"],"picked":"Exhume","floor":16},{"not_picked":["Sentinel","Uppercut","Heavy Blade","Perfected Strike"],"picked":"SKIP","floor":18},{"not_picked":["Rampage","Iron Wave","Battle Trance"],"picked":"Body Slam","floor":19},{"not_picked":["Intimidate","Wild Strike","Rupture+1","Spot Weakness"],"picked":"SKIP","floor":28},{"not_picked":["Spot Weakness","Armaments","Anger"],"picked":"Metallicize","floor":29},{"not_picked":["Bludgeon","Clothesline","Thunderclap"],"picked":"Battle Trance","floor":30},{"not_picked":["Fiend Fire","Brutality","Double Tap"],"picked":"Juggernaut","floor":33},{"not_picked":["Flex+1","Intimidate+1","Bloodletting"],"picked":"Burning Pact","floor":35},{"not_picked":["Perfected Strike","Searing Blow","Cleave"],"picked":"Disarm","floor":35},{"not_picked":["Headbutt","Perfected Strike","Thunderclap+1","Iron Wave"],"picked":"SKIP","floor":37},{"not_picked":["Combust+1","Perfected Strike","Pommel Strike","Headbutt+1"],"picked":"SKIP","floor":37}],"player_experience":1683400,"relics_obtained":[{"floor":7,"key":"Juzu Bracelet"},{"floor":9,"key":"Omamori"},{"floor":10,"key":"Question Card"},{"floor":14,"key":"Thread and Needle"},{"floor":26,"key":"Blood Vial"},{"floor":28,"key":"Torii"},{"floor":31,"key":"Prayer Wheel"},{"floor":31,"key":"The Courier"}],"event_choices":[{"damage_healed":0,"gold_gain":0,"player_choice":"Grow","damage_taken":0,"max_hp_gain":0,"max_hp_loss":0,"event_name":"Living Wall","floor":2,"gold_loss":0,"cards_upgraded":["Bash"]},{"damage_healed":0,"gold_gain":0,"player_choice":"Success","damage_taken":26,"relics_obtained":["Self Forming Clay"],"max_hp_gain":0,"max_hp_loss":0,"event_name":"Scrap Ooze","floor":4,"gold_loss":0},{"damage_healed":0,"gold_gain":0,"player_choice":"Donut","damage_taken":0,"max_hp_gain":5,"max_hp_loss":0,"event_name":"Big Fish","floor":11,"gold_loss":0},{"cards_removed":["Strike_R"],"damage_healed":0,"gold_gain":0,"player_choice":"Card Removal","damage_taken":7,"max_hp_gain":0,"max_hp_loss":0,"event_name":"Golden Wing","floor":13,"gold_loss":0},{"damage_healed":0,"gold_gain":0,"player_choice":"Bought 0 Potions","damage_taken":0,"max_hp_gain":0,"max_hp_loss":0,"event_name":"The Woman in Blue","floor":20,"gold_loss":0},{"cards_removed":["Strike_R"],"damage_healed":0,"gold_gain":0,"player_choice":"Elegance","damage_taken":0,"max_hp_gain":0,"max_hp_loss":0,"event_name":"Back to Basics","floor":22,"gold_loss":0},{"damage_healed":0,"gold_gain":0,"cards_transformed":["Strike_R","Strike_R"],"player_choice":"Became Test Subject","damage_taken":0,"max_hp_gain":0,"max_hp_loss":0,"event_name":"Drug Dealer","floor":24,"gold_loss":0,"cards_obtained":["Hemokinesis","Cleave"]},{"damage_healed":0,"gold_gain":0,"player_choice":"Fight","damage_taken":0,"max_hp_gain":0,"max_hp_loss":0,"event_name":"Colosseum","floor":31,"gold_loss":0},{"damage_healed":0,"gold_gain":0,"player_choice":"Fought Nobs","damage_taken":0,"max_hp_gain":0,"max_hp_loss":0,"event_name":"Colosseum","floor":31,"gold_loss":0},{"cards_removed":["Burning Pact"],"damage_healed":0,"gold_gain":0,"player_choice":"Removed Skill","damage_taken":0,"max_hp_gain":0,"max_hp_loss":0,"event_name":"Falling","floor":36,"gold_loss":0},{"damage_healed":0,"gold_gain":0,"player_choice":"Fight","damage_taken":0,"max_hp_gain":0,"max_hp_loss":0,"event_name":"Mysterious Sphere","floor":38,"gold_loss":0}],"is_beta":false,"boss_relics":[{"not_picked":["Philosopher\u0027s Stone","Astrolabe"],"picked":"Sozu"},{"not_picked":["White Beast Statue","Runic Dome"],"picked":"Black Star"}],"items_purged_floors":[21],"is_endless":false,"potions_floor_spawned":[5,10,14,16,18,19,29,31,35],"killed_by":"2 Orb Walkers","ascension_level":20}