{"gold_per_floor":[113,38,52,52,67,67,67,67,67,78,78,78,78,106,106,177,177,157,157,167,183,197,197,42,60,60,72,72,72,88,88,88,88],"floor_reached":33,"playtime":1225,"items_purged":["Strike_G"],"score":457,"play_id":"e7c2e8b7-3951-4ec1-afa4-6012a666209a","local_time":"20180804101756","is_ascension_mode":true,"campfire_choices":[{"data":"Neutralize","floor":6.0,"key":"SMITH"},{"data":"A Thousand Cuts","floor":8.0,"key":"SMITH"},{"floor":15.0,"key":"REST"},{"floor":23.0,"key":"REST"},{"data":"Bullet Time","floor":28.0,"key":"SMITH"},{"floor":32,"key":"REST"}],"neow_cost":"NONE","seed_source_timestamp":176451141859460,"circlet_count":0,"master_deck":["Defend_G","Defend_G","Defend_G","Defend_G","Defend_G","Survivor","Neutralize+1","AscendersBane","Terror","Dagger Throw","A Thousand Cuts+1","Dash","Rage","Leg Sweep","Burst","Crippling Poison","PiercingWail","Dagger Spray","Backflip","Bullet Time+1","Tools of the Trade","Backflip","Dodge and Roll","Cloak And Dagger","Bite","Bite","Bite","Bite","Bite"],"special_seed":0,"relics":["Ring of the Snake","Smiling Mask","Mercury Hourglass","Anchor","Art of War","Orrery","Kunai","Oddly Smooth Stone","Ninja Scroll"],"potions_floor_usage":[33,33],"damage_taken":[{"damage":2.0,"enemies":"Cultist","floor":1.0,"turns":4.0},{"damage":1.0,"enemies":"Jaw Worm","floor":3.0,"turns":4.0},{"damage":0.0,"enemies":"2 Louse","floor":5.0,"turns":3.0},{"damage":6.0,"enemies":"Looter","floor":10.0,"turns":3.0},{"damage":23.0,"enemies":"Gremlin Nob","floor":14.0,"turns":4.0},{"damage":28.0,"enemies":"Slime Boss","floor":16.0,"turns":10.0},{"damage":10.0,"enemies":"2 Thieves","floor":18.0,"turns":4.0},{"damage":11.0,"enemies":"Shell Parasite","floor":20.0,"turns":11.0},{"damage":8.0,"enemies":"Snake Plant","floor":21.0,"turns":5.0},{"damage":3.0,"enemies":"Slaver and Parasite","floor":22.0,"turns":11.0},{"damage":7.0,"enemies":"Centurion and Healer","floor":25.0,"turns":11.0},{"damage":11.0,"enemies":"Chosen and Byrds","floor":27.0,"turns":6.0},{"damage":6,"enemies":"Cultist and Chosen","floor":30,"turns":8},{"damage":71,"enemies":"Champ","floor":33,"turns":16}],"seed_played":"-4349657392254412607","potions_obtained":[{"floor":1.0,"key":"Weak Potion"},{"floor":5.0,"key":"Regen Potion"},{"floor":11.0,"key":"Dexterity Potion"},{"floor":14.0,"key":"Weak Potion"},{"floor":20.0,"key":"LiquidBronze"},{"floor":22.0,"key":"Dexterity Potion"}],"is_trial":false,"path_per_floor":["M","$","M","$","M","R","?","R","T","M","?","?","?","E","R","B",null,"M","T","M","M","M","R","$","M","T","M","R","?","M","?","R"],"character_chosen":"THE_SILENT","items_purchased":["Oddly Smooth Stone"],"campfire_rested":3,"item_purchase_floors":[24],"current_hp_per_floor":[57,57,56,56,56,56,56,56,56,50,50,50,24,13,32,4,51,41,41,30,22,19,38,38,31,31,20,20,20,14,14,27,0],"gold":88,"neow_bonus":"TRANSFORM_CARD","is_prod":false,"is_daily":false,"chose_seed":false,"campfire_upgraded":3,"win_rate":0,"timestamp":1533403076,"path_taken":["M","$","?","$","M","R","?","R","T","M","?","?","?","E","R","BOSS","M","?","?","M","M","R","$","M","T","M","R","?","M","?","R","BOSS"],"build_version":"2018-08-01","purchased_purges":1,"victory":false,"max_hp_per_floor":[66,66,66,66,66,66,66,66,66,66,66,66,66,66,66,66,66,66,66,66,66,66,66,66,66,66,66,66,66,66,46,46,46],"card_choices":[{"not_picked":["Flechettes","Dodge and Roll"],"picked":"Dagger Throw","floor":1.0},{"not_picked":["Poisoned Stab","Acrobatics"],"picked":"A Thousand Cuts","floor":3.0},{"not_picked":["Cloak And Dagger","Finisher"],"picked":"Dash","floor":5.0},{"not_picked":["Skewer","Terror"],"picked":"Dagger Throw","floor":10.0},{"not_picked":["Dagger Throw","Night Terror"],"picked":"Leg Sweep","floor":14.0},{"not_picked":["Envenom","Unload"],"picked":"Burst","floor":16.0},{"not_picked":["Deflect","Leg Sweep"],"picked":"Crippling Poison","floor":17.0},{"not_picked":["Sucker Punch","Finisher"],"picked":"PiercingWail","floor":17.0},{"not_picked":["Dodge and Roll","PiercingWail"],"picked":"Dagger Spray","floor":17.0},{"not_picked":["Bane","Endless Agony"],"picked":"Backflip","floor":17.0},{"not_picked":["Deadly Poison","Sucker Punch"],"picked":"Bullet Time","floor":18.0},{"not_picked":["Backflip","Dagger Spray","Poisoned Stab"],"picked":"SKIP","floor":20.0},{"not_picked":["Dagger Throw+1","Outmaneuver","Poisoned Stab"],"picked":"SKIP","floor":21.0},{"not_picked":["Bane","Expertise"],"picked":"Tools of the Trade","floor":22.0},{"not_picked":["Acrobatics","Dodge and Roll"],"picked":"Backflip","floor":25.0},{"not_picked":["Predator","Tactician+1"],"picked":"Dodge and Roll","floor":27.0},{"not_picked":["Riddle With Holes","Quick Slash"],"picked":"Cloak And Dagger","floor":30}],"player_experience":841488,"relics_obtained":[{"floor":9.0,"key":"Mercury Hourglass"},{"floor":14.0,"key":"Art of War"},{"floor":19.0,"key":"Kunai"},{"floor":26.0,"key":"Ninja Scroll"}],"event_choices":[{"event_name":"Dead Adventurer","player_choice":"Searched \u00271\u0027 times","floor":7.0,"damage_taken":0.0},{"event_name":"The Lab","player_choice":"Got Potions","floor":11.0,"damage_taken":0.0},{"event_name":"NoteForYourself","player_choice":"Took Card","floor":12.0,"damage_taken":0.0},{"event_name":"Scrap Ooze","player_choice":"success","floor":13.0,"damage_taken":26.0},{"event_name":"Addict","player_choice":"Ignored","floor":29.0,"damage_taken":0.0},{"event_name":"Vampires","player_choice":"Became a vampire","floor":31,"damage_taken":0}],"is_beta":true,"boss_relics":[{"not_picked":["WristBlade","Lizard Tail"],"picked":"Orrery"}],"items_purged_floors":[2],"is_endless":false,"potions_floor_spawned":[1,5,14,20,22,25,27],"killed_by":"Champ","ascension_level":15}