{"gold_per_floor":[114,124,199,218,218,250,33,33,57,86,106,140,152,152,152,226,226,244,256,13,38,38,38,38],"floor_reached":24,"playtime":1180,"items_purged":["Beam Cell"],"score":528,"play_id":"27f25c87-7ff1-4631-8489-a7d72c9462b8","local_time":"20190328034544","is_ascension_mode":true,"campfire_choices":[{"data":"Zap","floor":8,"key":"SMITH"},{"data":"Defragment","floor":15,"key":"SMITH"},{"floor":23,"key":"REST"}],"neow_cost":"NONE","seed_source_timestamp":957748457497491,"circlet_count":0,"master_deck":["AscendersBane","Defend_B","Defend_B+1","Defend_B+1","Defend_B","Zap+1","Dualcast","Go for the Eyes","Cold Snap","Cold Snap","Defragment+1","White Noise","Barrage","All For One","Beam Cell+1","Echo Form+1","Stack+1","Sunder","Reinforced Body","Defragment","Shame"],"relics":["Cracked Core","War Paint","MawBank","Sling","DataDisk","Cables","Vajra","Astrolabe","Orichalcum","Red Mask","Smiling Mask"],"potions_floor_usage":[6,10,18,19,21],"damage_taken":[{"damage":3,"enemies":"Small Slimes","floor":1,"turns":3},{"damage":6,"enemies":"2 Louse","floor":2,"turns":3},{"damage":2,"enemies":"Jaw Worm","floor":4,"turns":3},{"damage":29,"enemies":"3 Sentries","floor":6,"turns":10},{"damage":5,"enemies":"Lagavulin","floor":10,"turns":4},{"damage":1,"enemies":"2 Fungi Beasts","floor":11,"turns":3},{"damage":11,"enemies":"Gremlin Nob","floor":12,"turns":4},{"damage":6,"enemies":"Red Slaver","floor":13,"turns":3},{"damage":0,"enemies":"Slime Boss","floor":16,"turns":9},{"damage":6,"enemies":"Shell Parasite","floor":18,"turns":5},{"damage":1,"enemies":"3 Byrds","floor":19,"turns":2},{"damage":42,"enemies":"Masked Bandits","floor":21,"turns":5},{"damage":32,"enemies":"Gremlin Leader","floor":24,"turns":3}],"seed_played":"-2101212760186514477","potions_obtained":[{"floor":1,"key":"Swift Potion"},{"floor":4,"key":"Poison Potion"},{"floor":6,"key":"Weak Potion"},{"floor":12,"key":"PowerPotion"},{"floor":16,"key":"LiquidBronze"},{"floor":18,"key":"Poison Potion"},{"floor":21,"key":"Strength Potion"}],"is_trial":false,"path_per_floor":["M","M","?","M","?","E","$","R","T","E","M","E","M","?","R","B",null,"M","M","$","?","?","R","E"],"character_chosen":"DEFECT","items_purchased":["Sling","Orichalcum"],"campfire_rested":1,"item_purchase_floors":[7,20],"current_hp_per_floor":[61,55,44,42,65,36,36,36,36,31,30,19,13,13,13,13,57,51,50,50,8,8,29,0],"gold":38,"neow_bonus":"RANDOM_COMMON_RELIC","is_prod":false,"is_daily":false,"chose_seed":false,"campfire_upgraded":2,"win_rate":0,"timestamp":1553759144,"path_taken":["M","M","?","M","?","E","?","R","T","E","M","E","M","?","R","BOSS","M","M","$","?","?","R","E"],"build_version":"2019-01-23","purchased_purges":1,"victory":false,"max_hp_per_floor":[71,71,71,71,71,71,71,71,71,71,71,71,71,71,71,71,71,71,71,71,71,71,71,71],"card_choices":[{"not_picked":["Melter","Reprogram"],"picked":"Go for the Eyes","floor":1},{"not_picked":["Gash","Chaos"],"picked":"Cold Snap","floor":2},{"not_picked":["Turbo","Beam Cell","Stack"],"picked":"SKIP","floor":4},{"not_picked":["Coolheaded","Leap"],"picked":"Cold Snap","floor":6},{"not_picked":["Streamline","Chaos"],"picked":"Defragment","floor":10},{"not_picked":["Genetic Algorithm","Conserve Battery"],"picked":"White Noise","floor":11},{"not_picked":["Steam","Melter"],"picked":"Barrage","floor":12},{"not_picked":["Steam Power","Barrage"],"picked":"Beam Cell","floor":13},{"not_picked":["Echo Form","Reboot"],"picked":"All For One","floor":16},{"not_picked":["Aggregate","Leap"],"picked":"Sunder","floor":18},{"not_picked":["Cold Snap","Darkness"],"picked":"Reinforced Body","floor":19},{"not_picked":["Auto Shields","Conserve Battery"],"picked":"Defragment","floor":21}],"player_experience":1460536,"relics_obtained":[{"floor":6,"key":"MawBank"},{"floor":9,"key":"DataDisk"},{"floor":10,"key":"Cables"},{"floor":12,"key":"Vajra"},{"floor":21,"key":"Red Mask"}],"event_choices":[{"damage_healed":0,"gold_gain":75,"player_choice":"Gather Gold","damage_taken":11,"max_hp_gain":0,"max_hp_loss":0,"event_name":"World of Goop","floor":3,"gold_loss":0},{"damage_healed":23,"gold_gain":0,"player_choice":"Banana","damage_taken":0,"max_hp_gain":0,"max_hp_loss":0,"event_name":"Big Fish","floor":5,"gold_loss":0},{"cards_removed":["Strike_B"],"damage_healed":0,"gold_gain":0,"player_choice":"Purged","damage_taken":0,"max_hp_gain":0,"max_hp_loss":0,"event_name":"Purifier","floor":14,"gold_loss":0},{"damage_healed":0,"gold_gain":0,"player_choice":"Fought Bandits","damage_taken":0,"max_hp_gain":0,"max_hp_loss":0,"event_name":"Masked Bandits","floor":21,"gold_loss":0},{"damage_healed":0,"gold_gain":0,"player_choice":"Stole Relic","damage_taken":0,"relics_obtained":["Smiling Mask"],"max_hp_gain":0,"max_hp_loss":0,"event_name":"Addict","floor":22,"gold_loss":0,"cards_obtained":["Shame"]}],"is_beta":false,"boss_relics":[{"not_picked":["Busted Crown","Fusion Hammer"],"picked":"Astrolabe"}],"items_purged_floors":[20],"is_endless":false,"potions_floor_spawned":[1,4,6,12,16,18,21],"killed_by":"Gremlin Leader","ascension_level":20}