{"path_per_floor":["M","M","?","?","M","?","?","E","T","R","M","R","$","M","R","B",null,"M","?","?","M","M"],"character_chosen":"IRONCLAD","items_purchased":["Singing Bowl","Metallicize"],"gold_per_floor":[112,123,123,123,139,139,139,178,255,255,280,280,53,71,71,196,196,219,219,119,135,151],"floor_reached":23,"campfire_rested":0,"playtime":1239,"current_hp_per_floor":[80,80,64,80,80,60,60,29,29,29,34,34,34,36,36,23,80,72,57,57,41,23],"items_purged":[],"gold":151,"score":242,"play_id":"03cc3873-4402-4c49-b98c-6adbf6475a21","is_prod":false,"is_daily":false,"is_ascension_mode":false,"campfire_upgraded":3,"path_taken":["M","?","?","?","?","?","?","E","T","R","M","R","$","?","R","BOSS","M","?","?","M","M","E"],"build_version":"2018-02-15-PROD1","purchased_purges":1,"victory":false,"master_deck":["Defend_R","Defend_R","Defend_R","Defend_R","Bash+1","Armaments+1","Pommel Strike+1","Spot Weakness+1","Spot Weakness","Heavy Blade+1","Metallicize+1","Inflame+1","Demon Form+1","Bite","Bite","Bite","Bite","Bite","J.A.X."],"max_hp_per_floor":[80,80,80,80,80,80,80,80,80,80,80,80,80,80,80,80,80,82,57,57,59,61],"relics":["Burning Blood","Golden Idol","Matryoshka","Prayer Wheel","Frozen Egg 2","Singing Bowl","Sozu"],"card_choices":[{"not_picked":["Warcry","Anger"],"picked":"Armaments"},{"not_picked":["Rupture","Wild Strike"],"picked":"Pommel Strike"},{"not_picked":["Carnage","Armaments"],"picked":"Spot Weakness"},{"not_picked":["Warcry","Rupture"],"picked":"Spot Weakness"},{"not_picked":["Dual Wield","Rage"],"picked":"Heavy Blade"},{"not_picked":["Clash","Sentinel"],"picked":"Inflame"},{"not_picked":["Dark Embrace","Immolate"],"picked":"Demon Form"}],"player_experience":263634,"potions_floor_usage":[14,16],"damage_taken":[{"damage":6,"enemies":"Cultist","floor":1,"turns":3},{"damage":0,"enemies":"Jaw Worm","floor":2,"turns":5},{"damage":0,"enemies":"Small Slimes","floor":5,"turns":3},{"damage":37,"enemies":"Lagavulin","floor":8,"turns":7},{"damage":1,"enemies":"3 Louse","floor":11,"turns":4},{"damage":4,"enemies":"Gremlin Gang","floor":14,"turns":3},{"damage":19,"enemies":"The Guardian","floor":16,"turns":8},{"damage":16,"enemies":"Shell Parasite","floor":18,"turns":4},{"damage":28,"enemies":"2 Thieves","floor":21,"turns":4},{"damage":36,"enemies":"Snecko","floor":22,"turns":5},{"damage":32,"enemies":"Slavers","floor":23,"turns":2}],"event_choices":[{"event_name":"Shining Light","player_choice":"Entered Light","floor":3,"damage_taken":0},{"event_name":"Wheel of Change","player_choice":"Full Heal","floor":4,"damage_taken":0},{"event_name":"Golden Idol","player_choice":"Take Damage","floor":6,"damage_taken":0},{"event_name":"Bonfire Elementals","player_choice":"BASIC","floor":7,"damage_taken":0},{"event_name":"Vampires","player_choice":"Became a vampire","floor":19,"damage_taken":0},{"event_name":"Drug Dealer","player_choice":"Got JAXXED","floor":20,"damage_taken":0}],"boss_relics":[{"not_picked":["Runic Pyramid","Astrolabe"],"picked":"Sozu"}],"potions_floor_spawned":[2,5,18,22],"seed_played":"6968128145546548807","killed_by":"Slavers","ascension_level":0,"is_trial":false}