{"path_per_floor":["M","?","?","M","?","R","E","R","T","E","$","E","?","M","R"],"character_chosen":"THE_SILENT","items_purchased":["Caltrops","Dagger Throw","Eviscerate"],"gold_per_floor":[112,112,112,127,127,127,154,154,180,208,53,87,47,62,62,62],"floor_reached":16,"campfire_rested":0,"playtime":736,"current_hp_per_floor":[62,70,70,70,70,70,54,54,54,32,32,1,1,13,13,0],"items_purged":[],"gold":62,"score":186,"play_id":"a6e24666-ae9d-47da-b887-d25c7bde4fac","local_time":"20180328164548","is_prod":false,"is_daily":false,"is_ascension_mode":true,"campfire_upgraded":3,"timestamp":1522269948,"path_taken":["M","?","?","?","?","R","E","R","T","E","?","E","?","M","R","BOSS"],"build_version":"2018-03-22v2","purchased_purges":0,"victory":false,"master_deck":["Defend_G","Defend_G","Defend_G","Defend_G","Defend_G","Strike_G","Strike_G","Strike_G","Strike_G","Strike_G","Survivor+1","Neutralize+1","AscendersBane","Leg Sweep+1","Caltrops+1","Escape Plan","Tactician","Caltrops","Dagger Throw","Eviscerate+1","Malaise","Deflect"],"max_hp_per_floor":[70,70,70,70,70,70,70,70,70,70,70,70,70,70,70,70],"relics":["Ring of the Snake","Unceasing Top","Juzu Bracelet","Calipers","Ice Cream"],"card_choices":[{"not_picked":["Cloak And Dagger","Bane"],"picked":"Leg Sweep","floor":1},{"not_picked":["Concentrate","Deflect"],"picked":"Caltrops","floor":4},{"not_picked":["Bane","Quick Slash"],"picked":"Escape Plan","floor":7},{"not_picked":["Heel Hook","Skewer"],"picked":"Tactician","floor":10},{"not_picked":["PiercingWail","Calculated Gamble"],"picked":"Malaise","floor":12},{"not_picked":["Poisoned Stab","Crippling Poison"],"picked":"Deflect","floor":14}],"player_experience":614498,"potions_floor_usage":[7,14,14,16],"damage_taken":[{"damage":1,"enemies":"Small Slimes","floor":1,"turns":4},{"damage":0,"enemies":"Cultist","floor":4,"turns":7},{"damage":16,"enemies":"Lagavulin","floor":7,"turns":13},{"damage":22,"enemies":"3 Sentries","floor":10,"turns":11},{"damage":31,"enemies":"Gremlin Nob","floor":12,"turns":5},{"damage":0,"enemies":"2 Louse","floor":14,"turns":5},{"damage":14,"enemies":"Hexaghost","floor":16,"turns":9}],"event_choices":[{"event_name":"Wheel of Change","player_choice":"Full Heal","floor":2,"damage_taken":0},{"event_name":"Upgrade Shrine","player_choice":"Upgraded","floor":3,"damage_taken":0},{"event_name":"Living Wall","player_choice":"Grow","floor":5,"damage_taken":0},{"event_name":"The Woman in Blue","player_choice":"Bought 3 Potions","floor":13,"damage_taken":0}],"boss_relics":[],"potions_floor_spawned":[1,14],"seed_played":"-5213599613918814974","killed_by":"Hexaghost","ascension_level":12,"is_trial":false}