{"gold_per_floor":[114,114,124,19,29,60,75,75,75,107,125,155,155,190,190,294,294,308,308,89,100,117,152,152,169,216,216,228,253,269,296,296,398,398,415,169,169,183,198,198,298,326,351,368,368,379,414,428,428,428],"floor_reached":50,"playtime":4694,"items_purged":["Strike_B","Strike_B"],"score":823,"play_id":"97ffd072-8773-474c-90b0-a51e7ce7695c","local_time":"20190425102540","is_ascension_mode":true,"campfire_choices":[{"data":"Lockon","floor":8,"key":"SMITH"},{"data":"Defragment","floor":13,"key":"SMITH"},{"data":"Conserve Battery","floor":15,"key":"SMITH"},{"data":"Fission","floor":24,"key":"SMITH"},{"data":"Hologram","floor":27,"key":"SMITH"},{"floor":32,"key":"REST"},{"data":"Fission","floor":40,"key":"SMITH"},{"floor":49,"key":"RECALL"}],"neow_cost":"NONE","seed_source_timestamp":1179260135845028,"circlet_count":0,"master_deck":["Strike_B","Strike_B","Defend_B+1","Defend_B+1","Defend_B","Defend_B","Zap+1","Dualcast","Lockon+1","Auto Shields","Consume","Defragment+1","Ball Lightning","Conserve Battery+1","Sweeping Beam","Chill","Hologram+1","FTL+1","Chill","Fission+1","Go for the Eyes+1","Undo","Ball Lightning+1","Glacier+1","Sunder+1","Meteor Strike+1","Defragment","Defragment","Capacitor","Fission+1","Chill","White Noise+1","Regret","Meteor Strike+1","Madness","Madness","Defragment+1"],"relics":["Cracked Core","War Paint","Mummified Hand","Pear","Molten Egg 2","DataDisk","Dream Catcher","Runic Dome","Bag of Preparation","Bag of Marbles","Art of War","Thread and Needle","Blood Vial","Cursed Key","Bronze Scales","Juzu Bracelet","Bird Faced Urn"],"potions_floor_usage":[12,12,12,42,46,48,50,50],"damage_taken":[{"damage":0,"enemies":"Cultist","floor":1,"turns":4},{"damage":0,"enemies":"Small Slimes","floor":3,"turns":3},{"damage":0,"enemies":"Jaw Worm","floor":5,"turns":3},{"damage":13,"enemies":"Lagavulin","floor":6,"turns":5},{"damage":2,"enemies":"Red Slaver","floor":7,"turns":2},{"damage":12,"enemies":"3 Sentries","floor":10,"turns":5},{"damage":0,"enemies":"2 Fungi Beasts","floor":11,"turns":3},{"damage":0,"enemies":"Gremlin Nob","floor":12,"turns":3},{"damage":16,"enemies":"Lagavulin","floor":14,"turns":5},{"damage":18,"enemies":"Hexaghost","floor":16,"turns":8},{"damage":3,"enemies":"2 Thieves","floor":18,"turns":4},{"damage":0,"enemies":"3 Byrds","floor":21,"turns":5},{"damage":23,"enemies":"Snecko","floor":22,"turns":5},{"damage":1,"enemies":"Book of Stabbing","floor":23,"turns":5},{"damage":0,"enemies":"Cultist and Chosen","floor":25,"turns":6},{"damage":0,"enemies":"Snake Plant","floor":28,"turns":3},{"damage":15,"enemies":"Gremlin Leader","floor":29,"turns":7},{"damage":0,"enemies":"Centurion and Healer","floor":30,"turns":5},{"damage":0,"enemies":"Slavers","floor":31,"turns":2},{"damage":22,"enemies":"Champ","floor":33,"turns":11},{"damage":0,"enemies":"3 Darklings","floor":35,"turns":4},{"damage":0,"enemies":"3 Shapes","floor":38,"turns":3},{"damage":0,"enemies":"Transient","floor":39,"turns":5},{"damage":16,"enemies":"Giant Head","floor":42,"turns":9},{"damage":1,"enemies":"Writhing Mass","floor":44,"turns":3},{"damage":15,"enemies":"Jaw Worm Horde","floor":46,"turns":3},{"damage":33,"enemies":"Nemesis","floor":47,"turns":9},{"damage":9,"enemies":"Sphere and 2 Shapes","floor":48,"turns":3},{"damage":26,"enemies":"Time Eater","floor":50,"turns":4}],"seed_played":"1703945498545834052","potions_obtained":[{"floor":5,"key":"EssenceOfSteel"},{"floor":10,"key":"Poison Potion"},{"floor":11,"key":"AttackPotion"},{"floor":14,"key":"Ancient Potion"},{"floor":16,"key":"Block Potion"},{"floor":18,"key":"SkillPotion"},{"floor":42,"key":"Strength Potion"},{"floor":46,"key":"SteroidPotion"},{"floor":47,"key":"Swift Potion"}],"is_trial":false,"path_per_floor":["M","?","M","$","M","E","M","R","T","E","M","E","R","E","R","B",null,"M","?","$","M","M","E","R","M","T","R","M","E","M","E","R","B",null,"M","$","?","M","M","R","?","E","T","M","?","M","E","M","R","B"],"character_chosen":"DEFECT","items_purchased":["Consume","Defragment","Bag of Preparation","Bronze Scales"],"campfire_rested":1,"item_purchase_floors":[4,4,20,36],"current_hp_per_floor":[75,75,75,75,75,62,60,60,70,58,58,58,58,42,42,24,85,82,82,82,82,59,58,58,58,58,58,58,43,43,43,68,48,85,85,85,85,85,85,85,85,69,69,70,59,46,15,18,18,0],"gold":428,"neow_bonus":"RANDOM_COMMON_RELIC","is_prod":false,"is_daily":false,"chose_seed":false,"campfire_upgraded":6,"win_rate":0,"timestamp":1556184340,"path_taken":["M","?","M","$","?","E","M","R","T","E","M","E","R","E","R","BOSS","M","?","?","?","M","E","R","M","T","R","M","E","M","E","R","BOSS","M","$","?","M","?","R","?","E","T","M","?","M","E","M","R","BOSS"],"build_version":"2019-01-23","purchased_purges":2,"victory":false,"max_hp_per_floor":[75,75,75,75,75,75,75,75,85,85,85,85,85,85,85,85,85,85,85,85,85,85,85,85,85,85,85,85,85,85,85,85,85,85,85,85,85,85,85,85,85,85,85,85,85,85,85,85,85,85],"card_choices":[{"not_picked":["Turbo","Steam"],"picked":"Lockon","floor":1},{"not_picked":["Scrape","Barrage"],"picked":"Auto Shields","floor":3},{"not_picked":["Hello World","Barrage"],"picked":"Ball Lightning","floor":5},{"not_picked":["BootSequence","Reprogram"],"picked":"Conserve Battery","floor":6},{"not_picked":["Compile Driver","Tempest"],"picked":"Sweeping Beam","floor":7},{"not_picked":["Static Discharge","Streamline"],"picked":"Chill","floor":10},{"not_picked":["Streamline+1","Doom and Gloom+1"],"picked":"Hologram","floor":11},{"not_picked":["Compile Driver+1","Barrage+1"],"picked":"FTL+1","floor":12},{"not_picked":["Steam Power","Turbo"],"picked":"Chill","floor":14},{"not_picked":["Multi-Cast","Amplify"],"picked":"Fission","floor":16},{"not_picked":["Consume","Streamline+1"],"picked":"Go for the Eyes+1","floor":18},{"not_picked":["Loop","Leap"],"picked":"Undo","floor":21},{"not_picked":["Redo+1","Aggregate"],"picked":"Ball Lightning+1","floor":22},{"not_picked":["Rainbow","Double Energy"],"picked":"Glacier+1","floor":23},{"not_picked":["Barrage+1","Streamline+1"],"picked":"Sunder+1","floor":25},{"not_picked":["Recycle","Hologram","Stack"],"picked":"SKIP","floor":28},{"not_picked":["Go for the Eyes+1","Hyperbeam+1"],"picked":"Meteor Strike+1","floor":29},{"not_picked":["Streamline+1","Self Repair"],"picked":"Defragment","floor":30},{"not_picked":["BootSequence","Rip and Tear+1"],"picked":"Defragment","floor":31},{"not_picked":["Go for the Eyes+1","Rip and Tear+1"],"picked":"Capacitor","floor":32},{"not_picked":["Meteor Strike+1","Amplify"],"picked":"Fission","floor":33},{"not_picked":["Ball Lightning+1","Stack+1"],"picked":"Chill","floor":35},{"not_picked":["Beam Cell+1","Cold Snap+1","Leap"],"picked":"SKIP","floor":38},{"not_picked":["Rebound+1","Consume"],"picked":"White Noise+1","floor":39},{"not_picked":["Aggregate+1","Leap","Turbo+1"],"picked":"SKIP","floor":42},{"not_picked":["Ball Lightning+1","Barrage+1"],"picked":"Meteor Strike+1","floor":44},{"not_picked":["Hello World+1","Beam Cell+1","Gash+1"],"picked":"SKIP","floor":46},{"not_picked":["Hologram","Compile Driver+1"],"picked":"Defragment+1","floor":47},{"not_picked":["Redo","Streamline+1","Aggregate"],"picked":"SKIP","floor":48}],"player_experience":194434,"relics_obtained":[{"floor":6,"key":"Mummified Hand"},{"floor":9,"key":"Pear"},{"floor":10,"key":"Molten Egg 2"},{"floor":12,"key":"DataDisk"},{"floor":14,"key":"Dream Catcher"},{"floor":23,"key":"Bag of Marbles"},{"floor":26,"key":"Art of War"},{"floor":29,"key":"Thread and Needle"},{"floor":31,"key":"Blood Vial"},{"floor":42,"key":"Juzu Bracelet"},{"floor":47,"key":"Bird Faced Urn"}],"event_choices":[{"damage_healed":0,"gold_gain":0,"player_choice":"Upgraded","damage_taken":0,"max_hp_gain":0,"max_hp_loss":0,"event_name":"Upgrade Shrine","floor":2,"gold_loss":0,"cards_upgraded":["Zap"]},{"damage_healed":0,"gold_gain":0,"player_choice":"Bought 0 Potions","damage_taken":0,"max_hp_gain":0,"max_hp_loss":0,"event_name":"The Woman in Blue","floor":19,"gold_loss":0},{"damage_healed":0,"gold_gain":0,"player_choice":"Got Potions","damage_taken":0,"max_hp_gain":0,"max_hp_loss":0,"event_name":"Lab","floor":37,"gold_loss":0},{"damage_healed":0,"gold_gain":100,"player_choice":"Pray","damage_taken":0,"max_hp_gain":0,"max_hp_loss":0,"event_name":"Golden Shrine","floor":41,"gold_loss":0},{"damage_healed":0,"gold_gain":0,"player_choice":"Embrace Madness","damage_taken":11,"max_hp_gain":0,"max_hp_loss":0,"event_name":"Winding Halls","floor":45,"gold_loss":0,"cards_obtained":["Madness","Madness"]}],"is_beta":false,"boss_relics":[{"not_picked":["Lizard Tail","Empty Cage"],"picked":"Runic Dome"},{"not_picked":["Black Star","Orrery"],"picked":"Cursed Key"}],"items_purged_floors":[20,36],"is_endless":false,"potions_floor_spawned":[5,10,11,14,16,18,25,28,33,39,42,46,47],"killed_by":"Time Eater","ascension_level":4}