{"gold_per_floor":[109,128,128,142,15,40,58,58,82,112,122,122,23,53,53,127,127,139,139,139,152,152,152,152,167,167,197,197,20,20,32,32,103,103,122,197,217,40,40,40,140,140,167,167,77,77,52,69,69,69],"floor_reached":50,"playtime":2379,"items_purged":[],"score":941,"play_id":"e33a0c51-6f8c-4c32-a942-99226dbe1fcc","local_time":"20190324011033","is_ascension_mode":true,"campfire_choices":[{"data":"Defragment","floor":8,"key":"SMITH"},{"data":"Sunder","floor":12,"key":"SMITH"},{"data":"Fission","floor":15,"key":"SMITH"},{"data":"Loop","floor":23,"key":"SMITH"},{"data":"Self Repair","floor":28,"key":"SMITH"},{"floor":32,"key":"REST"},{"floor":40,"key":"REST"},{"floor":44,"key":"RECALL"},{"floor":46,"key":"REST"},{"data":"Capacitor","floor":49,"key":"SMITH"}],"neow_cost":"NONE","seed_source_timestamp":601579047286239,"circlet_count":0,"master_deck":["AscendersBane","Strike_B","Strike_B+1","Strike_B","Strike_B","Defend_B","Defend_B","Defend_B","Defend_B","Zap+1","Dualcast","Compile Driver","Steam","Defragment+1","Self Repair+1","Gash","Core Surge","Loop+1","Fission+1","Sunder+1","Ball Lightning","Conserve Battery","Electrodynamics","Coolheaded","Hologram","Gash","Capacitor+1","Dark Shackles+1","Hologram+1","Auto Shields+1","Amplify+1","Chill+1","Stack+1","Double Energy+1","Reinforced Body+1","Redo+1","Skim+1"],"relics":["Cracked Core","NeowsBlessing","Omamori","DataDisk","Anchor","Juzu Bracelet","Sozu","Centennial Puzzle","Mummified Hand","Symbiotic Virus","Toxic Egg 2","Singing Bowl","Cursed Key","Dream Catcher","Nunchaku"],"potions_floor_usage":[11,14,16,27],"damage_taken":[{"damage":0,"enemies":"Cultist","floor":1,"turns":1},{"damage":0,"enemies":"Jaw Worm","floor":2,"turns":1},{"damage":0,"enemies":"2 Louse","floor":4,"turns":1},{"damage":44,"enemies":"3 Sentries","floor":6,"turns":8},{"damage":6,"enemies":"Exordium Thugs","floor":7,"turns":4},{"damage":18,"enemies":"Gremlin Nob","floor":10,"turns":4},{"damage":0,"enemies":"3 Louse","floor":11,"turns":3},{"damage":0,"enemies":"3 Sentries","floor":14,"turns":2},{"damage":20,"enemies":"Slime Boss","floor":16,"turns":8},{"damage":11,"enemies":"Spheric Guardian","floor":18,"turns":3},{"damage":7,"enemies":"3 Byrds","floor":21,"turns":4},{"damage":19,"enemies":"Sentry and Sphere","floor":25,"turns":4},{"damage":8,"enemies":"Gremlin Leader","floor":27,"turns":3},{"damage":11,"enemies":"Chosen and Byrds","floor":31,"turns":5},{"damage":27,"enemies":"Champ","floor":33,"turns":8},{"damage":1,"enemies":"3 Shapes","floor":35,"turns":6},{"damage":26,"enemies":"3 Darklings","floor":37,"turns":4},{"damage":9,"enemies":"Mind Bloom Boss Battle","floor":41,"turns":7},{"damage":21,"enemies":"Jaw Worm Horde","floor":48,"turns":5},{"damage":71,"enemies":"Time Eater","floor":50,"turns":4}],"seed_played":"-6541157201976954673","potions_obtained":[{"floor":2,"key":"SpeedPotion"},{"floor":4,"key":"Block Potion"},{"floor":10,"key":"PowerPotion"},{"floor":11,"key":"Swift Potion"},{"floor":16,"key":"Strength Potion"}],"is_trial":false,"path_per_floor":["M","M","?","M","$","E","M","R","T","E","M","R","$","E","R","B",null,"M","?","?","M","?","R","?","M","T","E","R","$","T","M","R","B",null,"M","?","M","$","?","R","?","?","T","R","?","R","$","M","R","B"],"character_chosen":"DEFECT","items_purchased":["Self Repair","Gash","Ball Lightning","Conserve Battery","Capacitor","Dark Shackles+1","Hologram+1","Stack+1","Dream Catcher","Redo+1"],"campfire_rested":3,"item_purchase_floors":[5,5,13,13,29,29,29,38,38,47],"current_hp_per_floor":[64,64,64,64,64,27,28,28,28,17,24,24,24,24,24,11,56,52,39,39,39,39,39,39,27,27,26,26,26,26,25,47,30,65,76,69,53,53,55,81,82,82,82,82,79,79,79,68,68,0],"gold":69,"neow_bonus":"THREE_ENEMY_KILL","is_prod":false,"is_daily":false,"chose_seed":false,"campfire_upgraded":6,"win_rate":0,"timestamp":1553404233,"path_taken":["M","?","?","?","$","E","M","R","T","E","M","R","$","E","R","BOSS","M","?","?","M","?","R","?","M","T","E","R","$","?","M","R","BOSS","M","?","M","?","?","R","?","?","T","R","?","R","?","M","R","BOSS"],"build_version":"2019-01-23","purchased_purges":0,"victory":false,"max_hp_per_floor":[71,71,71,71,71,71,71,71,71,71,71,71,71,71,71,71,71,71,76,76,76,76,76,76,76,76,76,76,76,76,76,76,76,76,78,78,78,78,80,82,82,82,82,82,79,79,79,79,79,79],"card_choices":[{"not_picked":["Turbo","Redo"],"picked":"Compile Driver","floor":1},{"not_picked":["Rebound","Reprogram"],"picked":"Steam","floor":2},{"not_picked":["Conserve Battery","Blizzard"],"picked":"Defragment","floor":4},{"not_picked":["Tempest","Hello World"],"picked":"Core Surge","floor":6},{"not_picked":["Hologram","Leap"],"picked":"Loop","floor":7},{"not_picked":["Reprogram","Storm"],"picked":"Fission","floor":10},{"not_picked":["White Noise","FTL"],"picked":"Sunder","floor":11},{"not_picked":["Beam Cell","Streamline","Turbo"],"picked":"SKIP","floor":14},{"not_picked":["Rainbow","Reboot"],"picked":"Electrodynamics","floor":16},{"not_picked":["BootSequence","Leap"],"picked":"Coolheaded","floor":18},{"not_picked":["Skim","Rebound"],"picked":"Hologram","floor":21},{"not_picked":["Stack","Barrage"],"picked":"Gash","floor":25},{"not_picked":["Rebound","Compile Driver","Sweeping Beam"],"picked":"SKIP","floor":27},{"not_picked":["Multi-Cast+1","Rebound"],"picked":"Auto Shields+1","floor":31},{"not_picked":["Reboot+1","Thunder Strike"],"picked":"Amplify+1","floor":33},{"not_picked":["Heatsinks","Compile Driver","Self Repair"],"picked":"Singing Bowl","floor":35},{"not_picked":["Stack+1","Conserve Battery+1"],"picked":"Chill+1","floor":37},{"not_picked":["Swift Strike","Jack Of All Trades+1","Sadistic Nature"],"picked":"Singing Bowl","floor":39},{"not_picked":["Ball Lightning+1","Rip and Tear","Self Repair"],"picked":"Singing Bowl","floor":40},{"not_picked":["Conserve Battery+1","Loop"],"picked":"Double Energy+1","floor":41},{"not_picked":["Stack+1","Turbo+1"],"picked":"Reinforced Body+1","floor":46},{"not_picked":["Fusion+1","Heatsinks"],"picked":"Skim+1","floor":48}],"player_experience":1380151,"relics_obtained":[{"floor":6,"key":"Omamori"},{"floor":9,"key":"DataDisk"},{"floor":10,"key":"Anchor"},{"floor":14,"key":"Juzu Bracelet"},{"floor":26,"key":"Symbiotic Virus"},{"floor":27,"key":"Toxic Egg 2"},{"floor":30,"key":"Singing Bowl"},{"floor":41,"key":"Nunchaku"}],"event_choices":[{"damage_healed":0,"gold_gain":0,"player_choice":"Upgraded","damage_taken":0,"max_hp_gain":0,"max_hp_loss":0,"event_name":"Upgrade Shrine","floor":3,"gold_loss":0,"cards_upgraded":["Zap"]},{"damage_healed":0,"gold_gain":0,"player_choice":"Shed Blood","damage_taken":18,"max_hp_gain":5,"max_hp_loss":0,"event_name":"Forgotten Altar","floor":19,"gold_loss":0},{"damage_healed":0,"gold_gain":0,"player_choice":"Opened","damage_taken":0,"relics_obtained":["Centennial Puzzle"],"max_hp_gain":0,"max_hp_loss":0,"event_name":"The Mausoleum","floor":20,"gold_loss":0,"cards_obtained":["Writhe"]},{"damage_healed":0,"gold_gain":0,"player_choice":"Ignored","damage_taken":0,"max_hp_gain":0,"max_hp_loss":0,"event_name":"Ghosts","floor":22,"gold_loss":0},{"damage_healed":0,"gold_gain":0,"player_choice":"Stole Relic","damage_taken":0,"relics_obtained":["Mummified Hand"],"max_hp_gain":0,"max_hp_loss":0,"event_name":"Addict","floor":24,"gold_loss":0,"cards_obtained":["Shame"]},{"damage_healed":0,"gold_gain":75,"player_choice":"Touch","damage_taken":7,"max_hp_gain":0,"max_hp_loss":0,"event_name":"FaceTrader","floor":36,"gold_loss":0},{"damage_healed":0,"gold_gain":0,"player_choice":"Memory 1","damage_taken":0,"max_hp_gain":0,"max_hp_loss":0,"event_name":"SensoryStone","floor":39,"gold_loss":0},{"damage_healed":0,"gold_gain":0,"player_choice":"Fight","damage_taken":0,"max_hp_gain":0,"max_hp_loss":0,"event_name":"MindBloom","floor":41,"gold_loss":0},{"damage_healed":0,"gold_gain":0,"player_choice":"Bought 0 Potions","damage_taken":0,"max_hp_gain":0,"max_hp_loss":0,"event_name":"The Woman in Blue","floor":42,"gold_loss":0},{"cards_removed":["Parasite"],"damage_healed":0,"gold_gain":0,"player_choice":"Upgrade and Remove","damage_taken":0,"max_hp_gain":0,"max_hp_loss":0,"event_name":"Designer","floor":45,"gold_loss":90,"cards_upgraded":["Strike_B"]}],"is_beta":false,"boss_relics":[{"not_picked":["Philosopher\u0027s Stone","Coffee Dripper"],"picked":"Sozu"},{"not_picked":["Velvet Choker","Lizard Tail"],"picked":"Cursed Key"}],"items_purged_floors":[],"is_endless":false,"potions_floor_spawned":[2,4,6,10,11,16,21,31,41],"killed_by":"Time Eater","ascension_level":14}