{"path_per_floor":["M","?","M","$","?","R","M","M","T","?","M","E","?","T","R","B",null,"M","M","?","?","M","R","E","?","T","M","R","M","M","M","R"],"character_chosen":"IRONCLAD","items_purchased":["Carnage","Entrench"],"gold_per_floor":[112,112,124,14,14,14,34,52,106,181,198,233,233,233,233,354,354,367,380,380,280,304,304,348,448,448,461,461,475,493,509,509],"floor_reached":33,"campfire_rested":1,"playtime":2702,"current_hp_per_floor":[80,77,78,78,78,78,80,76,76,65,43,40,40,40,40,27,80,80,70,70,70,65,65,26,26,26,21,45,42,28,37,37],"items_purged":[],"gold":509,"score":269,"play_id":"3269a1f3-5e41-4865-b2d1-8d95d89030b3","is_prod":false,"is_daily":false,"is_ascension_mode":false,"campfire_upgraded":4,"path_taken":["M","?","M","?","?","R","M","M","T","?","?","E","?","?","R","BOSS","M","M","?","?","M","R","E","?","T","?","R","M","M","M","R","BOSS"],"build_version":"2018-02-12-PROD1","purchased_purges":0,"victory":false,"master_deck":["Strike_R+1","Strike_R+1","Strike_R+1","Strike_R+1","Strike_R+1","Defend_R+1","Defend_R+1","Defend_R+1","Defend_R+1","Bash","Feel No Pain","Warcry","Havoc","Carnage","Entrench+1","Demon Form+1","Bash","Body Slam","Metallicize","Dark Embrace+1","Armaments+1","J.A.X.","Sword Boomerang+1","Iron Wave+1","Flex+1","Body Slam+1","Feel No Pain+1","Sever Soul"],"max_hp_per_floor":[80,80,80,80,80,80,80,80,80,80,80,80,80,80,80,80,80,80,80,80,80,80,80,80,80,80,80,80,80,80,80,80],"relics":["Burning Blood","Dodecahedron","Orichalcum","Omamori","Golden Idol","Magic Flower","Velvet Choker","Self Forming Clay","Red Skull"],"card_choices":[{"not_picked":["Anger","Shrug It Off"],"picked":"Feel No Pain"},{"not_picked":["Twin Strike","Sword Boomerang"],"picked":"Warcry"},{"not_picked":["Dual Wield","Perfected Strike"],"picked":"Havoc"},{"not_picked":["Cleave","Evolve"],"picked":"Body Slam"},{"not_picked":["Sever Soul","Spot Weakness"],"picked":"Metallicize"},{"not_picked":["Immolate","Exhume"],"picked":"Dark Embrace"},{"not_picked":["Heavy Blade","Shrug It Off"],"picked":"Armaments"},{"not_picked":["Whirlwind","Twin Strike"],"picked":"Sword Boomerang"},{"not_picked":["Spot Weakness","Bloodletting"],"picked":"Iron Wave"},{"not_picked":["Headbutt","Thunderclap"],"picked":"Flex"},{"not_picked":["Heavy Blade","Thunderclap"],"picked":"Body Slam"},{"not_picked":["Clash","Berserk"],"picked":"Feel No Pain"},{"not_picked":["Thunderclap","Iron Wave"],"picked":"Sever Soul"}],"player_experience":253246,"potions_floor_usage":[11,12,24,27,29,29,31,33],"damage_taken":[{"damage":1,"enemies":"Jaw Worm","floor":1,"turns":5},{"damage":5,"enemies":"2 Louse","floor":3,"turns":2},{"damage":0,"enemies":"Cultist","floor":7,"turns":3},{"damage":10,"enemies":"Looter","floor":8,"turns":3},{"damage":28,"enemies":"Gremlin Gang","floor":11,"turns":6},{"damage":9,"enemies":"3 Sentries","floor":12,"turns":8},{"damage":22,"enemies":"Hexaghost","floor":16,"turns":8},{"damage":7,"enemies":"Spheric Guardian","floor":18,"turns":6},{"damage":19,"enemies":"Chosen","floor":19,"turns":7},{"damage":14,"enemies":"Snecko","floor":22,"turns":5},{"damage":48,"enemies":"Gremlin Leader","floor":24,"turns":7},{"damage":14,"enemies":"Cultist and Chosen","floor":27,"turns":7},{"damage":12,"enemies":"Snake Plant","floor":29,"turns":3},{"damage":23,"enemies":"Centurion and Healer","floor":30,"turns":6},{"damage":0,"enemies":"Cultist and Chosen","floor":31,"turns":5},{"damage":51,"enemies":"Automaton","floor":33,"turns":6}],"event_choices":[{"event_name":"Scrap Ooze","player_choice":"success","floor":2,"damage_taken":3},{"event_name":"Match and Keep!","player_choice":"2 cards matched","floor":5,"damage_taken":0},{"event_name":"World of Goop","player_choice":"Gather Gold","floor":10,"damage_taken":0},{"event_name":"Golden Idol","player_choice":"Take Wound","floor":13,"damage_taken":0},{"event_name":"Back to Basics","player_choice":"Simplicity","floor":20,"damage_taken":0},{"event_name":"Drug Dealer","player_choice":"Got JAXXED","floor":21,"damage_taken":0},{"event_name":"Golden Shrine","player_choice":"Pray","floor":25,"damage_taken":0}],"boss_relics":[{"not_picked":["Question Card","White Beast Statue"],"picked":"Velvet Choker"}],"potions_floor_spawned":[3,7,11,16,22,24,27,30],"seed_played":"5718932882522408857","killed_by":"Automaton","ascension_level":0,"is_trial":false}