{"gold_per_floor":[109,124,134,153,172,172,185,185,263,282,302,302,317,331,331,407,407,307,17,17,17,17,17],"floor_reached":23,"playtime":991,"items_purged":["Strike_B"],"score":382,"play_id":"3c6638dc-6515-42eb-8726-dac3f5e1f8df","local_time":"20190507211906","is_ascension_mode":true,"campfire_choices":[{"data":"Loop","floor":6,"key":"SMITH"},{"floor":12,"key":"REST"},{"floor":15,"key":"REST"}],"neow_cost":"NONE","seed_source_timestamp":38777578159798,"circlet_count":0,"master_deck":["AscendersBane","Strike_B","Strike_B","Strike_B","Defend_B","Defend_B","Defend_B","Defend_B","Zap+1","Dualcast","Steam","Compile Driver","Loop+1","Sweeping Beam","Barrage","Biased Cognition","Hologram","Cold Snap","Static Discharge+1","BootSequence","Ball Lightning"],"relics":["Inserter","Darkstone Periapt","Ectoplasm","ClockworkSouvenir"],"potions_floor_usage":[4,10,10,10,10,16,16,22],"damage_taken":[{"damage":1,"enemies":"Cultist","floor":1,"turns":3},{"damage":2,"enemies":"2 Louse","floor":2,"turns":3},{"damage":4,"enemies":"Jaw Worm","floor":3,"turns":4},{"damage":6,"enemies":"Gremlin Gang","floor":4,"turns":8},{"damage":19,"enemies":"Blue Slaver","floor":5,"turns":6},{"damage":18,"enemies":"Large Slime","floor":7,"turns":6},{"damage":4,"enemies":"Red Slaver","floor":10,"turns":2},{"damage":8,"enemies":"Blue Slaver","floor":11,"turns":4},{"damage":7,"enemies":"Looter","floor":13,"turns":3},{"damage":13,"enemies":"3 Louse","floor":14,"turns":4},{"damage":13,"enemies":"Slime Boss","floor":16,"turns":10},{"damage":7,"enemies":"2 Thieves","floor":18,"turns":4},{"damage":5,"enemies":"Chosen","floor":21,"turns":6},{"damage":21,"enemies":"Centurion and Healer","floor":22,"turns":9},{"damage":22,"enemies":"Book of Stabbing","floor":23,"turns":2}],"seed_played":"2982801866905222033","potions_obtained":[{"floor":2,"key":"AttackPotion"},{"floor":3,"key":"Poison Potion"},{"floor":7,"key":"EntropicBrew"},{"floor":10,"key":"Poison Potion"},{"floor":13,"key":"PowerPotion"},{"floor":18,"key":"Block Potion"},{"floor":21,"key":"SpeedPotion"}],"is_trial":false,"path_per_floor":["M","M","M","M","M","R","M","?","T","M","M","R","M","M","R","B",null,"M","$","?","M","M","E"],"character_chosen":"DEFECT","items_purchased":["ClockworkSouvenir"],"campfire_rested":2,"item_purchase_floors":[19],"current_hp_per_floor":[63,61,57,51,32,32,14,14,14,10,2,23,16,3,24,11,56,49,49,42,37,16,0],"gold":17,"neow_bonus":"BOSS_RELIC","is_prod":false,"is_daily":false,"chose_seed":false,"campfire_upgraded":1,"win_rate":0,"timestamp":1557256746,"path_taken":["M","M","M","?","M","R","M","?","T","?","M","R","M","M","R","BOSS","M","$","?","M","?","E"],"build_version":"2019-01-23","purchased_purges":1,"victory":false,"max_hp_per_floor":[71,71,71,71,71,71,71,71,71,71,71,71,71,71,71,71,71,71,71,71,71,71,71],"card_choices":[{"not_picked":["Recycle","Capacitor"],"picked":"Steam","floor":1},{"not_picked":["Undo","Go for the Eyes","Beam Cell"],"picked":"SKIP","floor":2},{"not_picked":["Fusion","Hologram"],"picked":"Compile Driver","floor":3},{"not_picked":["Compile Driver","Leap"],"picked":"Loop","floor":4},{"not_picked":["Capacitor","Loop"],"picked":"Sweeping Beam","floor":5},{"not_picked":["Undo","Hologram"],"picked":"Barrage","floor":7},{"not_picked":["Steam Power","Scrape"],"picked":"Biased Cognition","floor":10},{"not_picked":["Sweeping Beam","Rip and Tear"],"picked":"Hologram","floor":11},{"not_picked":["Sweeping Beam","Beam Cell","Scrape"],"picked":"SKIP","floor":13},{"not_picked":["Lockon","Streamline"],"picked":"Cold Snap","floor":14},{"not_picked":["Streamline","Leap"],"picked":"Static Discharge+1","floor":18},{"not_picked":["Conserve Battery","Chill"],"picked":"BootSequence","floor":21},{"not_picked":["Hologram","Go for the Eyes"],"picked":"Ball Lightning","floor":22}],"player_experience":340916,"relics_obtained":[{"floor":9,"key":"Darkstone Periapt"}],"event_choices":[{"damage_healed":0,"gold_gain":0,"player_choice":"Forge","damage_taken":0,"max_hp_gain":0,"max_hp_loss":0,"event_name":"Accursed Blacksmith","floor":8,"gold_loss":0,"cards_upgraded":["Zap"]},{"damage_healed":0,"gold_gain":0,"player_choice":"","damage_taken":7,"max_hp_gain":0,"max_hp_loss":0,"event_name":"Knowing Skull","floor":20,"potions_obtained":[],"gold_loss":0,"cards_obtained":[]}],"is_beta":false,"boss_relics":[{"not_picked":["Coffee Dripper","Runic Pyramid"],"picked":"Ectoplasm"}],"items_purged_floors":[19],"is_endless":false,"potions_floor_spawned":[2,3,7,10,13,18,21],"killed_by":"Book of Stabbing","ascension_level":20}