{"gold_per_floor":[211,230,230,230,248,277,277,277,328,328,348,375,375,401,401,479,479,490,500,500,515,135,135,164,164,164,192,212,225,225,225,225,304,304,317,317,336,336,352,352,386,386,437,451,464,479,479,511,511,511,511],"floor_reached":51,"playtime":1637,"items_purged":["Strike_R+1"],"score":1630,"play_id":"37fb4337-9058-4cd2-a434-82cf644cf6a0","local_time":"20190507114556","is_ascension_mode":true,"campfire_choices":[{"data":"Bash","floor":8,"key":"SMITH"},{"floor":10,"key":"REST"},{"floor":13,"key":"REST"},{"data":"Whirlwind","floor":15,"key":"SMITH"},{"data":"Limit Break","floor":23,"key":"SMITH"},{"data":"Metallicize","floor":25,"key":"SMITH"},{"data":"Demon Form","floor":30,"key":"SMITH"},{"data":"Corruption","floor":32,"key":"SMITH"},{"data":"Metallicize","floor":40,"key":"SMITH"},{"floor":42,"key":"DIG"},{"floor":47,"key":"RECALL"},{"floor":49,"key":"REST"}],"neow_cost":"NONE","seed_source_timestamp":530540875795633,"circlet_count":0,"master_deck":["AscendersBane","Strike_R+1","Strike_R+1","Strike_R+1","Strike_R+1","Defend_R+1","Defend_R+1","Defend_R+1","Defend_R+1","Bash+1","Spot Weakness","Battle Trance","Cleave","Shrug It Off","Immolate","Shrug It Off","Whirlwind+1","Limit Break+1","Sword Boomerang","Shrug It Off+1","Corruption+1","Metallicize+1","Intimidate","Demon Form+1","Metallicize+1","Impervious","Parasite","Intimidate+1","Armaments+1"],"relics":["Burning Blood","Pen Nib","Boot","Red Skull","Nunchaku","Velvet Choker","ClockworkSouvenir","Paper Frog","Dream Catcher","Runic Pyramid","GremlinMask","Shovel","Letter Opener","Potion Belt","Smiling Mask"],"potions_floor_usage":[6,16,19,33,41,50,50,51],"damage_taken":[{"damage":21,"enemies":"Small Slimes","floor":1,"turns":6},{"damage":8,"enemies":"2 Louse","floor":2,"turns":4},{"damage":7,"enemies":"Cultist","floor":5,"turns":4},{"damage":35,"enemies":"3 Sentries","floor":6,"turns":5},{"damage":7,"enemies":"Looter","floor":11,"turns":4},{"damage":20,"enemies":"Lagavulin","floor":12,"turns":3},{"damage":32,"enemies":"Gremlin Nob","floor":14,"turns":4},{"damage":0,"enemies":"Slime Boss","floor":16,"turns":3},{"damage":3,"enemies":"Spheric Guardian","floor":18,"turns":3},{"damage":12,"enemies":"Shell Parasite","floor":19,"turns":4},{"damage":0,"enemies":"3 Cultists","floor":21,"turns":2},{"damage":0,"enemies":"Slavers","floor":24,"turns":1},{"damage":28,"enemies":"Book of Stabbing","floor":27,"turns":5},{"damage":7,"enemies":"Centurion and Healer","floor":28,"turns":5},{"damage":0,"enemies":"Sentry and Sphere","floor":29,"turns":1},{"damage":31,"enemies":"Automaton","floor":33,"turns":8},{"damage":18,"enemies":"3 Darklings","floor":35,"turns":4},{"damage":0,"enemies":"3 Shapes","floor":37,"turns":6},{"damage":16,"enemies":"Writhing Mass","floor":39,"turns":6},{"damage":22,"enemies":"Nemesis","floor":41,"turns":6},{"damage":1,"enemies":"Jaw Worm Horde","floor":44,"turns":2},{"damage":0,"enemies":"Sphere and 2 Shapes","floor":45,"turns":5},{"damage":6,"enemies":"4 Shapes","floor":46,"turns":11},{"damage":34,"enemies":"Giant Head","floor":48,"turns":7},{"damage":29,"enemies":"Awakened One","floor":50,"turns":8},{"damage":17,"enemies":"Donu and Deca","floor":51,"turns":2}],"seed_played":"210927054410194970","potions_obtained":[{"floor":1,"key":"Explosive Potion"},{"floor":2,"key":"PowerPotion"},{"floor":12,"key":"Energy Potion"},{"floor":18,"key":"BloodPotion"},{"floor":24,"key":"Swift Potion"},{"floor":37,"key":"Swift Potion"},{"floor":44,"key":"Weak Potion"},{"floor":45,"key":"Weak Potion"},{"floor":46,"key":"Dexterity Potion"}],"is_trial":false,"path_per_floor":["M","M","?","?","M","E","?","R","T","R","M","E","R","E","R","B",null,"M","M","?","M","$","R","E","R","T","E","M","M","R","?","R","B",null,"M","?","M","?","M","R","E","R","T","M","M","M","R","E","R","B","B"],"character_chosen":"IRONCLAD","items_purchased":["ClockworkSouvenir","Corruption"],"campfire_rested":3,"item_purchase_floors":[22,22],"current_hp_per_floor":[53,51,75,75,74,45,22,22,22,44,43,29,51,25,25,31,64,67,68,68,74,74,74,75,75,75,53,52,58,58,58,58,33,65,53,53,59,59,49,49,33,33,33,38,44,44,44,16,37,14,0],"gold":511,"neow_bonus":"HUNDRED_GOLD","is_prod":false,"is_daily":false,"chose_seed":false,"campfire_upgraded":7,"win_rate":0,"timestamp":1557254756,"path_taken":["M","M","?","?","M","E","?","R","T","R","M","E","R","E","R","BOSS","M","M","?","M","$","R","E","R","T","E","M","M","R","?","R","BOSS","M","?","M","?","M","R","E","R","T","?","?","M","R","E","R","BOSS","BOSS"],"build_version":"2019-04-23","purchased_purges":1,"victory":false,"max_hp_per_floor":[75,75,75,75,75,75,75,75,75,75,75,75,75,75,75,75,75,75,75,75,75,75,75,75,75,75,75,75,75,75,75,75,75,75,75,71,71,71,71,71,71,71,71,71,71,71,71,71,71,71,71],"card_choices":[{"not_picked":["Iron Wave","Clash"],"picked":"Spot Weakness","floor":1},{"not_picked":["Sword Boomerang","Headbutt"],"picked":"Battle Trance","floor":2},{"not_picked":["Warcry","True Grit"],"picked":"Cleave","floor":5},{"not_picked":["Armaments","Cleave"],"picked":"Shrug It Off","floor":6},{"not_picked":["Flex","Headbutt"],"picked":"Immolate","floor":11},{"not_picked":["Wild Strike","Inflame"],"picked":"Shrug It Off","floor":12},{"not_picked":["Dropkick","Cleave"],"picked":"Whirlwind","floor":14},{"not_picked":["Exhume","Double Tap"],"picked":"Limit Break","floor":16},{"not_picked":["Pommel Strike","Body Slam","Headbutt"],"picked":"SKIP","floor":18},{"not_picked":["Inflame","Perfected Strike"],"picked":"Sword Boomerang","floor":19},{"not_picked":["Wild Strike","Thunderclap"],"picked":"Shrug It Off+1","floor":21},{"not_picked":["Clash","Thunderclap+1"],"picked":"Metallicize","floor":24},{"not_picked":["Whirlwind","Anger"],"picked":"Intimidate","floor":27},{"not_picked":["Spot Weakness","Armaments"],"picked":"Demon Form","floor":28},{"not_picked":["Twin Strike","Body Slam+1"],"picked":"Metallicize","floor":29},{"not_picked":["Brutality","Juggernaut"],"picked":"Impervious","floor":33},{"not_picked":["Armaments","Headbutt","Combust+1"],"picked":"SKIP","floor":35},{"not_picked":["Flex","Metallicize","Wild Strike"],"picked":"SKIP","floor":37},{"not_picked":["Infernal Blade","Blood for Blood"],"picked":"Intimidate+1","floor":39},{"not_picked":["Bloodletting","Iron Wave","Limit Break"],"picked":"SKIP","floor":41},{"not_picked":["Clash+1","Hemokinesis","Armaments"],"picked":"SKIP","floor":44},{"not_picked":["Body Slam","Clothesline+1","Spot Weakness+1"],"picked":"SKIP","floor":45},{"not_picked":["Anger+1","Pommel Strike","Twin Strike"],"picked":"SKIP","floor":46},{"not_picked":["Brutality","Spot Weakness"],"picked":"Armaments+1","floor":48}],"player_experience":1230528,"relics_obtained":[{"floor":6,"key":"Pen Nib"},{"floor":9,"key":"Boot"},{"floor":12,"key":"Red Skull"},{"floor":14,"key":"Nunchaku"},{"floor":24,"key":"Paper Frog"},{"floor":27,"key":"Dream Catcher"},{"floor":41,"key":"Shovel"},{"floor":42,"key":"Letter Opener"},{"floor":43,"key":"Potion Belt"},{"floor":48,"key":"Smiling Mask"}],"event_choices":[{"damage_healed":25,"gold_gain":0,"player_choice":"Banana","damage_taken":0,"max_hp_gain":0,"max_hp_loss":0,"event_name":"Big Fish","floor":3,"gold_loss":0},{"damage_healed":0,"gold_gain":0,"player_choice":"Ignored","damage_taken":0,"max_hp_gain":0,"max_hp_loss":0,"event_name":"Liars Game","floor":4,"gold_loss":0},{"damage_healed":0,"gold_gain":0,"player_choice":"Entered Light","damage_taken":23,"max_hp_gain":0,"max_hp_loss":0,"event_name":"Shining Light","floor":7,"gold_loss":0,"cards_upgraded":["Defend_R","Strike_R"]},{"damage_healed":0,"gold_gain":0,"player_choice":"Simplicity","damage_taken":0,"max_hp_gain":0,"max_hp_loss":0,"event_name":"Back to Basics","floor":20,"gold_loss":0,"cards_upgraded":["Strike_R","Strike_R","Strike_R","Strike_R","Defend_R","Defend_R","Defend_R"]},{"damage_healed":0,"gold_gain":0,"player_choice":"Ignored","damage_taken":0,"max_hp_gain":0,"max_hp_loss":0,"event_name":"N\u0027loth","floor":31,"gold_loss":0},{"damage_healed":0,"gold_gain":0,"player_choice":"Max HP","damage_taken":0,"max_hp_gain":0,"max_hp_loss":4,"event_name":"Winding Halls","floor":36,"gold_loss":0},{"damage_healed":0,"gold_gain":0,"player_choice":"Trade","damage_taken":0,"relics_obtained":["GremlinMask"],"max_hp_gain":0,"max_hp_loss":0,"event_name":"FaceTrader","floor":38,"gold_loss":0}],"is_beta":true,"boss_relics":[{"not_picked":["Coffee Dripper","Sozu"],"picked":"Velvet Choker"},{"not_picked":["Runic Cube","Mark of Pain"],"picked":"Runic Pyramid"}],"items_purged_floors":[22],"is_endless":false,"potions_floor_spawned":[1,2,12,14,18,24,29,37,44,45,46],"killed_by":"Donu and Deca","ascension_level":20}