{"gold_per_floor":[116,41,141,153,64,94,15,15,15,25,25,36,47,73,73,144,144,155,155,155,166,178,206,206,233,282,341,341,5,5,33,33,110,110,124,0,15,15,35,68,168,168,192,221,233,245,287,299,311,323,335,347,359,36,69,69],"floor_reached":57,"playtime":3351,"items_purged":["Strike_R"],"score":2988,"play_id":"be81d076-24af-4b19-8e06-e0aa7ffd505b","local_time":"20190502103223","is_ascension_mode":true,"campfire_choices":[{"data":"Fiend Fire","floor":8,"key":"SMITH"},{"data":"Carnage","floor":11,"key":"SMITH"},{"data":"Disarm","floor":15,"key":"SMITH"},{"data":"Juggernaut","floor":24,"key":"SMITH"},{"data":"Spot Weakness","floor":32,"key":"SMITH"},{"floor":42,"key":"RECALL"},{"data":"Feel No Pain","floor":45,"key":"SMITH"},{"floor":49,"key":"DIG"},{"data":"Feel No Pain","floor":53,"key":"SMITH"}],"neow_cost":"NONE","seed_source_timestamp":834377738484740,"circlet_count":0,"master_deck":["AscendersBane","Defend_R","Defend_R","Defend_R","Defend_R","Bash","Spot Weakness+1","Carnage+1","Disarm+1","Fiend Fire+1","Uppercut","Juggernaut+1","Feel No Pain+1","Reaper","Feel No Pain+1","Bite","Bite","Bite","Warcry+1","Heavy Blade+1","Corruption","Disarm","Demon Form","The Bomb","Shrug It Off","Shrug It Off","Shrug It Off","Body Slam+1","Pummel","Shockwave","Sword Boomerang+1"],"relics":["Burning Blood","NeowsBlessing","Matryoshka","Ancient Tea Set","Orichalcum","Snecko Eye","Bag of Preparation","Question Card","Centennial Puzzle","Juzu Bracelet","Tiny Chest","PreservedInsect","Bag of Marbles","Runic Dome","Red Mask","Turnip","Du-Vu Doll","MawBank","Shovel","Letter Opener","Strawberry","Medical Kit","Sundial"],"potions_floor_usage":[14,23,23,33,41,56,56],"damage_taken":[{"damage":0,"enemies":"2 Louse","floor":1,"turns":1},{"damage":0,"enemies":"Cultist","floor":4,"turns":1},{"damage":0,"enemies":"Gremlin Nob","floor":6,"turns":1},{"damage":0,"enemies":"Jaw Worm","floor":10,"turns":3},{"damage":1,"enemies":"Exordium Wildlife","floor":12,"turns":3},{"damage":12,"enemies":"3 Louse","floor":13,"turns":4},{"damage":25,"enemies":"3 Sentries","floor":14,"turns":6},{"damage":5,"enemies":"The Guardian","floor":16,"turns":10},{"damage":12,"enemies":"3 Byrds","floor":18,"turns":4},{"damage":3,"enemies":"Chosen","floor":21,"turns":3},{"damage":3,"enemies":"Centurion and Healer","floor":22,"turns":3},{"damage":41,"enemies":"Book of Stabbing","floor":23,"turns":5},{"damage":8,"enemies":"Slavers","floor":25,"turns":4},{"damage":8,"enemies":"Book of Stabbing","floor":27,"turns":2},{"damage":11,"enemies":"Slavers","floor":31,"turns":7},{"damage":39,"enemies":"Automaton","floor":33,"turns":8},{"damage":0,"enemies":"3 Shapes","floor":35,"turns":3},{"damage":20,"enemies":"3 Darklings","floor":37,"turns":3},{"damage":22,"enemies":"Spire Growth","floor":39,"turns":3},{"damage":0,"enemies":"Nemesis","floor":40,"turns":3},{"damage":0,"enemies":"Mind Bloom Boss Battle","floor":41,"turns":4},{"damage":4,"enemies":"Sphere and 2 Shapes","floor":44,"turns":4},{"damage":32,"enemies":"Reptomancer","floor":47,"turns":3},{"damage":0,"enemies":"Time Eater","floor":50,"turns":7},{"damage":35,"enemies":"Awakened One","floor":51,"turns":7},{"damage":4,"enemies":"Shield and Spear","floor":55,"turns":5},{"damage":49,"enemies":"The Heart","floor":56,"turns":7}],"seed_played":"-5347061495094811174","potions_obtained":[{"floor":6,"key":"Energy Potion"},{"floor":10,"key":"Poison Potion"},{"floor":12,"key":"PowerPotion"},{"floor":13,"key":"Explosive Potion"},{"floor":22,"key":"Block Potion"},{"floor":23,"key":"EssenceOfSteel"},{"floor":25,"key":"Dexterity Potion"},{"floor":33,"key":"EssenceOfSteel"},{"floor":44,"key":"Strength Potion"}],"is_trial":false,"path_per_floor":["M","$","?","M","$","E","$","R","T","M","R","M","M","E","R","B",null,"M","?","?","M","M","E","R","E","T","E","?","$","$","E","R","B",null,"M","?","M","?","M","E","?","R","T","M","R","T","E","?","R","B","B",null,"R","$","E","B",null],"character_chosen":"IRONCLAD","items_purchased":["Carnage","Fiend Fire","Corruption","PreservedInsect","Disarm","Medical Kit","Pummel","Shockwave"],"campfire_rested":0,"item_purchase_floors":[5,7,29,29,29,54,54,54],"current_hp_per_floor":[74,74,74,75,75,75,75,75,75,75,75,75,69,50,50,51,69,66,52,52,52,52,25,25,32,32,32,32,32,32,35,35,21,44,52,52,44,44,36,43,52,52,52,52,52,52,52,52,59,59,46,56,56,56,58,30],"gold":69,"neow_bonus":"THREE_ENEMY_KILL","is_prod":false,"is_daily":false,"chose_seed":false,"campfire_upgraded":7,"win_rate":0,"timestamp":1556807543,"path_taken":["M","$","?","M","$","E","?","R","T","M","R","?","M","E","R","BOSS","M","?","?","M","?","E","R","E","T","E","?","?","$","E","R","BOSS","M","?","M","?","M","E","?","R","T","M","R","?","E","?","R","BOSS","BOSS","R","$","E","BOSS"],"build_version":"2019-01-23","purchased_purges":1,"victory":true,"max_hp_per_floor":[75,75,75,75,75,75,75,75,75,75,75,75,75,75,75,75,75,75,52,52,52,52,52,52,52,52,52,52,52,52,52,52,52,52,52,52,52,52,52,52,52,52,52,52,52,52,52,52,59,59,59,59,59,59,59,59],"card_choices":[{"not_picked":["Flex","Clash","Thunderclap"],"picked":"SKIP","floor":1},{"not_picked":["Burning Pact","Hemokinesis"],"picked":"Spot Weakness","floor":4},{"not_picked":["Wild Strike","Clothesline"],"picked":"Disarm","floor":6},{"not_picked":["Warcry","Thunderclap"],"picked":"Uppercut","floor":10},{"not_picked":["Power Through","Headbutt"],"picked":"Juggernaut","floor":12},{"not_picked":["Combust","Headbutt","Sentinel"],"picked":"SKIP","floor":13},{"not_picked":["Rage","Infernal Blade"],"picked":"Feel No Pain","floor":14},{"not_picked":["Demon Form","Impervious"],"picked":"Reaper","floor":16},{"not_picked":["Infernal Blade","Anger"],"picked":"Feel No Pain","floor":18},{"not_picked":["Clash","Havoc","Pommel Strike"],"picked":"SKIP","floor":21},{"not_picked":["Clothesline","Headbutt","Warcry"],"picked":"SKIP","floor":22},{"not_picked":["Dropkick","Sever Soul","Flex"],"picked":"SKIP","floor":23},{"not_picked":["Anger","Rupture+1"],"picked":"Warcry+1","floor":25},{"not_picked":["Ghostly Armor","Warcry","Iron Wave"],"picked":"Heavy Blade+1","floor":27},{"not_picked":["Iron Wave+1","Uppercut","Sword Boomerang","Rupture+1"],"picked":"SKIP","floor":31},{"not_picked":["Immolate","Fiend Fire","Brutality"],"picked":"Demon Form","floor":33},{"not_picked":["Inflame+1","Pommel Strike","Clash","Anger+1"],"picked":"SKIP","floor":35},{"not_picked":["Warcry","Body Slam","Sword Boomerang+1","Wild Strike"],"picked":"SKIP","floor":37},{"not_picked":["Thinking Ahead","Trip","Blind"],"picked":"The Bomb","floor":38},{"not_picked":["Rampage","Headbutt","Dual Wield+1"],"picked":"Shrug It Off","floor":39},{"not_picked":["Armaments+1","Twin Strike","Rampage"],"picked":"Shrug It Off","floor":40},{"not_picked":["Anger","Cleave","Iron Wave"],"picked":"Shrug It Off","floor":44},{"not_picked":["True Grit","Juggernaut","Thunderclap"],"picked":"Body Slam+1","floor":47},{"not_picked":["Heavy Blade","Shockwave+1","Pommel Strike+1"],"picked":"Sword Boomerang+1","floor":55}],"player_experience":2244796,"relics_obtained":[{"floor":6,"key":"Matryoshka"},{"floor":9,"key":"Ancient Tea Set"},{"floor":14,"key":"Orichalcum"},{"floor":23,"key":"Bag of Preparation"},{"floor":25,"key":"Question Card"},{"floor":26,"key":"Centennial Puzzle"},{"floor":26,"key":"Juzu Bracelet"},{"floor":27,"key":"Tiny Chest"},{"floor":31,"key":"Bag of Marbles"},{"floor":40,"key":"Turnip"},{"floor":41,"key":"Du-Vu Doll"},{"floor":43,"key":"MawBank"},{"floor":46,"key":"Shovel"},{"floor":47,"key":"Letter Opener"},{"floor":49,"key":"Strawberry"},{"floor":55,"key":"Sundial"}],"event_choices":[{"damage_healed":0,"gold_gain":100,"player_choice":"Gold","damage_taken":0,"max_hp_gain":0,"max_hp_loss":0,"event_name":"Wheel of Change","floor":3,"gold_loss":0},{"damage_healed":0,"gold_gain":0,"player_choice":"Became a vampire","damage_taken":0,"max_hp_gain":0,"max_hp_loss":23,"event_name":"Vampires","floor":19,"gold_loss":0,"cards_obtained":["Bite","Bite","Bite","Bite","Bite"]},{"cards_removed":["Bite"],"damage_healed":0,"gold_gain":0,"player_choice":"Purged","damage_taken":0,"max_hp_gain":0,"max_hp_loss":0,"event_name":"Purifier","floor":20,"gold_loss":0},{"damage_healed":0,"gold_gain":0,"player_choice":"Ignored","damage_taken":0,"max_hp_gain":0,"max_hp_loss":0,"event_name":"The Mausoleum","floor":28,"gold_loss":0},{"damage_healed":0,"gold_gain":0,"player_choice":"Paid","damage_taken":0,"relics_obtained":["Red Mask"],"max_hp_gain":0,"max_hp_loss":0,"event_name":"Tomb of Lord Red Mask","floor":36,"gold_loss":124},{"damage_healed":0,"gold_gain":0,"player_choice":"Memory 1","damage_taken":0,"max_hp_gain":0,"max_hp_loss":0,"event_name":"SensoryStone","floor":38,"gold_loss":0},{"damage_healed":0,"gold_gain":0,"player_choice":"Fight","damage_taken":0,"max_hp_gain":0,"max_hp_loss":0,"event_name":"MindBloom","floor":41,"gold_loss":0},{"cards_removed":["Bite"],"damage_healed":0,"gold_gain":0,"player_choice":"Removed Attack","damage_taken":0,"max_hp_gain":0,"max_hp_loss":0,"event_name":"Falling","floor":48,"gold_loss":0}],"is_beta":false,"boss_relics":[{"not_picked":["Calling Bell","Busted Crown"],"picked":"Snecko Eye"},{"not_picked":["Lizard Tail","Runic Pyramid"],"picked":"Runic Dome"}],"items_purged_floors":[2],"is_endless":false,"potions_floor_spawned":[6,10,12,13,22,23,25,33,35,40,44,47,55],"ascension_level":20}