{"path_per_floor":["M","$","?","?","?","R","$","?","T","R","M","M","R","M","R","B",null,"M","$","M","?","M","R","M","M","T","M"],"character_chosen":"THE_SILENT","items_purchased":["Dramatic Entrance","Tiny Chest","Juzu Bracelet"],"gold_per_floor":[119,18,18,18,193,193,71,71,71,71,83,97,97,117,117,219,219,239,21,32,32,42,42,54,68,92,110,110],"floor_reached":28,"campfire_rested":1,"playtime":1536,"current_hp_per_floor":[63,63,63,63,63,63,63,63,63,63,61,55,55,55,55,45,63,45,45,42,26,30,48,14,19,19,22,0],"items_purged":["Regret"],"gold":110,"score":210,"play_id":"072b53ec-ff08-49e2-8667-c520a5453110","local_time":"20180409231210","is_prod":false,"is_daily":false,"is_ascension_mode":false,"campfire_upgraded":4,"timestamp":1523329930,"path_taken":["M","$","?","?","?","R","$","?","T","R","M","?","R","M","R","BOSS","M","$","M","?","M","R","M","M","T","M","M"],"build_version":"2018-04-05v2","purchased_purges":3,"victory":false,"master_deck":["Survivor","Neutralize+1","Cloak And Dagger+1","Dramatic Entrance","Malaise+1","Doubt","Injury","Cloak And Dagger+1","Slice","Finisher+1","After Image","Slice","Outmaneuver","Dodge and Roll","Escape Plan","Bane","Blade Dance","Setup","Flying Knee","Dash","Finisher+1","Footwork+1","Prepared+1","Dagger Throw+1","Backflip","Deflect+1"],"max_hp_per_floor":[63,63,63,63,63,63,63,63,63,63,63,63,63,63,63,63,63,63,63,63,63,63,63,63,63,63,63,63],"relics":["Ring of the Snake","Unceasing Top","Meat on the Bone","Tiny Chest","Calipers","Pandora\u0027s Box","Juzu Bracelet","Nilry\u0027s Codex","Dream Catcher"],"card_choices":[{"not_picked":["Deflect","Blade Dance"],"picked":"Cloak And Dagger","floor":1},{"not_picked":["PiercingWail","Backflip"],"picked":"Cloak And Dagger","floor":11},{"not_picked":["Prepared","Grand Finale"],"picked":"Slice","floor":12},{"not_picked":["Backflip","PiercingWail"],"picked":"Finisher","floor":14},{"not_picked":["Phantasmal Killer","Adrenaline"],"picked":"After Image","floor":16},{"not_picked":["Deadly Poison","Slice"],"picked":"Finisher","floor":18},{"not_picked":["Dodge and Roll","Quick Slash"],"picked":"Footwork","floor":20},{"not_picked":["Flying Knee","PiercingWail"],"picked":"Prepared","floor":22},{"not_picked":["Caltrops","Acrobatics"],"picked":"Dagger Throw","floor":24},{"not_picked":["Prepared","Crippling Poison"],"picked":"Backflip","floor":25},{"not_picked":["Storm of Steel","Footwork"],"picked":"Deflect","floor":27}],"player_experience":798602,"potions_floor_usage":[16,28,28],"damage_taken":[{"damage":0,"enemies":"Jaw Worm","floor":1,"turns":5},{"damage":2,"enemies":"Small Slimes","floor":11,"turns":4},{"damage":6,"enemies":"Cultist","floor":12,"turns":5},{"damage":0,"enemies":"Large Slime","floor":14,"turns":8},{"damage":10,"enemies":"Hexaghost","floor":16,"turns":12},{"damage":18,"enemies":"Shell Parasite","floor":18,"turns":4},{"damage":3,"enemies":"2 Thieves","floor":20,"turns":3},{"damage":8,"enemies":"Centurion and Healer","floor":22,"turns":8},{"damage":46,"enemies":"Chosen and Byrds","floor":24,"turns":9},{"damage":7,"enemies":"3 Cultists","floor":25,"turns":6},{"damage":9,"enemies":"Centurion and Healer","floor":27,"turns":6},{"damage":25,"enemies":"Chosen and Byrds","floor":28,"turns":7}],"event_choices":[{"event_name":"Big Fish","player_choice":"Box","floor":3,"damage_taken":0},{"event_name":"Transmorgrifier","player_choice":"Transform","floor":4,"damage_taken":0},{"event_name":"Liars Game","player_choice":"agreed","floor":5,"damage_taken":0},{"event_name":"Accursed Blacksmith","player_choice":"Forge","floor":8,"damage_taken":0},{"event_name":"Cursed Tome","player_choice":"Obtained Book","floor":21,"damage_taken":0}],"boss_relics":[{"not_picked":["Philosopher\u0027s Stone","Runic Pyramid"],"picked":"Pandora\u0027s Box"}],"potions_floor_spawned":[12,22,25,27],"seed_played":"-267785720529757952","killed_by":"Chosen and Byrds","ascension_level":0,"is_trial":false}