{"gold_per_floor":[113,113,113,131,131,131,194,207,231,242,242,269,269,297,297,376,376,386,41,41,41,59,59,69,69,96,96,96,96,146,50,50,124,124,143,198,212,212,223,223,2,2,2,17,17,17,42,53,53,53,53],"floor_reached":51,"playtime":2062,"items_purged":["Strike_B"],"score":1318,"play_id":"0b35e76b-f94f-4b3c-a243-34b029a126a2","local_time":"20190403001753","is_ascension_mode":true,"campfire_choices":[{"data":"Machine Learning","floor":6,"key":"SMITH"},{"data":"Hyperbeam","floor":11,"key":"SMITH"},{"data":"Defragment","floor":15,"key":"SMITH"},{"data":"Buffer","floor":23,"key":"SMITH"},{"data":"Capacitor","floor":25,"key":"SMITH"},{"data":"Seek","floor":27,"key":"SMITH"},{"floor":32,"key":"RECALL"},{"floor":40,"key":"REST"},{"data":"Heatsinks","floor":42,"key":"SMITH"},{"data":"Dualcast","floor":45,"key":"SMITH"},{"data":"Chill","floor":49,"key":"SMITH"}],"neow_cost":"NONE","seed_source_timestamp":135489312686742,"circlet_count":0,"master_deck":["AscendersBane","Strike_B+1","Strike_B","Defend_B","Defend_B","Defend_B","Defend_B","Zap+1","Dualcast+1","Chill+1","Machine Learning+1","Cold Snap","Hyperbeam+1","Defragment+1","Buffer+1","Capacitor+1","Seek+1","Consume+1","Ball Lightning+1","Heatsinks+1","Core Surge","Cold Snap+1"],"relics":["Cracked Core","NeowsBlessing","Tiny Chest","DataDisk","Centennial Puzzle","Pear","Happy Flower","Nuclear Battery","Mercury Hourglass","MutagenicStrength","Strawberry","Sundial","Busted Crown","Ginger","ClockworkSouvenir","Singing Bowl","Art of War"],"potions_floor_usage":[8,10,12,33,35,50,51],"damage_taken":[{"damage":0,"enemies":"Small Slimes","floor":1,"turns":1},{"damage":0,"enemies":"Cultist","floor":4,"turns":1},{"damage":0,"enemies":"Lagavulin","floor":7,"turns":1},{"damage":0,"enemies":"Jaw Worm","floor":8,"turns":3},{"damage":0,"enemies":"Blue Slaver","floor":10,"turns":1},{"damage":11,"enemies":"Gremlin Nob","floor":12,"turns":3},{"damage":6,"enemies":"3 Sentries","floor":14,"turns":3},{"damage":26,"enemies":"Hexaghost","floor":16,"turns":11},{"damage":8,"enemies":"Shell Parasite","floor":18,"turns":5},{"damage":7,"enemies":"3 Byrds","floor":22,"turns":3},{"damage":8,"enemies":"Snake Plant","floor":24,"turns":4},{"damage":4,"enemies":"Automaton","floor":33,"turns":10},{"damage":1,"enemies":"Orb Walker","floor":35,"turns":3},{"damage":43,"enemies":"2 Orb Walkers","floor":36,"turns":4},{"damage":1,"enemies":"3 Shapes","floor":37,"turns":2},{"damage":2,"enemies":"3 Darklings","floor":39,"turns":3},{"damage":0,"enemies":"Sphere and 2 Shapes","floor":44,"turns":4},{"damage":0,"enemies":"Transient","floor":48,"turns":6},{"damage":35,"enemies":"Donu and Deca","floor":50,"turns":13},{"damage":39,"enemies":"Awakened One","floor":51,"turns":2}],"seed_played":"6885351468786122265","potions_obtained":[{"floor":4,"key":"Swift Potion"},{"floor":7,"key":"Swift Potion"},{"floor":8,"key":"Fire Potion"},{"floor":24,"key":"Dexterity Potion"},{"floor":33,"key":"SpeedPotion"},{"floor":44,"key":"Fire Potion"},{"floor":48,"key":"FocusPotion"}],"is_trial":false,"path_per_floor":["M","?","?","M","T","R","E","M","T","M","R","E","T","E","R","B",null,"M","$","?","?","M","R","M","R","T","R","T","?","?","$","R","B",null,"M","?","M","?","M","R","$","R","T","M","R","?","T","M","R","B","B"],"character_chosen":"DEFECT","items_purchased":["Mercury Hourglass","PowerPotion","Heatsinks","ClockworkSouvenir"],"campfire_rested":1,"item_purchase_floors":[19,31,31,41],"current_hp_per_floor":[64,43,43,43,43,43,43,43,43,43,43,32,42,36,36,10,63,55,55,55,55,48,48,40,40,47,47,47,65,65,65,65,61,81,80,37,36,36,34,60,60,60,60,62,62,64,64,66,66,31,0],"gold":53,"neow_bonus":"THREE_ENEMY_KILL","is_prod":false,"is_daily":false,"chose_seed":false,"campfire_upgraded":9,"win_rate":0,"timestamp":1554265073,"path_taken":["M","?","?","?","?","R","E","M","T","M","R","E","?","E","R","BOSS","M","$","?","?","M","R","?","R","T","R","?","?","?","$","R","BOSS","M","?","M","?","?","R","$","R","T","M","R","?","?","M","R","BOSS","BOSS"],"build_version":"2019-01-23","purchased_purges":1,"victory":false,"max_hp_per_floor":[71,71,71,71,71,71,71,71,71,71,71,71,81,81,81,81,81,81,81,81,81,81,81,81,81,88,88,88,88,88,88,88,88,88,88,88,88,88,88,88,88,88,88,90,90,92,92,94,94,94,94],"card_choices":[{"not_picked":["Barrage","Conserve Battery"],"picked":"Chill","floor":1},{"not_picked":["Force Field","Turbo"],"picked":"Cold Snap","floor":4},{"not_picked":["Recycle","Multi-Cast"],"picked":"Hyperbeam","floor":7},{"not_picked":["Compile Driver","Cold Snap"],"picked":"Defragment","floor":8},{"not_picked":["Cold Snap","Storm","Streamline"],"picked":"SKIP","floor":10},{"not_picked":["Force Field","Steam"],"picked":"Buffer","floor":12},{"not_picked":["Barrage","FTL"],"picked":"Capacitor","floor":14},{"not_picked":["Machine Learning","Reboot"],"picked":"Seek","floor":16},{"not_picked":["Coolheaded","Redo+1"],"picked":"Consume+1","floor":18},{"not_picked":["Sweeping Beam","Coolheaded","Go for the Eyes"],"picked":"SKIP","floor":22},{"not_picked":["Conserve Battery","Stack"],"picked":"Ball Lightning+1","floor":24},{"not_picked":["Multi-Cast","Meteor Strike"],"picked":"Core Surge","floor":33},{"not_picked":["Barrage"],"picked":"SKIP","floor":35},{"not_picked":[],"picked":"Cold Snap+1","floor":37},{"not_picked":["Coolheaded"],"picked":"SKIP","floor":39},{"not_picked":["Reprogram"],"picked":"Singing Bowl","floor":44},{"not_picked":["Flash of Steel"],"picked":"Singing Bowl","floor":46},{"not_picked":["Stack"],"picked":"Singing Bowl","floor":48}],"player_experience":1542169,"relics_obtained":[{"floor":7,"key":"Tiny Chest"},{"floor":9,"key":"DataDisk"},{"floor":12,"key":"Centennial Puzzle"},{"floor":13,"key":"Pear"},{"floor":14,"key":"Happy Flower"},{"floor":26,"key":"Strawberry"},{"floor":28,"key":"Sundial"},{"floor":36,"key":"Ginger"},{"floor":43,"key":"Singing Bowl"},{"floor":47,"key":"Art of War"}],"event_choices":[{"damage_healed":0,"gold_gain":0,"player_choice":"Entered Light","damage_taken":21,"max_hp_gain":0,"max_hp_loss":0,"event_name":"Shining Light","floor":2,"gold_loss":0,"cards_upgraded":["Strike_B","Zap"]},{"damage_healed":0,"gold_gain":0,"cards_transformed":["Strike_B"],"player_choice":"Transformed","damage_taken":0,"max_hp_gain":0,"max_hp_loss":0,"event_name":"Transmorgrifier","floor":3,"gold_loss":0,"cards_obtained":["Machine Learning"]},{"damage_healed":0,"gold_gain":0,"player_choice":"Inject Mutagens","damage_taken":0,"relics_obtained":["MutagenicStrength"],"max_hp_gain":0,"max_hp_loss":0,"event_name":"Drug Dealer","floor":20,"gold_loss":0},{"damage_healed":0,"gold_gain":0,"player_choice":"Ignored","damage_taken":0,"max_hp_gain":0,"max_hp_loss":0,"event_name":"Vampires","floor":21,"gold_loss":0},{"damage_healed":18,"gold_gain":0,"player_choice":"Heal","damage_taken":0,"max_hp_gain":0,"max_hp_loss":0,"event_name":"The Library","floor":29,"gold_loss":0},{"damage_healed":0,"gold_gain":50,"player_choice":"Stole From Cult","damage_taken":0,"max_hp_gain":0,"max_hp_loss":0,"event_name":"Nest","floor":30,"gold_loss":0},{"damage_healed":0,"gold_gain":0,"player_choice":"Fight","damage_taken":0,"max_hp_gain":0,"max_hp_loss":0,"event_name":"Mysterious Sphere","floor":36,"gold_loss":0},{"damage_healed":0,"gold_gain":0,"player_choice":"Ignored","damage_taken":0,"max_hp_gain":0,"max_hp_loss":0,"event_name":"Tomb of Lord Red Mask","floor":38,"gold_loss":0},{"damage_healed":0,"gold_gain":0,"player_choice":"Memory 1","damage_taken":0,"max_hp_gain":0,"max_hp_loss":0,"event_name":"SensoryStone","floor":46,"gold_loss":0}],"is_beta":false,"boss_relics":[{"not_picked":["Philosopher\u0027s Stone","Black Star"],"picked":"Nuclear Battery"},{"not_picked":["Snecko Eye","Empty Cage"],"picked":"Busted Crown"}],"items_purged_floors":[19],"is_endless":false,"potions_floor_spawned":[4,7,8,24,33,44,48],"killed_by":"Awakened One","ascension_level":20}