{"gold_per_floor":[118,118,118,6,30,30,69,102,102,2,2,16,59,234,234,357,357,370,131,154,154,79,110,25,25,102,102,122,136,136,187,187,318,318,331,664,764,764,791,826,836,836,862,390,405,405,417,437,437,437],"floor_reached":51,"playtime":6267,"items_purged":["Strike_R","Defend_R","Strike_R","Defend_R"],"score":699,"play_id":"37ab147d-3b13-49ea-95fd-389f9a039246","local_time":"20190406203805","is_ascension_mode":false,"campfire_choices":[{"data":"Enlightenment","floor":6,"key":"SMITH"},{"floor":11,"key":"REST"},{"floor":15,"key":"REST"},{"data":"Warcry","floor":30,"key":"SMITH"},{"data":"Dual Wield","floor":32,"key":"SMITH"},{"floor":42,"key":"REST"},{"data":"Transmutation","floor":46,"key":"SMITH"},{"data":"Dark Embrace","floor":49,"key":"SMITH"}],"neow_cost":"CURSE","seed_source_timestamp":36310959747413,"circlet_count":0,"master_deck":["Strike_R+1","Strike_R","Defend_R+1","Bash","Bandage Up+1","Enlightenment+1","Seeing Red","Sever Soul+1","Warcry+1","Fire Breathing","True Grit","Inflame","Spot Weakness","Immolate","Battle Trance+1","Carnage","Feel No Pain","Inflame+1","RitualDagger","Burning Pact","Warcry+1","Dual Wield+1","Dark Embrace+1","Combust","Thunderclap+1","Madness","Madness","Fiend Fire","Spot Weakness+1","Uppercut","Transmutation+1","Limit Break","Metallicize+1","Warcry"],"relics":["Burning Blood","Mummified Hand","Odd Mushroom","War Paint","Juzu Bracelet","Empty Cage","Dream Catcher","Ginger","Enchiridion","Gremlin Horn","Oddly Smooth Stone","Runic Cube","Thread and Needle","Whetstone","Blood Vial","MawBank","Bag of Preparation"],"potions_floor_usage":[8,13,16,33,33,33,37,40,50],"damage_taken":[{"damage":12,"enemies":"Small Slimes","floor":1,"turns":5},{"damage":6,"enemies":"Jaw Worm","floor":5,"turns":2},{"damage":37,"enemies":"Gremlin Nob","floor":7,"turns":5},{"damage":19,"enemies":"The Mushroom Lair","floor":8,"turns":3},{"damage":0,"enemies":"2 Louse","floor":12,"turns":3},{"damage":23,"enemies":"Lagavulin","floor":13,"turns":5},{"damage":45,"enemies":"The Guardian","floor":16,"turns":8},{"damage":27,"enemies":"2 Thieves","floor":18,"turns":3},{"damage":5,"enemies":"Chosen","floor":20,"turns":3},{"damage":9,"enemies":"Gremlin Leader","floor":23,"turns":5},{"damage":0,"enemies":"3 Cultists","floor":28,"turns":3},{"damage":0,"enemies":"Centurion and Healer","floor":29,"turns":3},{"damage":32,"enemies":"Collector","floor":33,"turns":4},{"damage":21,"enemies":"3 Darklings","floor":35,"turns":3},{"damage":26,"enemies":"Mind Bloom Boss Battle","floor":37,"turns":5},{"damage":11,"enemies":"Nemesis","floor":40,"turns":3},{"damage":3,"enemies":"Orb Walker","floor":41,"turns":3},{"damage":14,"enemies":"Transient","floor":45,"turns":5},{"damage":20,"enemies":"Jaw Worm Horde","floor":47,"turns":2},{"damage":3,"enemies":"Maw","floor":48,"turns":4},{"damage":53,"enemies":"Donu and Deca","floor":50,"turns":5}],"seed_played":"-3172186772728914315","potions_obtained":[{"floor":7,"key":"Explosive Potion"},{"floor":8,"key":"FearPotion"},{"floor":12,"key":"AttackPotion"},{"floor":13,"key":"Explosive Potion"},{"floor":20,"key":"FearPotion"},{"floor":23,"key":"AttackPotion"},{"floor":29,"key":"SteroidPotion"},{"floor":35,"key":"PowerPotion"},{"floor":37,"key":"LiquidBronze"},{"floor":47,"key":"AttackPotion"}],"is_trial":false,"path_per_floor":["M","?","?","$","M","R","E","?","T","$","R","M","E","?","R","B",null,"M","$","M","?","?","E","?","?","T","?","M","M","R","T","R","B",null,"M","?","?","?","T","E","M","R","T","$","M","R","M","M","R","B",null],"character_chosen":"IRONCLAD","items_purchased":["Sever Soul","Carnage","Feel No Pain","Bag of Preparation","Transmutation"],"campfire_rested":3,"item_purchase_floors":[4,19,19,44,44],"current_hp_per_floor":[78,78,58,58,62,62,35,26,26,26,50,62,51,51,75,41,80,59,59,66,60,60,63,63,47,47,47,59,71,71,71,71,51,80,71,71,57,47,47,48,59,80,80,80,72,72,60,71,71,32],"gold":437,"neow_bonus":"RANDOM_COLORLESS_2","is_prod":false,"is_daily":false,"chose_seed":false,"campfire_upgraded":5,"win_rate":0,"timestamp":1554579485,"path_taken":["M","?","?","$","M","R","E","?","T","?","R","M","E","?","R","BOSS","M","$","M","?","?","E","?","?","T","?","M","M","R","?","R","BOSS","M","?","?","?","?","E","M","R","T","$","M","R","M","M","R","BOSS"],"build_version":"2019-01-23","purchased_purges":4,"victory":true,"max_hp_per_floor":[80,80,80,80,80,80,80,80,80,80,80,80,80,80,80,80,80,80,80,80,80,80,80,80,80,80,80,80,80,80,80,80,80,80,80,80,80,80,80,80,80,80,80,80,80,80,80,80,80,80],"card_choices":[{"not_picked":["Shrug It Off","Power Through"],"picked":"Seeing Red","floor":1},{"not_picked":["Thunderclap","Anger"],"picked":"Warcry","floor":5},{"not_picked":["Sword Boomerang","Whirlwind"],"picked":"Fire Breathing","floor":7},{"not_picked":["Sword Boomerang","Wild Strike"],"picked":"True Grit","floor":8},{"not_picked":["Battle Trance","Headbutt"],"picked":"Inflame","floor":12},{"not_picked":["Twin Strike","Disarm"],"picked":"Spot Weakness","floor":13},{"not_picked":["Brutality","Impervious"],"picked":"Immolate","floor":16},{"not_picked":["Anger","Rampage"],"picked":"Battle Trance+1","floor":18},{"not_picked":["Wild Strike+1","Pummel"],"picked":"Inflame+1","floor":20},{"not_picked":["Shockwave","Reckless Charge"],"picked":"Burning Pact","floor":23},{"not_picked":["Headbutt","Heavy Blade"],"picked":"Warcry+1","floor":28},{"not_picked":["Sword Boomerang+1","Flame Barrier"],"picked":"Dual Wield","floor":29},{"not_picked":["Brutality","Offering"],"picked":"Dark Embrace","floor":33},{"not_picked":["Burning Pact+1","Cleave"],"picked":"Combust","floor":35},{"not_picked":["Twin Strike","Seeing Red+1"],"picked":"Thunderclap+1","floor":37},{"not_picked":["Clash","Perfected Strike+1"],"picked":"Fiend Fire","floor":40},{"not_picked":["Pommel Strike","Flex+1"],"picked":"Spot Weakness+1","floor":41},{"not_picked":["Iron Wave","Evolve+1"],"picked":"Uppercut","floor":42},{"not_picked":["Uppercut","Armaments"],"picked":"Limit Break","floor":45},{"not_picked":["Blood for Blood","Anger"],"picked":"Metallicize+1","floor":47},{"not_picked":["Rupture+1","Sword Boomerang+1"],"picked":"Warcry","floor":48}],"player_experience":54114,"relics_obtained":[{"floor":7,"key":"Mummified Hand"},{"floor":8,"key":"Odd Mushroom"},{"floor":9,"key":"War Paint"},{"floor":13,"key":"Juzu Bracelet"},{"floor":23,"key":"Dream Catcher"},{"floor":25,"key":"Enchiridion"},{"floor":26,"key":"Gremlin Horn"},{"floor":31,"key":"Oddly Smooth Stone"},{"floor":37,"key":"Thread and Needle"},{"floor":39,"key":"Whetstone"},{"floor":40,"key":"Blood Vial"},{"floor":43,"key":"MawBank"}],"event_choices":[{"cards_removed":["Regret"],"damage_healed":0,"gold_gain":0,"player_choice":"Forget","damage_taken":0,"max_hp_gain":0,"max_hp_loss":0,"event_name":"Living Wall","floor":2,"gold_loss":0},{"damage_healed":0,"gold_gain":0,"player_choice":"Take Damage","damage_taken":20,"relics_obtained":["Golden Idol"],"max_hp_gain":0,"max_hp_loss":0,"event_name":"Golden Idol","floor":3,"gold_loss":0},{"damage_healed":0,"gold_gain":0,"player_choice":"Fought Mushrooms","damage_taken":0,"max_hp_gain":0,"max_hp_loss":0,"event_name":"Mushrooms","floor":8,"gold_loss":0},{"damage_healed":0,"gold_gain":175,"player_choice":"AGREE","damage_taken":0,"max_hp_gain":0,"max_hp_loss":0,"event_name":"Liars Game","floor":14,"gold_loss":0,"cards_obtained":["Doubt"]},{"damage_healed":0,"gold_gain":0,"player_choice":"Joined the Cult","damage_taken":6,"max_hp_gain":0,"max_hp_loss":0,"event_name":"Nest","floor":21,"gold_loss":0,"cards_obtained":["RitualDagger"]},{"cards_removed":["Defend_R"],"damage_healed":0,"gold_gain":0,"player_choice":"Gave Gold","damage_taken":0,"max_hp_gain":0,"max_hp_loss":0,"event_name":"Beggar","floor":22,"gold_loss":75},{"damage_healed":0,"gold_gain":0,"player_choice":"Obtained Relic","damage_taken":0,"relics_obtained":["Ginger"],"max_hp_gain":0,"max_hp_loss":0,"event_name":"Addict","floor":24,"gold_loss":85},{"damage_healed":0,"gold_gain":0,"player_choice":"Obtained Book","damage_taken":16,"max_hp_gain":0,"max_hp_loss":0,"event_name":"Cursed Tome","floor":25,"gold_loss":0},{"damage_healed":0,"gold_gain":0,"player_choice":"Ignored","damage_taken":0,"max_hp_gain":0,"max_hp_loss":0,"event_name":"Vampires","floor":27,"gold_loss":0},{"damage_healed":0,"gold_gain":333,"player_choice":"Gave Idol","damage_taken":0,"max_hp_gain":0,"max_hp_loss":0,"event_name":"The Moai Head","floor":36,"relics_lost":["Golden Idol"],"gold_loss":0},{"damage_healed":0,"gold_gain":0,"player_choice":"Fight","damage_taken":0,"max_hp_gain":0,"max_hp_loss":0,"event_name":"MindBloom","floor":37,"gold_loss":0},{"damage_healed":0,"gold_gain":0,"player_choice":"Embrace Madness","damage_taken":10,"max_hp_gain":0,"max_hp_loss":0,"event_name":"Winding Halls","floor":38,"gold_loss":0,"cards_obtained":["Madness","Madness"]}],"is_beta":false,"boss_relics":[{"not_picked":["Cursed Key","Busted Crown"],"picked":"Empty Cage"},{"not_picked":["Runic Dome","Snecko Eye"],"picked":"Runic Cube"}],"items_purged_floors":[4,10,19,44],"is_endless":false,"potions_floor_spawned":[7,8,12,13,20,23,29,35,37,47],"ascension_level":0}