{"gold_per_floor":[115,134,145,145,158,192,192,208,235,235,235,247,3,14,14,112,112,124,174,162,162],"floor_reached":21,"playtime":1253,"items_purged":[],"score":256,"play_id":"c128b0b4-cf56-432c-8411-5ce95cea9f04","local_time":"20190315025557","is_ascension_mode":true,"campfire_choices":[{"data":"Chaos","floor":7,"key":"SMITH"},{"data":"Zap","floor":10,"key":"SMITH"},{"data":"Go for the Eyes","floor":15,"key":"SMITH"}],"neow_cost":"NONE","seed_source_timestamp":142439322311526,"circlet_count":0,"master_deck":["Strike_B","Strike_B","Strike_B","Strike_B","Defend_B","Defend_B","Defend_B","Zap+1","Dualcast","Glacier","Glacier","Chaos+1","Go for the Eyes+1","BootSequence","Doom and Gloom","Chill","Conserve Battery","Echo Form","Rebound+1"],"relics":["Cracked Core","Pen Nib","Happy Flower","Anchor","Omamori","Matryoshka","Runic Dome"],"potions_floor_usage":[5,16,21,21],"damage_taken":[{"damage":7,"enemies":"Jaw Worm","floor":1,"turns":3},{"damage":0,"enemies":"Cultist","floor":2,"turns":4},{"damage":6,"enemies":"Small Slimes","floor":3,"turns":4},{"damage":6,"enemies":"3 Louse","floor":5,"turns":5},{"damage":20,"enemies":"3 Sentries","floor":6,"turns":9},{"damage":0,"enemies":"2 Fungi Beasts","floor":8,"turns":5},{"damage":0,"enemies":"Gremlin Gang","floor":12,"turns":5},{"damage":0,"enemies":"3 Louse","floor":14,"turns":3},{"damage":22,"enemies":"Hexaghost","floor":16,"turns":13},{"damage":14,"enemies":"3 Byrds","floor":18,"turns":5},{"damage":9,"enemies":"2 Thieves","floor":20,"turns":4},{"damage":28,"enemies":"Colosseum Slavers","floor":21,"turns":5},{"damage":23,"enemies":"Colosseum Nobs","floor":21,"turns":3}],"seed_played":"-2152734730527482034","potions_obtained":[{"floor":2,"key":"Regen Potion"},{"floor":6,"key":"SpeedPotion"},{"floor":16,"key":"Regen Potion"},{"floor":20,"key":"Dexterity Potion"}],"is_trial":false,"path_per_floor":["M","M","M","?","M","E","R","M","T","R","?","M","$","M","R","B",null,"M","?","M","?"],"character_chosen":"DEFECT","items_purchased":["Matryoshka"],"campfire_rested":0,"item_purchase_floors":[13],"current_hp_per_floor":[61,61,55,55,63,43,43,43,43,43,36,36,36,36,36,14,60,46,46,37,0],"gold":162,"neow_bonus":"RANDOM_COMMON_RELIC","is_prod":false,"is_daily":false,"chose_seed":false,"campfire_upgraded":3,"win_rate":0,"timestamp":1552632957,"path_taken":["M","M","M","?","?","E","R","M","T","R","?","M","$","M","R","BOSS","M","?","?","?"],"build_version":"2019-01-23","purchased_purges":0,"victory":false,"max_hp_per_floor":[75,75,75,75,75,75,75,75,75,75,75,75,75,75,75,75,75,75,75,75,75],"card_choices":[{"not_picked":["Rebound","Sweeping Beam"],"picked":"Glacier","floor":1},{"not_picked":["Hologram","Barrage"],"picked":"Glacier","floor":2},{"not_picked":["Turbo","White Noise"],"picked":"Chaos","floor":3},{"not_picked":["Beam Cell","Barrage"],"picked":"Go for the Eyes","floor":5},{"not_picked":["Stack","Rebound"],"picked":"BootSequence","floor":6},{"not_picked":["Amplify","Sweeping Beam"],"picked":"Doom and Gloom","floor":8},{"not_picked":["Leap","Hologram"],"picked":"Chill","floor":12},{"not_picked":["Redo","Sweeping Beam"],"picked":"Conserve Battery","floor":14},{"not_picked":["Meteor Strike","Thunder Strike"],"picked":"Echo Form","floor":16},{"not_picked":["Rebound","Heatsinks","Sunder"],"picked":"SKIP","floor":18},{"not_picked":["Streamline+1","Recycle"],"picked":"Rebound+1","floor":20}],"player_experience":1129197,"relics_obtained":[{"floor":6,"key":"Happy Flower"},{"floor":9,"key":"Anchor"}],"event_choices":[{"cards_removed":["Defend_B"],"damage_healed":0,"gold_gain":0,"player_choice":"Offered Basic","damage_taken":0,"max_hp_gain":0,"max_hp_loss":0,"event_name":"Bonfire Elementals","floor":4,"gold_loss":0},{"damage_healed":0,"gold_gain":0,"player_choice":"Success","damage_taken":7,"relics_obtained":["Omamori"],"max_hp_gain":0,"max_hp_loss":0,"event_name":"Scrap Ooze","floor":11,"gold_loss":0},{"damage_healed":0,"gold_gain":100,"player_choice":"Bet on Murderer","damage_taken":0,"max_hp_gain":0,"max_hp_loss":0,"event_name":"The Joust","floor":19,"gold_loss":50},{"damage_healed":0,"gold_gain":0,"player_choice":"Fight","damage_taken":0,"max_hp_gain":0,"max_hp_loss":0,"event_name":"Colosseum","floor":21,"gold_loss":0},{"damage_healed":0,"gold_gain":0,"player_choice":"Fought Nobs","damage_taken":0,"max_hp_gain":0,"max_hp_loss":0,"event_name":"Colosseum","floor":21,"gold_loss":0}],"is_beta":false,"boss_relics":[{"not_picked":["Busted Crown","Empty Cage"],"picked":"Runic Dome"}],"items_purged_floors":[],"is_endless":false,"potions_floor_spawned":[2,6,16,20],"killed_by":"Colosseum Nobs","ascension_level":8}