{"path_per_floor":["M","M","M","M","M","E","?","R","T","E","R","E","M","M","R","B",null,"M","M","M","M","M","R","?","R","T","R","$","E","R","E","R"],"character_chosen":"THE_SILENT","items_purchased":["Oddly Smooth Stone","Well Laid Plans","Bottled Lightning"],"gold_per_floor":[116,127,137,149,163,197,197,197,197,224,224,251,271,284,284,389,389,408,418,434,446,457,457,457,457,530,530,26,58,58,85,85],"floor_reached":33,"campfire_rested":5,"playtime":3522,"current_hp_per_floor":[70,66,66,64,64,43,43,43,43,19,40,22,22,20,20,10,70,53,54,45,20,14,14,5,27,27,49,49,20,45,11,36],"items_purged":["Deflect"],"gold":85,"score":334,"play_id":"591f47e2-5530-4135-a488-d3f832a41acf","is_prod":false,"is_daily":false,"is_ascension_mode":false,"campfire_upgraded":3,"path_taken":["M","M","M","M","M","E","?","R","T","E","R","E","M","?","R","BOSS","M","?","M","M","M","R","?","R","T","R","$","E","R","E","R","BOSS"],"build_version":"2018-02-08-PROD1","purchased_purges":1,"victory":false,"master_deck":["Defend_G","Defend_G","Defend_G","Defend_G","Defend_G","Strike_G+1","Strike_G","Strike_G+1","Strike_G","Survivor","Neutralize","Quick Slash","Dagger Spray","Backflip","Malaise+1","Calculated Gamble","Terror+1","Infinite Blades","Wraith Form+1","Dash","Grand Finale","Flechettes","Setup","Blur","Well Laid Plans","Venomology"],"max_hp_per_floor":[70,70,70,70,70,70,70,70,70,70,70,70,70,70,70,70,70,70,72,72,74,74,74,74,74,74,74,74,84,84,86,86],"relics":["Ring of the Snake","Singing Bowl","Unceasing Top","Toolbox","Whetstone","Snecko Eye","Darkstone Periapt","Oddly Smooth Stone","Bottled Lightning","Pear","Prayer Wheel"],"card_choices":[{"not_picked":["Quick Slash","Eviscerate"],"picked":"Deflect"},{"not_picked":["Concentrate","Deflect"],"picked":"Quick Slash"},{"not_picked":["Poisoned Stab","Dagger Throw"],"picked":"Dagger Spray"},{"not_picked":["Deflect","Quick Slash"],"picked":"Backflip"},{"not_picked":["Deflect","Dagger Spray"],"picked":"Malaise"},{"not_picked":["Cloak And Dagger","Backflip"],"picked":"Calculated Gamble"},{"not_picked":["Choke","Poisoned Stab"],"picked":"Terror"},{"not_picked":["Well Laid Plans","Sucker Punch"],"picked":"Infinite Blades"},{"not_picked":["Dodge and Roll","Caltrops"],"picked":"Wraith Form"},{"not_picked":["Deflect","Catalyst"],"picked":"Dash"},{"not_picked":["Venomology","Die Die Die"],"picked":"Grand Finale"},{"not_picked":["Sucker Punch","Caltrops"],"picked":"Flechettes"},{"not_picked":["Deflect","Poisoned Stab"],"picked":"Setup"},{"not_picked":["Blade Dance","Outmaneuver"],"picked":"Blur"},{"not_picked":["Caltrops","Reflex"],"picked":"Venomology"}],"player_experience":182745,"potions_floor_usage":[5,10,12,12,20,21,22,33,33],"damage_taken":[{"damage":0,"enemies":"Cultist","floor":1,"turns":4},{"damage":4,"enemies":"Blue Slaver","floor":2,"turns":5},{"damage":0,"enemies":"2 Louse","floor":3,"turns":2},{"damage":2,"enemies":"Red Slaver","floor":4,"turns":3},{"damage":0,"enemies":"Gremlin Gang","floor":5,"turns":1},{"damage":21,"enemies":"3 Sentries","floor":6,"turns":10},{"damage":24,"enemies":"Gremlin Nob","floor":10,"turns":6},{"damage":18,"enemies":"3 Sentries","floor":12,"turns":8},{"damage":0,"enemies":"Exordium Wildlife","floor":13,"turns":3},{"damage":2,"enemies":"2 Fungi Beasts","floor":14,"turns":4},{"damage":10,"enemies":"Slime Boss","floor":16,"turns":9},{"damage":21,"enemies":"Spheric Guardian","floor":18,"turns":5},{"damage":5,"enemies":"3 Byrds","floor":19,"turns":6},{"damage":9,"enemies":"3 Cultists","floor":20,"turns":4},{"damage":27,"enemies":"Sentry and Sphere","floor":21,"turns":6},{"damage":6,"enemies":"Snecko","floor":22,"turns":5},{"damage":39,"enemies":"Slavers","floor":29,"turns":6},{"damage":36,"enemies":"Book of Stabbing","floor":31,"turns":6},{"damage":40,"enemies":"Collector","floor":33,"turns":8}],"event_choices":[{"event_name":"Purifier","player_choice":"One Purge","floor":7,"damage_taken":0},{"event_name":"Cursed Tome","player_choice":"Stopped","floor":24,"damage_taken":0}],"boss_relics":[{"not_picked":["The Specimen","Orrery"],"picked":"Snecko Eye"}],"potions_floor_spawned":[4,5,6,10,16,18,20],"seed_played":"7297781819037642497","killed_by":"Collector","ascension_level":0,"is_trial":false}