{"gold_per_floor":[214,51,63,75,92,92,125,140,140,174,174,207,207,268,268,346,346,361,373,62,62,62,62,92,92,92,123,123,123,7,7,7,84,84,96,96,96,115,133,133,133,33,60,60,160,160,178,196,196,196,196,196,196,40,70,70],"floor_reached":56,"playtime":6045,"items_purged":["Strike_B","Zap"],"score":2152,"play_id":"684a4bc6-9818-4a94-b9ec-fdf4578cdf83","local_time":"20190510082458","is_ascension_mode":true,"campfire_choices":[{"data":"Barrage","floor":6.0,"key":"SMITH"},{"data":"Sweeping Beam","floor":11.0,"key":"SMITH"},{"data":"Blizzard","floor":13.0,"key":"SMITH"},{"data":"Hologram","floor":15.0,"key":"SMITH"},{"data":"Echo Form","floor":23.0,"key":"SMITH"},{"data":"Chill","floor":25.0,"key":"SMITH"},{"data":"Genetic Algorithm","floor":28.0,"key":"SMITH"},{"floor":32.0,"key":"REST"},{"floor":40.0,"key":"RECALL"},{"floor":44.0,"key":"REST"},{"floor":49.0,"key":"REST"},{"floor":53.0,"key":"REST"}],"neow_cost":"NONE","seed_source_timestamp":1514775912987997,"circlet_count":0,"master_deck":["AscendersBane","Strike_B","Defend_B","Defend_B","Defend_B","Dualcast","Glacier","Cold Snap","Barrage+1","Leap","Cold Snap","Cold Snap","Genetic Algorithm+1","Chill+1","Sweeping Beam+1","Blizzard+1","Hologram+1","Echo Form+1","Capacitor+1","Skim","Conserve Battery","Seek+1","Amplify+1","Reprogram+1","Capacitor","Core Surge+1","Compile Driver+1","Consume+1","Fusion+1","Steam Power+1","Recycle+1","Seek+1","Doom and Gloom+1"],"special_seed":0,"relics":["Cracked Core","FossilizedHelix","Emotion Chip","Bottled Flame","Mango","Pen Nib","Sozu","Cables","Molten Egg 2","Calipers","Toxic Egg 2","Fusion Hammer","Incense Burner","Unceasing Top"],"potions_floor_usage":[],"damage_taken":[{"damage":0.0,"enemies":"2 Louse","floor":1.0,"turns":2.0},{"damage":5.0,"enemies":"Small Slimes","floor":3.0,"turns":3.0},{"damage":0.0,"enemies":"Jaw Worm","floor":4.0,"turns":5.0},{"damage":2.0,"enemies":"3 Louse","floor":5.0,"turns":4.0},{"damage":4.0,"enemies":"Lagavulin","floor":7.0,"turns":8.0},{"damage":0.0,"enemies":"2 Fungi Beasts","floor":8.0,"turns":3.0},{"damage":0.0,"enemies":"3 Sentries","floor":10.0,"turns":10.0},{"damage":0.0,"enemies":"Gremlin Nob","floor":12.0,"turns":4.0},{"damage":0.0,"enemies":"3 Sentries","floor":14.0,"turns":7.0},{"damage":18.0,"enemies":"The Guardian","floor":16.0,"turns":16.0},{"damage":0.0,"enemies":"Shell Parasite","floor":18.0,"turns":7.0},{"damage":0.0,"enemies":"3 Byrds","floor":19.0,"turns":4.0},{"damage":33.0,"enemies":"Gremlin Leader","floor":24.0,"turns":9.0},{"damage":0.0,"enemies":"Slavers","floor":27.0,"turns":4.0},{"damage":0.0,"enemies":"Champ","floor":33.0,"turns":20.0},{"damage":0.0,"enemies":"Orb Walker","floor":35.0,"turns":4.0},{"damage":0.0,"enemies":"3 Darklings","floor":38.0,"turns":6.0},{"damage":12.0,"enemies":"4 Shapes","floor":39.0,"turns":7.0},{"damage":0.0,"enemies":"Mind Bloom Boss Battle","floor":45.0,"turns":8.0},{"damage":0.0,"enemies":"Transient","floor":46.0,"turns":4.0},{"damage":0.0,"enemies":"Sphere and 2 Shapes","floor":47.0,"turns":7.0},{"damage":0.0,"enemies":"Jaw Worm Horde","floor":48.0,"turns":5.0},{"damage":51.0,"enemies":"Time Eater","floor":50.0,"turns":30.0},{"damage":0.0,"enemies":"Donu and Deca","floor":51.0,"turns":18.0},{"damage":12.0,"enemies":"Shield and Spear","floor":55.0,"turns":9.0},{"damage":76,"enemies":"The Heart","floor":56,"turns":6}],"seed_played":"7848009182320499039","potions_obtained":[{"floor":7.0,"key":"Swift Potion"},{"floor":8.0,"key":"SmokeBomb"},{"floor":10.0,"key":"PowerPotion"},{"floor":16.0,"key":"Dexterity Potion"}],"is_trial":false,"path_per_floor":["M","$","M","M","M","R","E","M","T","E","R","E","R","?","R","B",null,"M","M","$","?","?","R","E","R","T","E","R","?","$","?","R","B",null,"M","?","?","M","M","R","?","$","T","R","?","M","M","M","R","B","B",null,"R","$","E","B"],"character_chosen":"DEFECT","items_purchased":["Cold Snap","Barrage","FocusPotion","Skim","Cables","Capacitor","Seek+1"],"campfire_rested":4,"item_purchase_floors":[2,2,2,20,20,30,54],"current_hp_per_floor":[64,64,59,59,57,57,53,53,53,53,53,67,67,67,67,49,76,76,76,76,76,76,76,43,43,43,43,43,43,43,18,45,45,79,79,79,79,79,67,67,67,67,67,85,85,85,85,85,85,34,34,72,85,85,73,0],"gold":70,"neow_bonus":"HUNDRED_GOLD","is_prod":false,"is_daily":false,"chose_seed":false,"campfire_upgraded":7,"win_rate":0,"timestamp":1557491098,"path_taken":["M","$","M","M","M","R","E","M","T","E","R","E","R","?","R","BOSS","M","M","$","?","?","R","E","R","T","E","R","?","?","?","R","BOSS","M","?","?","M","M","R","?","$","T","R","?","M","?","M","R","BOSS","BOSS","R","$","E","BOSS"],"build_version":"2019-01-23","purchased_purges":2,"victory":false,"max_hp_per_floor":[71,71,71,71,71,71,71,71,71,71,71,85,85,85,85,85,85,85,85,85,85,85,85,85,85,85,85,85,85,85,90,90,90,90,90,90,85,85,85,85,85,85,85,85,85,85,85,85,85,85,85,85,85,85,85,85],"card_choices":[{"not_picked":["Steam","Chill"],"picked":"Glacier","floor":1.0},{"not_picked":["Streamline","Lockon"],"picked":"Leap","floor":3.0},{"not_picked":["Sweeping Beam","Redo"],"picked":"Cold Snap","floor":4.0},{"not_picked":["Barrage","Melter"],"picked":"Cold Snap","floor":5.0},{"not_picked":["Rip and Tear","Streamline"],"picked":"Genetic Algorithm","floor":7.0},{"not_picked":["Skim","Melter"],"picked":"Chill","floor":8.0},{"not_picked":["Creative AI","Rebound"],"picked":"Sweeping Beam","floor":10.0},{"not_picked":["Barrage","Redo"],"picked":"Blizzard","floor":12.0},{"not_picked":["Sweeping Beam","Compile Driver"],"picked":"Hologram","floor":14.0},{"not_picked":["Multi-Cast","Biased Cognition"],"picked":"Echo Form","floor":16.0},{"not_picked":["Redo","Ball Lightning","Steam Power"],"picked":"SKIP","floor":18.0},{"not_picked":["Compile Driver","Conserve Battery"],"picked":"Capacitor+1","floor":19.0},{"not_picked":["Scrape","Redo"],"picked":"Conserve Battery","floor":24.0},{"not_picked":["Ball Lightning+1","Melter+1"],"picked":"Seek","floor":27.0},{"not_picked":["Amplify+1","Thunder Strike+1"],"picked":"Core Surge+1","floor":33.0},{"not_picked":["Sweeping Beam+1","Consume+1"],"picked":"Compile Driver+1","floor":35.0},{"not_picked":["Turbo+1","Barrage+1"],"picked":"Consume+1","floor":38.0},{"not_picked":["Stack+1","White Noise+1"],"picked":"Fusion+1","floor":39.0},{"not_picked":["Beam Cell+1","Aggregate+1"],"picked":"Steam Power+1","floor":45.0},{"not_picked":["Aggregate+1","Gash+1"],"picked":"Recycle+1","floor":47.0},{"not_picked":["Genetic Algorithm+1","Self Repair","Sweeping Beam+1"],"picked":"SKIP","floor":48.0},{"not_picked":["Hologram+1","Defragment"],"picked":"Doom and Gloom+1","floor":55.0}],"player_experience":2539111,"relics_obtained":[{"floor":7.0,"key":"FossilizedHelix"},{"floor":9.0,"key":"Emotion Chip"},{"floor":10.0,"key":"Bottled Flame"},{"floor":12.0,"key":"Mango"},{"floor":14.0,"key":"Pen Nib"},{"floor":24.0,"key":"Molten Egg 2"},{"floor":26.0,"key":"Calipers"},{"floor":27.0,"key":"Toxic Egg 2"},{"floor":45.0,"key":"Incense Burner"},{"floor":55.0,"key":"Unceasing Top"}],"event_choices":[{"damage_healed":0.0,"max_hp_gain":0.0,"max_hp_loss":0.0,"gold_gain":0.0,"event_name":"Dead Adventurer","player_choice":"Searched \u00272\u0027 times","floor":14.0,"gold_loss":0.0,"damage_taken":0.0},{"damage_healed":0.0,"max_hp_gain":0.0,"max_hp_loss":0.0,"gold_gain":0.0,"event_name":"The Mausoleum","player_choice":"Ignored","floor":21.0,"gold_loss":0.0,"damage_taken":0.0},{"damage_healed":0.0,"max_hp_gain":0.0,"max_hp_loss":0.0,"gold_gain":0.0,"event_name":"Ghosts","player_choice":"Ignored","floor":22.0,"gold_loss":0.0,"damage_taken":0.0},{"damage_healed":0.0,"max_hp_gain":0.0,"max_hp_loss":0.0,"gold_gain":0.0,"cards_transformed":["Strike_B","Strike_B"],"event_name":"Drug Dealer","player_choice":"Became Test Subject","floor":29.0,"gold_loss":0.0,"damage_taken":0.0,"cards_obtained":["Amplify","Reprogram"]},{"damage_healed":0.0,"max_hp_gain":5.0,"max_hp_loss":0.0,"gold_gain":0.0,"event_name":"Forgotten Altar","player_choice":"Shed Blood","floor":31.0,"gold_loss":0.0,"damage_taken":30.0},{"cards_removed":["Defend_B"],"damage_healed":0.0,"max_hp_gain":0.0,"max_hp_loss":0.0,"gold_gain":0.0,"event_name":"Falling","player_choice":"Removed Skill","floor":36.0,"gold_loss":0.0,"damage_taken":0.0},{"damage_healed":0.0,"max_hp_gain":0.0,"max_hp_loss":5.0,"gold_gain":0.0,"event_name":"Winding Halls","player_choice":"Max HP","floor":37.0,"gold_loss":0.0,"damage_taken":0.0},{"damage_healed":0.0,"max_hp_gain":0.0,"max_hp_loss":0.0,"gold_gain":0.0,"event_name":"Tomb of Lord Red Mask","player_choice":"Ignored","floor":41.0,"gold_loss":0.0,"damage_taken":0.0},{"damage_healed":0.0,"max_hp_gain":0.0,"max_hp_loss":0.0,"gold_gain":0.0,"event_name":"MindBloom","player_choice":"Fight","floor":45.0,"gold_loss":0.0,"damage_taken":0.0}],"is_beta":false,"boss_relics":[{"not_picked":["Philosopher\u0027s Stone","Empty Cage"],"picked":"Sozu"},{"not_picked":["Black Star","Calling Bell"],"picked":"Fusion Hammer"}],"items_purged_floors":[30,42],"is_endless":false,"potions_floor_spawned":[7,8,10,16,18,39,45,47,55],"killed_by":"The Heart","ascension_level":20}