{"gold_per_floor":[111,111,261,272,75,109,109,144,144,167,181,181],"floor_reached":12,"playtime":351,"items_purged":["Doubt"],"score":222,"play_id":"c4c01795-1785-4f67-9802-f9a11ac3fb7a","local_time":"20190430091012","is_ascension_mode":true,"campfire_choices":[{"data":"Feel No Pain","floor":7,"key":"SMITH"}],"neow_cost":"NONE","seed_source_timestamp":659643436410811,"circlet_count":0,"master_deck":["AscendersBane","Strike_R","Strike_R","Strike_R","Strike_R","Strike_R","Defend_R","Defend_R","Defend_R","Defend_R","Bash+1","Evolve","Feel No Pain+1","Flame Barrier","Carnage","Immolate"],"relics":["Burning Blood","NeowsBlessing","Ancient Tea Set","Smiling Mask","Singing Bowl","Odd Mushroom"],"potions_floor_usage":[8,8,12],"damage_taken":[{"damage":0,"enemies":"2 Louse","floor":1,"turns":1},{"damage":0,"enemies":"Small Slimes","floor":4,"turns":1},{"damage":0,"enemies":"3 Sentries","floor":6,"turns":2},{"damage":40,"enemies":"Lagavulin","floor":8,"turns":9},{"damage":25,"enemies":"The Mushroom Lair","floor":10,"turns":5},{"damage":12,"enemies":"Jaw Worm","floor":11,"turns":3},{"damage":25,"enemies":"3 Sentries","floor":12,"turns":4}],"seed_played":"3771086805655160615","potions_obtained":[{"floor":1,"key":"Poison Potion"},{"floor":6,"key":"SpeedPotion"},{"floor":11,"key":"SteroidPotion"}],"is_trial":false,"path_per_floor":["M","?","?","M","$","E","R","E","T","?","M","E"],"character_chosen":"IRONCLAD","items_purchased":["Feel No Pain","Flame Barrier"],"campfire_rested":0,"item_purchase_floors":[5,5],"current_hp_per_floor":[74,74,74,75,75,75,75,41,41,22,18,0],"gold":181,"neow_bonus":"THREE_ENEMY_KILL","is_prod":false,"is_daily":false,"chose_seed":false,"campfire_upgraded":1,"win_rate":0,"timestamp":1556629812,"path_taken":["M","?","?","?","?","E","R","E","T","?","M","E"],"build_version":"2019-01-23","purchased_purges":1,"victory":false,"max_hp_per_floor":[75,75,75,75,75,75,75,75,75,75,77,77],"card_choices":[{"not_picked":["Blood for Blood","Body Slam","Flex"],"picked":"SKIP","floor":1},{"not_picked":["Combust","Searing Blow"],"picked":"Evolve","floor":4},{"not_picked":["Cleave","Bloodletting","Havoc"],"picked":"SKIP","floor":6},{"not_picked":["Wild Strike","Sword Boomerang"],"picked":"Carnage","floor":8},{"not_picked":["Clash","Sword Boomerang"],"picked":"Immolate","floor":10},{"not_picked":["Cleave","Pommel Strike","Flex"],"picked":"Singing Bowl","floor":11}],"player_experience":2153464,"relics_obtained":[{"floor":6,"key":"Ancient Tea Set"},{"floor":8,"key":"Smiling Mask"},{"floor":9,"key":"Singing Bowl"},{"floor":10,"key":"Odd Mushroom"}],"event_choices":[{"damage_healed":0,"gold_gain":0,"player_choice":"Grow","damage_taken":0,"max_hp_gain":0,"max_hp_loss":0,"event_name":"Living Wall","floor":2,"gold_loss":0,"cards_upgraded":["Bash"]},{"damage_healed":0,"gold_gain":150,"player_choice":"AGREE","damage_taken":0,"max_hp_gain":0,"max_hp_loss":0,"event_name":"Liars Game","floor":3,"gold_loss":0,"cards_obtained":["Doubt"]},{"damage_healed":0,"gold_gain":0,"player_choice":"Fought Mushrooms","damage_taken":0,"max_hp_gain":0,"max_hp_loss":0,"event_name":"Mushrooms","floor":10,"gold_loss":0}],"is_beta":false,"boss_relics":[],"items_purged_floors":[5],"is_endless":false,"potions_floor_spawned":[1,6,11],"killed_by":"3 Sentries","ascension_level":20}