{"gold_per_floor":[115,115,23,33,48,82,82,114,114,114,148,223,295,326,326,403,403,423,434,115,30,30,30,59,59,59,71,71,34,46,60,60,133,133,148,161,161,176,192,223,9,38,61,88,38,38,52,63,63,63,63,63,63,13,13],"floor_reached":55,"playtime":3839,"items_purged":["Strike_B","Zap+1"],"score":2556,"play_id":"d6453436-52ad-4508-8f68-7b3e90569b80","local_time":"20190429075536","is_ascension_mode":true,"campfire_choices":[{"data":"Zap","floor":10.0,"key":"SMITH"},{"data":"Loop","floor":15.0,"key":"SMITH"},{"floor":23.0,"key":"REST"},{"floor":25.0,"key":"REST"},{"floor":32.0,"key":"REST"},{"floor":46.0,"key":"RECALL"},{"data":"Strike_B","floor":49.0,"key":"PURGE"},{"data":"Strike_B","floor":53.0,"key":"PURGE"}],"neow_cost":"PERCENT_DAMAGE","seed_source_timestamp":565079487547729,"circlet_count":0,"master_deck":["AscendersBane","Defend_B","Defend_B","Defend_B","Defend_B","Dualcast","Ball Lightning","Sunder+1","Conserve Battery","Lockon","Loop+1","Coolheaded","Core Surge","Darkness+1","Multi-Cast+1","Cold Snap","Reinforced Body+1","Leap+1","Go for the Eyes+1","Glacier+1","Hologram+1","Hologram+1","Core Surge","Hologram+1","Finesse+1","Master of Strategy+1","Reinforced Body+1","Redo+1","Capacitor","Glacier+1","Cold Snap+1","Defragment","Hologram+1","BootSequence+1","Capacitor"],"special_seed":0,"relics":["Cracked Core","FossilizedHelix","Sundial","Pantograph","Toxic Egg 2","Potion Belt","Bottled Tornado","Emotion Chip","Fusion Hammer","ClockworkSouvenir","DataDisk","Cables","Black Star","Prayer Wheel","Pen Nib","Bronze Scales","Peace Pipe","Meat on the Bone","Ancient Tea Set","Kunai","Smiling Mask"],"potions_floor_usage":[],"damage_taken":[{"damage":0.0,"enemies":"Jaw Worm","floor":1.0,"turns":2.0},{"damage":0.0,"enemies":"Cultist","floor":4.0,"turns":2.0},{"damage":0.0,"enemies":"2 Louse","floor":5.0,"turns":3.0},{"damage":15.0,"enemies":"Lagavulin","floor":6.0,"turns":5.0},{"damage":0.0,"enemies":"Gremlin Nob","floor":8.0,"turns":3.0},{"damage":0.0,"enemies":"3 Sentries","floor":11.0,"turns":6.0},{"damage":6.0,"enemies":"Lagavulin","floor":14.0,"turns":7.0},{"damage":0.0,"enemies":"Slime Boss","floor":16.0,"turns":8.0},{"damage":16.0,"enemies":"Shell Parasite","floor":18.0,"turns":5.0},{"damage":0.0,"enemies":"Spheric Guardian","floor":19.0,"turns":3.0},{"damage":22.0,"enemies":"Book of Stabbing","floor":24.0,"turns":4.0},{"damage":0.0,"enemies":"Shelled Parasite and Fungi","floor":27.0,"turns":3.0},{"damage":0.0,"enemies":"Chosen and Byrds","floor":30.0,"turns":6.0},{"damage":0.0,"enemies":"Cultist and Chosen","floor":31.0,"turns":4.0},{"damage":0.0,"enemies":"Collector","floor":33.0,"turns":7.0},{"damage":0.0,"enemies":"Orb Walker","floor":35.0,"turns":3.0},{"damage":0.0,"enemies":"3 Shapes","floor":36.0,"turns":4.0},{"damage":18.0,"enemies":"Transient","floor":38.0,"turns":6.0},{"damage":0.0,"enemies":"4 Shapes","floor":39.0,"turns":9.0},{"damage":0.0,"enemies":"Giant Head","floor":40.0,"turns":4.0},{"damage":14.0,"enemies":"Nemesis","floor":42.0,"turns":9.0},{"damage":23.0,"enemies":"Giant Head","floor":44.0,"turns":8.0},{"damage":0.0,"enemies":"Jaw Worm Horde","floor":47.0,"turns":4.0},{"damage":0.0,"enemies":"3 Darklings","floor":48.0,"turns":6.0},{"damage":0.0,"enemies":"Time Eater","floor":50.0,"turns":4.0},{"damage":1.0,"enemies":"Awakened One","floor":51.0,"turns":13.0},{"damage":84,"enemies":"Shield and Spear","floor":55,"turns":5}],"seed_played":"-668471838068173204","potions_obtained":[{"floor":6.0,"key":"Poison Potion"},{"floor":8.0,"key":"SkillPotion"},{"floor":16.0,"key":"Dexterity Potion"},{"floor":19.0,"key":"Swift Potion"},{"floor":24.0,"key":"Swift Potion"},{"floor":31.0,"key":"Swift Potion"},{"floor":33.0,"key":"Strength Potion"},{"floor":35.0,"key":"Dexterity Potion"},{"floor":44.0,"key":"Explosive Potion"},{"floor":48.0,"key":"Ancient Potion"}],"is_trial":false,"path_per_floor":["M","?","$","M","M","E","?","E","T","R","E","?","T","E","R","B",null,"M","M","$","?","?","R","E","R","T","M","?","$","M","M","R","B",null,"M","M","?","M","M","E","$","E","T","E","$","R","M","M","R","B","B",null,"R","$","E"],"character_chosen":"DEFECT","items_purchased":["Sunder","Strength Potion","ClockworkSouvenir","AttackPotion","Energy Potion","Glacier+1","Capacitor","Bronze Scales"],"campfire_rested":3,"item_purchase_floors":[3,3,20,20,20,29,41,41],"current_hp_per_floor":[46,46,46,46,46,31,31,31,31,31,31,20,20,14,14,39,63,47,47,47,47,40,61,39,60,60,60,40,40,40,40,62,76,76,76,76,66,48,48,48,48,34,34,23,23,23,35,47,47,72,75,76,76,76,0],"gold":13,"neow_bonus":"ONE_RARE_RELIC","is_prod":false,"is_daily":false,"chose_seed":false,"campfire_upgraded":2,"win_rate":0,"timestamp":1556538936,"path_taken":["M","?","$","?","M","E","?","E","T","R","E","?","?","E","R","BOSS","M","M","$","?","?","R","E","R","T","?","?","?","?","M","R","BOSS","M","?","?","M","M","E","$","E","T","E","$","R","M","M","R","BOSS","BOSS","R","$","E"],"build_version":"2019-01-23","purchased_purges":2,"victory":false,"max_hp_per_floor":[71,71,71,71,71,71,71,71,71,71,71,71,71,71,71,71,71,71,71,71,71,71,71,71,71,71,71,76,76,76,76,76,76,76,76,76,76,76,76,76,76,76,76,76,76,76,76,76,76,76,76,76,76,76,76],"card_choices":[{"not_picked":["Chill","Turbo"],"picked":"Ball Lightning","floor":1.0},{"not_picked":["Compile Driver","Reinforced Body"],"picked":"Conserve Battery","floor":4.0},{"not_picked":["Skim","Steam Power"],"picked":"Lockon","floor":5.0},{"not_picked":["Aggregate","Redo"],"picked":"Loop","floor":6.0},{"not_picked":["Steam Power","Rip and Tear"],"picked":"Coolheaded","floor":8.0},{"not_picked":["Redo+1","Chaos+1"],"picked":"Core Surge","floor":11.0},{"not_picked":["Beam Cell","Fusion+1"],"picked":"Darkness+1","floor":14.0},{"not_picked":["Echo Form","Buffer"],"picked":"Multi-Cast+1","floor":16.0},{"not_picked":["Hologram+1","Go for the Eyes"],"picked":"Cold Snap","floor":18.0},{"not_picked":["Consume+1","Hologram+1"],"picked":"Reinforced Body+1","floor":19.0},{"not_picked":["Rebound","Chaos+1"],"picked":"Leap+1","floor":24.0},{"not_picked":["Lockon","Ball Lightning"],"picked":"Go for the Eyes+1","floor":27.0},{"not_picked":["Turbo+1","Gash"],"picked":"Hologram+1","floor":30.0},{"not_picked":["Compile Driver","Cold Snap"],"picked":"Hologram+1","floor":31.0},{"not_picked":["Reboot+1","Electrodynamics"],"picked":"Core Surge","floor":33.0},{"not_picked":["Turbo+1","Streamline"],"picked":"Hologram+1","floor":35.0},{"not_picked":["Reprogram+1","Genetic Algorithm+1","Sweeping Beam"],"picked":"SKIP","floor":36.0},{"not_picked":["Panache","Madness+1"],"picked":"Finesse+1","floor":37.0},{"not_picked":["Secret Weapon+1","Purity+1"],"picked":"Master of Strategy+1","floor":37.0},{"not_picked":["Barrage","Streamline"],"picked":"Reinforced Body+1","floor":38.0},{"not_picked":["Stack+1","Scrape"],"picked":"Redo+1","floor":39.0},{"not_picked":["Lockon+1","Force Field+1","Leap+1"],"picked":"SKIP","floor":40.0},{"not_picked":["Hello World","Cold Snap"],"picked":"Glacier+1","floor":42.0},{"not_picked":["Rainbow+1","Steam+1"],"picked":"Cold Snap+1","floor":44.0},{"not_picked":["Streamline+1","Heatsinks+1"],"picked":"Defragment","floor":47.0},{"not_picked":["Rebound","Genetic Algorithm+1"],"picked":"Hologram+1","floor":47.0},{"not_picked":["Reprogram+1","Barrage"],"picked":"BootSequence+1","floor":48.0},{"not_picked":["Ball Lightning","Scrape"],"picked":"Capacitor","floor":48.0}],"player_experience":2086152,"relics_obtained":[{"floor":6.0,"key":"Sundial"},{"floor":8.0,"key":"Pantograph"},{"floor":9.0,"key":"Toxic Egg 2"},{"floor":11.0,"key":"Potion Belt"},{"floor":13.0,"key":"Bottled Tornado"},{"floor":14.0,"key":"Emotion Chip"},{"floor":24.0,"key":"Cables"},{"floor":40.0,"key":"Prayer Wheel"},{"floor":40.0,"key":"Pen Nib"},{"floor":42.0,"key":"Peace Pipe"},{"floor":42.0,"key":"Meat on the Bone"},{"floor":43.0,"key":"Ancient Tea Set"},{"floor":44.0,"key":"Kunai"},{"floor":44.0,"key":"Smiling Mask"}],"event_choices":[{"cards_removed":["Strike_B"],"damage_healed":0.0,"max_hp_gain":0.0,"max_hp_loss":0.0,"gold_gain":0.0,"event_name":"Purifier","player_choice":"Purged","floor":2.0,"gold_loss":0.0,"damage_taken":0.0},{"damage_healed":0.0,"max_hp_gain":0.0,"max_hp_loss":0.0,"gold_gain":0.0,"event_name":"Living Wall","player_choice":"Grow","floor":7.0,"gold_loss":0.0,"damage_taken":0.0,"cards_upgraded":["Sunder"]},{"damage_healed":0.0,"max_hp_gain":0.0,"max_hp_loss":0.0,"gold_gain":75.0,"event_name":"World of Goop","player_choice":"Gather Gold","floor":12.0,"gold_loss":0.0,"damage_taken":11.0},{"damage_healed":0.0,"max_hp_gain":0.0,"max_hp_loss":0.0,"gold_gain":0.0,"event_name":"Addict","player_choice":"Obtained Relic","floor":21.0,"gold_loss":85.0,"damage_taken":0.0,"relics_obtained":["DataDisk"]},{"damage_healed":0.0,"max_hp_gain":0.0,"max_hp_loss":0.0,"gold_gain":0.0,"event_name":"Knowing Skull","player_choice":"","floor":22.0,"potions_obtained":[],"gold_loss":0.0,"damage_taken":7.0,"cards_obtained":[]},{"damage_healed":0.0,"max_hp_gain":5.0,"max_hp_loss":0.0,"gold_gain":0.0,"event_name":"Forgotten Altar","player_choice":"Shed Blood","floor":28.0,"gold_loss":0.0,"damage_taken":25.0},{"damage_healed":0.0,"max_hp_gain":0.0,"max_hp_loss":0.0,"gold_gain":0.0,"event_name":"SensoryStone","player_choice":"Memory 3","floor":37.0,"gold_loss":0.0,"damage_taken":10.0}],"is_beta":false,"boss_relics":[{"not_picked":["Snecko Eye","Calling Bell"],"picked":"Fusion Hammer"},{"not_picked":["Philosopher\u0027s Stone","Orrery"],"picked":"Black Star"}],"items_purged_floors":[45,54],"is_endless":false,"potions_floor_spawned":[6,8,16,19,24,31,33,35,44,48],"killed_by":"Shield and Spear","ascension_level":20}