{"gold_per_floor":[113,128,138,154,167,167,192,192,192,192,203,203,234,250,250,350,350,362,376,426,203,5,5,105,105],"floor_reached":25,"playtime":1733,"items_purged":[],"score":234,"play_id":"bfa0984f-5506-422c-a037-b47031d70065","local_time":"20190502110804","is_ascension_mode":true,"campfire_choices":[{"data":"Go for the Eyes","floor":6,"key":"SMITH"},{"floor":8,"key":"REST"},{"data":"Defragment","floor":12,"key":"SMITH"},{"floor":15,"key":"REST"},{"data":"Defragment","floor":23,"key":"SMITH"}],"neow_cost":"NONE","seed_source_timestamp":519231230797447,"circlet_count":0,"master_deck":["Strike_B","Strike_B+1","Strike_B","Strike_B","Defend_B","Defend_B","Defend_B","Defend_B","Zap","Dualcast","Thunder Strike","Go for the Eyes+1","Melter","Go for the Eyes+1","Conserve Battery","Defragment+1","Capacitor","Turbo","Core Surge","Barrage+1","Defragment+1","Consume"],"relics":["Cracked Core","Bag of Marbles","Question Card","Whetstone","Eternal Feather","Juzu Bracelet","ClockworkSouvenir","Girya","Bottled Tornado"],"potions_floor_usage":[16,24,24],"damage_taken":[{"damage":1,"enemies":"Cultist","floor":1,"turns":4},{"damage":7,"enemies":"Small Slimes","floor":2,"turns":2},{"damage":0,"enemies":"2 Louse","floor":3,"turns":2},{"damage":8,"enemies":"Blue Slaver","floor":4,"turns":4},{"damage":11,"enemies":"Exordium Wildlife","floor":5,"turns":4},{"damage":39,"enemies":"3 Sentries","floor":7,"turns":8},{"damage":1,"enemies":"3 Louse","floor":11,"turns":3},{"damage":21,"enemies":"Lagavulin","floor":13,"turns":7},{"damage":8,"enemies":"Looter","floor":14,"turns":2},{"damage":28,"enemies":"The Guardian","floor":16,"turns":11},{"damage":22,"enemies":"Shell Parasite","floor":18,"turns":6},{"damage":0,"enemies":"Spheric Guardian","floor":19,"turns":2},{"damage":29,"enemies":"Colosseum Slavers","floor":24,"turns":5},{"damage":34,"enemies":"Colosseum Nobs","floor":24,"turns":5},{"damage":18,"enemies":"3 Cultists","floor":25,"turns":2}],"seed_played":"991319816355018621","potions_obtained":[{"floor":7,"key":"Block Potion"},{"floor":11,"key":"PowerPotion"},{"floor":13,"key":"EssenceOfSteel"},{"floor":16,"key":"FairyPotion"},{"floor":19,"key":"Explosive Potion"}],"is_trial":false,"path_per_floor":["M","M","M","M","M","R","E","R","T","?","M","R","E","M","R","B",null,"M","M","?","$","$","R","?","M"],"character_chosen":"DEFECT","items_purchased":["Defragment","Juzu Bracelet","ClockworkSouvenir"],"campfire_rested":2,"item_purchase_floors":[21,21,22],"current_hp_per_floor":[74,67,67,59,48,48,9,31,31,56,55,55,34,26,48,20,75,53,53,53,53,53,65,2,0],"gold":105,"neow_bonus":"ONE_RANDOM_RARE_CARD","is_prod":false,"is_daily":false,"chose_seed":false,"campfire_upgraded":3,"win_rate":0,"timestamp":1556809684,"path_taken":["M","M","M","M","M","R","E","R","T","?","M","R","E","M","R","BOSS","M","M","?","?","$","R","?","M"],"build_version":"2019-01-23","purchased_purges":0,"victory":false,"max_hp_per_floor":[75,75,75,75,75,75,75,75,75,75,75,75,75,75,75,75,75,75,75,75,75,75,75,75,75],"card_choices":[{"not_picked":["Leap","Barrage"],"picked":"Go for the Eyes","floor":1},{"not_picked":["Darkness","Turbo"],"picked":"Melter","floor":2},{"not_picked":["Stack","Steam Power","Turbo"],"picked":"SKIP","floor":3},{"not_picked":["Leap","Beam Cell"],"picked":"Go for the Eyes","floor":4},{"not_picked":["Auto Shields","Beam Cell","Hyperbeam"],"picked":"SKIP","floor":5},{"not_picked":["Barrage","Buffer"],"picked":"Conserve Battery","floor":7},{"not_picked":["Coolheaded","Streamline","Chaos"],"picked":"Defragment","floor":11},{"not_picked":["Auto Shields","Skim","Blizzard"],"picked":"Capacitor","floor":13},{"not_picked":["Heatsinks","Coolheaded","Leap"],"picked":"Turbo","floor":14},{"not_picked":["Rainbow","Biased Cognition","All For One"],"picked":"Core Surge","floor":16},{"not_picked":["Rebound","Beam Cell","Leap","Chaos"],"picked":"SKIP","floor":18},{"not_picked":["Static Discharge","Auto Shields","BootSequence"],"picked":"Barrage+1","floor":19},{"not_picked":["Cold Snap","Redo+1","Beam Cell"],"picked":"Consume","floor":24}],"player_experience":938094,"relics_obtained":[{"floor":7,"key":"Bag of Marbles"},{"floor":9,"key":"Question Card"},{"floor":13,"key":"Whetstone"},{"floor":24,"key":"Girya"},{"floor":24,"key":"Bottled Tornado"}],"event_choices":[{"damage_healed":25,"gold_gain":0,"player_choice":"Banana","damage_taken":0,"max_hp_gain":0,"max_hp_loss":0,"event_name":"Big Fish","floor":10,"gold_loss":0},{"damage_healed":0,"gold_gain":100,"player_choice":"Bet on Murderer","damage_taken":0,"max_hp_gain":0,"max_hp_loss":0,"event_name":"The Joust","floor":20,"gold_loss":50},{"damage_healed":0,"gold_gain":0,"player_choice":"Fight","damage_taken":0,"max_hp_gain":0,"max_hp_loss":0,"event_name":"Colosseum","floor":24,"gold_loss":0},{"damage_healed":0,"gold_gain":0,"player_choice":"Fought Nobs","damage_taken":0,"max_hp_gain":0,"max_hp_loss":0,"event_name":"Colosseum","floor":24,"gold_loss":0}],"is_beta":false,"boss_relics":[{"not_picked":["Inserter","Sozu"],"picked":"Eternal Feather"}],"items_purged_floors":[],"is_endless":false,"potions_floor_spawned":[7,11,13,16,19,24],"killed_by":"3 Cultists","ascension_level":2}