{"gold_per_floor":[367,37,37,47,61,95,109,109,162,176,176,207,207,257,257,257],"floor_reached":16,"playtime":567,"items_purged":["Pain"],"score":204,"play_id":"fb02aade-a008-4422-88f1-0ed510645e7c","local_time":"20190313120905","is_ascension_mode":true,"campfire_choices":[{"data":"Hemokinesis","floor":11,"key":"SMITH"},{"data":"Feel No Pain","floor":13,"key":"SMITH"},{"data":"Inflame","floor":15,"key":"SMITH"}],"neow_cost":"CURSE","seed_source_timestamp":3486681956792,"circlet_count":0,"master_deck":["AscendersBane","Strike_R","Strike_R","Strike_R","Strike_R","Defend_R","Defend_R","Defend_R","Defend_R","Bash","Inflame+1","Hemokinesis+1","Headbutt","Twin Strike","Metallicize","Twin Strike","Feel No Pain+1"],"relics":["Burning Blood","Bag of Preparation","PreservedInsect","Tiny Chest","Blood Vial"],"potions_floor_usage":[6,12,12],"damage_taken":[{"damage":15,"enemies":"Jaw Worm","floor":1,"turns":2},{"damage":7,"enemies":"Small Slimes","floor":4,"turns":4},{"damage":4,"enemies":"Cultist","floor":5,"turns":3},{"damage":23,"enemies":"Lagavulin","floor":6,"turns":6},{"damage":5,"enemies":"Looter","floor":7,"turns":3},{"damage":13,"enemies":"Exordium Thugs","floor":10,"turns":4},{"damage":5,"enemies":"3 Sentries","floor":12,"turns":7},{"damage":56,"enemies":"Slime Boss","floor":16,"turns":6}],"seed_played":"365439642216878303","potions_obtained":[{"floor":5,"key":"Energy Potion"},{"floor":7,"key":"GamblersBrew"},{"floor":10,"key":"EssenceOfSteel"}],"is_trial":false,"path_per_floor":["M","$","?","M","M","E","M","?","T","M","R","E","R","?","R","B"],"character_chosen":"IRONCLAD","items_purchased":["Bag of Preparation","Hemokinesis"],"campfire_rested":0,"item_purchase_floors":[2,2],"current_hp_per_floor":[59,59,64,63,65,48,49,49,49,42,42,43,43,43,43,0],"gold":257,"neow_bonus":"TWO_FIFTY_GOLD","is_prod":false,"is_daily":false,"chose_seed":false,"campfire_upgraded":3,"win_rate":0,"timestamp":1552493345,"path_taken":["M","$","?","M","M","E","M","?","T","?","R","E","R","?","R","BOSS"],"build_version":"2019-01-23","purchased_purges":1,"victory":false,"max_hp_per_floor":[75,75,80,80,80,80,80,80,80,80,80,80,80,80,80,80],"card_choices":[{"not_picked":["Seeing Red","Sword Boomerang"],"picked":"Inflame","floor":1},{"not_picked":["Pommel Strike","Infernal Blade"],"picked":"Headbutt","floor":4},{"not_picked":["Body Slam","Entrench"],"picked":"Twin Strike","floor":5},{"not_picked":["Exhume","Ghostly Armor"],"picked":"Metallicize","floor":6},{"not_picked":["Clash","Searing Blow"],"picked":"Twin Strike","floor":7},{"not_picked":["Seeing Red","Burning Pact","Shrug It Off"],"picked":"SKIP","floor":10},{"not_picked":["Reckless Charge","Thunderclap"],"picked":"Feel No Pain","floor":12}],"player_experience":1075836,"relics_obtained":[{"floor":6,"key":"PreservedInsect"},{"floor":9,"key":"Tiny Chest"},{"floor":12,"key":"Blood Vial"}],"event_choices":[{"damage_healed":0,"gold_gain":0,"player_choice":"Donut","damage_taken":0,"max_hp_gain":5,"max_hp_loss":0,"event_name":"Big Fish","floor":3,"gold_loss":0},{"cards_removed":["Strike_R"],"damage_healed":0,"gold_gain":0,"player_choice":"Purged","damage_taken":0,"max_hp_gain":0,"max_hp_loss":0,"event_name":"Purifier","floor":8,"gold_loss":0},{"damage_healed":0,"gold_gain":50,"player_choice":"Pray","damage_taken":0,"max_hp_gain":0,"max_hp_loss":0,"event_name":"Golden Shrine","floor":14,"gold_loss":0}],"is_beta":false,"boss_relics":[],"items_purged_floors":[2],"is_endless":false,"potions_floor_spawned":[5,7,10],"killed_by":"Slime Boss","ascension_level":17}