{"gold_per_floor":[13,33,33,33,49,78,78,78,101,116,173,173,173,186,186,186],"floor_reached":16,"playtime":545,"items_purged":[],"score":200,"play_id":"b94ffac6-db6b-4d69-966d-5bad5b854bf2","local_time":"20190502235032","is_ascension_mode":true,"campfire_choices":[{"floor":7,"key":"REST"},{"floor":13,"key":"REST"},{"data":"Chill","floor":15,"key":"SMITH"}],"neow_cost":"NO_GOLD","seed_source_timestamp":885102749301883,"circlet_count":0,"master_deck":["AscendersBane","Strike_B","Strike_B","Strike_B","Strike_B","Defend_B","Defend_B","Defend_B","Defend_B","Zap","Dualcast","Sweeping Beam","Go for the Eyes","Pain","Ball Lightning","Chill+1","Sunder","Compile Driver","Undo"],"relics":["Cracked Core","WarpedTongs","Lantern","Omamori","Anchor","Golden Idol"],"potions_floor_usage":[6,16],"damage_taken":[{"damage":7,"enemies":"Jaw Worm","floor":1,"turns":3},{"damage":2,"enemies":"Cultist","floor":2,"turns":4},{"damage":3,"enemies":"2 Louse","floor":5,"turns":1},{"damage":22,"enemies":"3 Sentries","floor":6,"turns":3},{"damage":6,"enemies":"Blue Slaver","floor":10,"turns":3},{"damage":33,"enemies":"Lagavulin Event","floor":11,"turns":5},{"damage":1,"enemies":"Large Slime","floor":14,"turns":3},{"damage":60,"enemies":"Slime Boss","floor":16,"turns":6}],"seed_played":"-1737747830347104765","potions_obtained":[{"floor":2,"key":"Explosive Potion"},{"floor":14,"key":"SneckoOil"}],"is_trial":false,"path_per_floor":["M","M","?","$","M","E","R","?","T","M","?","?","R","M","R","B"],"character_chosen":"DEFECT","items_purchased":[],"campfire_rested":2,"item_purchase_floors":[],"current_hp_per_floor":[71,69,69,69,66,44,69,69,69,63,30,30,53,52,52,0],"gold":186,"neow_bonus":"TWENTY_PERCENT_HP_BONUS","is_prod":false,"is_daily":false,"chose_seed":false,"campfire_upgraded":1,"win_rate":0,"timestamp":1556855432,"path_taken":["M","M","?","$","?","E","R","?","T","M","?","?","R","?","R","BOSS"],"build_version":"2019-01-23","purchased_purges":0,"victory":false,"max_hp_per_floor":[85,85,85,85,85,85,85,85,85,85,85,77,77,77,77,77],"card_choices":[{"not_picked":["Barrage","Scrape"],"picked":"Sweeping Beam","floor":1},{"not_picked":["Heatsinks","Aggregate"],"picked":"Go for the Eyes","floor":2},{"not_picked":["Redo","Buffer"],"picked":"Ball Lightning","floor":5},{"not_picked":["Scrape","Coolheaded"],"picked":"Chill","floor":6},{"not_picked":["Gash","Aggregate"],"picked":"Sunder","floor":10},{"not_picked":["Gash","Beam Cell"],"picked":"Compile Driver","floor":11},{"not_picked":["Chaos","Turbo"],"picked":"Undo","floor":14}],"player_experience":2278160,"relics_obtained":[{"floor":6,"key":"Lantern"},{"floor":9,"key":"Omamori"},{"floor":11,"key":"Anchor"}],"event_choices":[{"damage_healed":0,"gold_gain":0,"player_choice":"Rummage","damage_taken":0,"relics_obtained":["WarpedTongs"],"max_hp_gain":0,"max_hp_loss":0,"event_name":"Accursed Blacksmith","floor":3,"gold_loss":0,"cards_obtained":["Pain"]},{"damage_healed":0,"gold_gain":0,"player_choice":"Ignored","damage_taken":0,"max_hp_gain":0,"max_hp_loss":0,"event_name":"Liars Game","floor":8,"gold_loss":0},{"damage_healed":0,"gold_gain":0,"player_choice":"Searched \u00271\u0027 times","damage_taken":0,"max_hp_gain":0,"max_hp_loss":0,"event_name":"Dead Adventurer","floor":11,"gold_loss":0},{"damage_healed":0,"gold_gain":0,"player_choice":"Lose Max HP","damage_taken":0,"relics_obtained":["Golden Idol"],"max_hp_gain":0,"max_hp_loss":8,"event_name":"Golden Idol","floor":12,"gold_loss":0}],"is_beta":false,"boss_relics":[],"items_purged_floors":[],"is_endless":false,"potions_floor_spawned":[2,14],"killed_by":"Slime Boss","ascension_level":20}