{"gold_per_floor":[115,115,115,130,205,230,230,265,265,294,294,311,1,15,15,89,89,107,31,49,49,64,64,64,94,174,174,188,188,217,217,217,217],"floor_reached":33,"playtime":1080,"items_purged":[],"score":639,"play_id":"c79e3456-00ba-4275-97a4-617eea2dcde5","local_time":"20190423234913","is_ascension_mode":true,"campfire_choices":[{"data":"Bash","floor":7,"key":"SMITH"},{"floor":11,"key":"REST"},{"data":"Anger","floor":15,"key":"SMITH"},{"floor":23,"key":"REST"},{"data":"Fiend Fire","floor":27,"key":"SMITH"},{"data":"Carnage","floor":29,"key":"SMITH"},{"data":"Bite","floor":32,"key":"SMITH"}],"neow_cost":"NONE","seed_source_timestamp":1155488553365269,"circlet_count":0,"master_deck":["AscendersBane","Defend_R","Defend_R","Defend_R","Defend_R","Bash+1","Hemokinesis+1","Headbutt","Anger+1","Offering","Juggernaut","Fiend Fire+1","Intimidate+1","Corruption","Necronomicurse","Carnage+1","Bite+1","Bite","Bite","Bite","Bite","Sentinel+1","Disarm"],"relics":["Burning Blood","NeowsBlessing","Pantograph","Dodecahedron","Kunai","Torii","Oddly Smooth Stone","Snecko Eye","Necronomicon","Anchor","Mummified Hand"],"potions_floor_usage":[8,22,25,30,33],"damage_taken":[{"damage":0,"enemies":"Small Slimes","floor":1,"turns":1},{"damage":0,"enemies":"2 Louse","floor":4,"turns":2},{"damage":0,"enemies":"3 Sentries","floor":6,"turns":1},{"damage":27,"enemies":"Lagavulin","floor":8,"turns":5},{"damage":18,"enemies":"Gremlin Nob","floor":10,"turns":3},{"damage":1,"enemies":"Cultist","floor":12,"turns":3},{"damage":3,"enemies":"3 Louse","floor":14,"turns":3},{"damage":47,"enemies":"Slime Boss","floor":16,"turns":8},{"damage":7,"enemies":"2 Thieves","floor":18,"turns":4},{"damage":18,"enemies":"Shell Parasite","floor":20,"turns":3},{"damage":18,"enemies":"3 Cultists","floor":22,"turns":5},{"damage":6,"enemies":"Gremlin Leader","floor":25,"turns":3},{"damage":6,"enemies":"Snecko","floor":28,"turns":3},{"damage":11,"enemies":"Slavers","floor":30,"turns":4},{"damage":92,"enemies":"Collector","floor":33,"turns":7}],"seed_played":"8964439440826284422","potions_obtained":[{"floor":4,"key":"PowerPotion"},{"floor":12,"key":"Regen Potion"},{"floor":16,"key":"SteroidPotion"},{"floor":28,"key":"Fire Potion"},{"floor":31,"key":"Strength Potion"},{"floor":31,"key":"Strength Potion"}],"is_trial":false,"path_per_floor":["M","?","?","M","?","E","R","E","T","E","R","M","$","M","R","B",null,"M","$","M","?","M","R","?","E","T","R","M","R","E","?","R","B"],"character_chosen":"IRONCLAD","items_purchased":["Oddly Smooth Stone","Offering","Corruption"],"campfire_rested":2,"item_purchase_floors":[13,13,19],"current_hp_per_floor":[74,51,51,57,46,52,52,31,31,19,41,46,46,49,49,33,65,64,64,52,31,33,55,52,52,52,52,52,52,51,51,51,0],"gold":217,"neow_bonus":"THREE_ENEMY_KILL","is_prod":false,"is_daily":false,"chose_seed":false,"campfire_upgraded":5,"win_rate":0,"timestamp":1556077753,"path_taken":["M","?","?","M","?","E","R","E","T","E","R","M","$","M","R","BOSS","M","$","M","?","M","R","?","E","T","R","M","R","E","?","R","BOSS"],"build_version":"2019-04-23","purchased_purges":0,"victory":false,"max_hp_per_floor":[75,75,75,75,75,75,75,75,75,75,75,75,75,75,75,75,75,75,75,75,75,75,75,52,52,52,52,52,52,52,52,52,52],"card_choices":[{"not_picked":["Clash","Armaments"],"picked":"Hemokinesis","floor":1},{"not_picked":["Body Slam","Clothesline"],"picked":"Headbutt","floor":4},{"not_picked":["Heavy Blade","Iron Wave"],"picked":"Anger","floor":6},{"not_picked":["Pommel Strike","Body Slam","Clash"],"picked":"SKIP","floor":8},{"not_picked":["Rampage","Dropkick","Pummel"],"picked":"SKIP","floor":10},{"not_picked":["Blood for Blood","Sword Boomerang","Perfected Strike"],"picked":"SKIP","floor":12},{"not_picked":["Pommel Strike","Clothesline"],"picked":"Juggernaut","floor":14},{"not_picked":["Barricade","Limit Break"],"picked":"Fiend Fire","floor":16},{"not_picked":["Anger","Thunderclap"],"picked":"Intimidate+1","floor":18},{"not_picked":["Second Wind","Rage","Clash"],"picked":"SKIP","floor":20},{"not_picked":["Metallicize","Wild Strike"],"picked":"Carnage","floor":22},{"not_picked":["Fire Breathing+1","Heavy Blade"],"picked":"Sentinel+1","floor":25},{"not_picked":["Sword Boomerang","Twin Strike","Body Slam+1"],"picked":"SKIP","floor":28},{"not_picked":["Flex","Headbutt"],"picked":"Disarm","floor":30}],"player_experience":2450726,"relics_obtained":[{"floor":6,"key":"Pantograph"},{"floor":8,"key":"Dodecahedron"},{"floor":9,"key":"Kunai"},{"floor":10,"key":"Torii"},{"floor":21,"key":"Necronomicon"},{"floor":25,"key":"Anchor"},{"floor":30,"key":"Mummified Hand"}],"event_choices":[{"damage_healed":0,"gold_gain":0,"player_choice":"Entered Light","damage_taken":23,"max_hp_gain":0,"max_hp_loss":0,"event_name":"Shining Light","floor":2,"gold_loss":0,"cards_upgraded":["Strike_R","Strike_R"]},{"damage_healed":0,"gold_gain":0,"player_choice":"Grow","damage_taken":0,"max_hp_gain":0,"max_hp_loss":0,"event_name":"Living Wall","floor":3,"gold_loss":0,"cards_upgraded":["Hemokinesis"]},{"damage_healed":0,"gold_gain":75,"player_choice":"Gather Gold","damage_taken":11,"max_hp_gain":0,"max_hp_loss":0,"event_name":"World of Goop","floor":5,"gold_loss":0},{"damage_healed":0,"gold_gain":0,"player_choice":"Obtained Book","damage_taken":21,"max_hp_gain":0,"max_hp_loss":0,"event_name":"Cursed Tome","floor":21,"gold_loss":0},{"damage_healed":0,"gold_gain":0,"player_choice":"Became a vampire","damage_taken":0,"max_hp_gain":0,"max_hp_loss":23,"event_name":"Vampires","floor":24,"gold_loss":0,"cards_obtained":["Bite","Bite","Bite","Bite","Bite"]},{"damage_healed":0,"gold_gain":0,"player_choice":"Got Potions","damage_taken":0,"max_hp_gain":0,"max_hp_loss":0,"event_name":"Lab","floor":31,"gold_loss":0}],"is_beta":true,"boss_relics":[{"not_picked":["White Beast Statue","Coffee Dripper"],"picked":"Snecko Eye"}],"items_purged_floors":[],"is_endless":false,"potions_floor_spawned":[4,12,16,18,20,28],"killed_by":"Collector","ascension_level":15}