{"gold_per_floor":[11,11,31,31,31,31,31,47,47,67,67,83,133,150,150,150],"floor_reached":16,"playtime":307,"items_purged":[],"score":161,"play_id":"89558071-86e1-440f-88e0-6771abff38a3","local_time":"20180803192350","is_ascension_mode":true,"campfire_choices":[{"data":"Bash","floor":6,"key":"SMITH"},{"data":"Clothesline","floor":11,"key":"SMITH"},{"data":"True Grit","floor":15,"key":"SMITH"}],"neow_cost":"NO_GOLD","seed_source_timestamp":123749418383236,"circlet_count":0,"master_deck":["Strike_R","Strike_R","Strike_R","Strike_R","Defend_R","Defend_R","Defend_R","Defend_R","Bash+1","AscendersBane","Iron Wave","True Grit+1","Clothesline+1","Pommel Strike","Shockwave"],"relics":["Burning Blood","Charon\u0027s Ashes","Bird Faced Urn","Shovel","Juzu Bracelet"],"potions_floor_usage":[16,16,16],"damage_taken":[{"damage":12,"enemies":"Jaw Worm","floor":1,"turns":3},{"damage":9,"enemies":"2 Louse","floor":3,"turns":3},{"damage":4,"enemies":"Small Slimes","floor":8,"turns":4},{"damage":10,"enemies":"Red Slaver","floor":10,"turns":3},{"damage":5,"enemies":"Blue Slaver","floor":12,"turns":4},{"damage":13,"enemies":"Exordium Thugs","floor":14,"turns":4},{"damage":50,"enemies":"Hexaghost","floor":16,"turns":11}],"seed_played":"-5992884812017412423","potions_obtained":[{"floor":3,"key":"PowerPotion"},{"floor":5,"key":"EntropicBrew"}],"is_trial":false,"path_per_floor":["M","?","M","?","?","R","?","M","T","M","R","M","T","M","R"],"character_chosen":"IRONCLAD","items_purchased":[],"campfire_rested":0,"item_purchase_floors":[],"current_hp_per_floor":[62,62,59,59,59,59,52,54,54,50,50,51,51,44,44,0],"gold":150,"neow_bonus":"ONE_RARE_RELIC","is_prod":false,"is_daily":false,"chose_seed":false,"campfire_upgraded":3,"win_rate":0,"timestamp":1533349430,"path_taken":["M","?","?","?","?","R","?","M","T","M","R","M","?","M","R","BOSS"],"build_version":"2018-08-01","purchased_purges":0,"victory":false,"max_hp_per_floor":[75,75,75,75,75,75,75,75,75,75,75,75,75,75,75,75],"card_choices":[{"not_picked":["Pummel","Thunderclap"],"picked":"Iron Wave","floor":1},{"not_picked":["Armaments","Dropkick"],"picked":"True Grit","floor":3},{"not_picked":["Twin Strike","Second Wind"],"picked":"Clothesline","floor":8},{"not_picked":["Twin Strike","Heavy Blade"],"picked":"Pommel Strike","floor":10},{"not_picked":["Armaments","Fire Breathing"],"picked":"Shockwave","floor":12},{"not_picked":["Wild Strike","Headbutt","Fire Breathing"],"picked":"SKIP","floor":14}],"player_experience":838471,"relics_obtained":[{"floor":9,"key":"Shovel"},{"floor":13,"key":"Juzu Bracelet"}],"event_choices":[{"event_name":"The Cleric","player_choice":"Leave","floor":2,"damage_taken":0},{"event_name":"Wheel of Change","player_choice":"Relic","floor":4,"damage_taken":0},{"event_name":"The Lab","player_choice":"Got Potions","floor":5,"damage_taken":0},{"event_name":"Golden Wing","player_choice":"Card Removal","floor":7,"damage_taken":0}],"is_beta":true,"boss_relics":[],"items_purged_floors":[],"is_endless":false,"potions_floor_spawned":[3,10,12],"killed_by":"Hexaghost","ascension_level":15}