{"gold_per_floor":[114,189,209,209,1,33,46,77,103,103,103,113,127,144,144,216,216,228,63,79,79,479,544,563,563,586,615,633,633,649,667,667,667],"floor_reached":33,"playtime":1928,"items_purged":["Strike_G"],"score":648,"play_id":"b2ce031b-374d-4508-8dcf-83ab5d779cff","local_time":"20190505204855","is_ascension_mode":true,"campfire_choices":[{"data":"Neutralize","floor":11,"key":"SMITH"},{"data":"Caltrops","floor":15,"key":"SMITH"},{"floor":25,"key":"REST"},{"floor":29,"key":"REST"},{"floor":32,"key":"REST"}],"neow_cost":"NONE","seed_source_timestamp":471490248119483,"circlet_count":0,"master_deck":["AscendersBane","Survivor","Neutralize+1","Quick Slash","All Out Attack","Cloak And Dagger","Poisoned Stab","Poisoned Stab","Expertise","Backstab","Caltrops+1","After Image","Skewer","Backstab","Skewer","Corpse Explosion","Terror","Glass Knife","Well Laid Plans","Crippling Poison","Bane","Backflip+1","Backflip+1","Caltrops+1","Backstab","Backflip"],"relics":["Ring of the Snake","Omamori","Bag of Preparation","Juzu Bracelet","Bronze Scales","Pandora\u0027s Box","Anchor","Old Coin","Matryoshka","Tiny Chest","Smiling Mask","Art of War","Bottled Lightning"],"potions_floor_usage":[8,8,8,8,23,28,33,33],"damage_taken":[{"damage":24,"enemies":"Jaw Worm","floor":1,"turns":8},{"damage":0,"enemies":"2 Louse","floor":3,"turns":2},{"damage":4,"enemies":"3 Sentries","floor":6,"turns":3},{"damage":0,"enemies":"Cultist","floor":7,"turns":2},{"damage":8,"enemies":"Gremlin Nob","floor":8,"turns":3},{"damage":0,"enemies":"Lots of Slimes","floor":12,"turns":2},{"damage":1,"enemies":"Looter","floor":13,"turns":2},{"damage":5,"enemies":"3 Louse","floor":14,"turns":3},{"damage":22,"enemies":"Hexaghost","floor":16,"turns":9},{"damage":19,"enemies":"Spheric Guardian","floor":18,"turns":4},{"damage":0,"enemies":"3 Byrds","floor":20,"turns":1},{"damage":5,"enemies":"Colosseum Slavers","floor":22,"turns":3},{"damage":10,"enemies":"Colosseum Nobs","floor":22,"turns":3},{"damage":27,"enemies":"Gremlin Leader","floor":23,"turns":5},{"damage":0,"enemies":"Centurion and Healer","floor":24,"turns":3},{"damage":23,"enemies":"Book of Stabbing","floor":27,"turns":4},{"damage":1,"enemies":"Snecko","floor":28,"turns":4},{"damage":12,"enemies":"Snake Plant","floor":30,"turns":3},{"damage":0,"enemies":"Chosen and Byrds","floor":31,"turns":3},{"damage":65,"enemies":"Champ","floor":33,"turns":13}],"seed_played":"-2177278384730753997","potions_obtained":[{"floor":3,"key":"EntropicBrew"},{"floor":12,"key":"GamblersBrew"},{"floor":16,"key":"LiquidBronze"},{"floor":22,"key":"Fire Potion"},{"floor":23,"key":"SteroidPotion"},{"floor":24,"key":"PowerPotion"},{"floor":28,"key":"Weak Potion"},{"floor":31,"key":"Regen Potion"}],"is_trial":false,"path_per_floor":["M","?","M","?","$","E","M","E","T","?","R","M","M","M","R","B",null,"M","$","M","?","?","E","M","R","T","E","M","R","M","M","R","B"],"character_chosen":"THE_SILENT","items_purchased":["Cloak And Dagger","Poisoned Stab","Strength Potion","Anchor"],"campfire_rested":3,"item_purchase_floors":[5,5,5,19],"current_hp_per_floor":[35,24,24,24,24,20,20,12,12,76,76,76,75,70,70,48,69,50,50,50,50,35,8,8,30,30,7,6,28,16,16,38,0],"gold":667,"neow_bonus":"RANDOM_COMMON_RELIC","is_prod":false,"is_daily":false,"chose_seed":false,"campfire_upgraded":2,"win_rate":0,"timestamp":1557114535,"path_taken":["M","?","M","?","$","E","M","E","T","?","R","M","M","M","R","BOSS","M","?","M","?","?","E","M","R","T","E","M","R","M","M","R","BOSS"],"build_version":"2019-04-23","purchased_purges":1,"victory":false,"max_hp_per_floor":[66,66,66,66,66,66,66,66,66,76,76,76,76,76,76,76,76,76,76,76,76,76,76,76,76,76,76,76,76,76,76,76,76],"card_choices":[{"not_picked":["Bane","Backflip"],"picked":"Quick Slash","floor":1},{"not_picked":["Backflip","Slice"],"picked":"All Out Attack","floor":3},{"not_picked":["Deadly Poison","Dodge and Roll"],"picked":"Poisoned Stab","floor":6},{"not_picked":["Quick Slash","PiercingWail"],"picked":"Expertise","floor":7},{"not_picked":["Flechettes","All Out Attack","Endless Agony"],"picked":"SKIP","floor":8},{"not_picked":["Choke","Masterful Stab"],"picked":"Backstab","floor":12},{"not_picked":["Bane","Choke","Underhanded Strike"],"picked":"SKIP","floor":13},{"not_picked":["All Out Attack","Deadly Poison"],"picked":"Caltrops","floor":14},{"not_picked":["Bullet Time","Storm of Steel"],"picked":"After Image","floor":16},{"not_picked":["Dagger Throw","Flying Knee","Bane"],"picked":"SKIP","floor":18},{"not_picked":["Blade Dance","Catalyst"],"picked":"Backflip+1","floor":20},{"not_picked":["Poisoned Stab","Night Terror"],"picked":"Backflip+1","floor":23},{"not_picked":["Eviscerate","Deadly Poison"],"picked":"Caltrops+1","floor":24},{"not_picked":["Outmaneuver","Heel Hook+1"],"picked":"Backstab","floor":27},{"not_picked":["Dagger Throw","Expertise","Choke+1"],"picked":"SKIP","floor":28},{"not_picked":["Underhanded Strike","Prepared","Masterful Stab"],"picked":"SKIP","floor":30},{"not_picked":["Dagger Spray","Sucker Punch"],"picked":"Backflip","floor":31}],"player_experience":6190164,"relics_obtained":[{"floor":6,"key":"Bag of Preparation"},{"floor":8,"key":"Juzu Bracelet"},{"floor":9,"key":"Bronze Scales"},{"floor":22,"key":"Old Coin"},{"floor":22,"key":"Matryoshka"},{"floor":23,"key":"Tiny Chest"},{"floor":26,"key":"Smiling Mask"},{"floor":26,"key":"Art of War"},{"floor":27,"key":"Bottled Lightning"}],"event_choices":[{"damage_healed":0,"gold_gain":75,"player_choice":"Gather Gold","damage_taken":11,"max_hp_gain":0,"max_hp_loss":0,"event_name":"World of Goop","floor":2,"gold_loss":0},{"damage_healed":0,"gold_gain":0,"player_choice":"1 cards matched","damage_taken":0,"max_hp_gain":0,"max_hp_loss":0,"event_name":"Match and Keep!","floor":4,"gold_loss":0,"cards_obtained":["Grand Finale"]},{"cards_removed":["Grand Finale"],"damage_healed":54,"gold_gain":0,"player_choice":"Offered Rare","damage_taken":0,"max_hp_gain":10,"max_hp_loss":0,"event_name":"Bonfire Elementals","floor":10,"gold_loss":0},{"damage_healed":0,"gold_gain":0,"player_choice":"Ignored","damage_taken":0,"max_hp_gain":0,"max_hp_loss":0,"event_name":"Vampires","floor":21,"gold_loss":0},{"damage_healed":0,"gold_gain":0,"player_choice":"Fight","damage_taken":0,"max_hp_gain":0,"max_hp_loss":0,"event_name":"Colosseum","floor":22,"gold_loss":0},{"damage_healed":0,"gold_gain":0,"player_choice":"Fought Nobs","damage_taken":0,"max_hp_gain":0,"max_hp_loss":0,"event_name":"Colosseum","floor":22,"gold_loss":0}],"is_beta":true,"boss_relics":[{"not_picked":["Black Star","Runic Dome"],"picked":"Pandora\u0027s Box"}],"items_purged_floors":[5],"is_endless":false,"potions_floor_spawned":[3,6,7,12,16,22,23,24,27,28,31],"killed_by":"Champ","ascension_level":20}