{"gold_per_floor":[217,229,248,265,265,265,290,290,360,360,360,378,83,102,102,102],"floor_reached":16,"playtime":535,"items_purged":["Strike_R"],"score":194,"play_id":"cb474d8b-41e9-4e44-9b2c-8870f1ec238b","local_time":"20190201110511","is_ascension_mode":true,"campfire_choices":[{"data":"Bash","floor":6,"key":"SMITH"},{"data":"Feel No Pain","floor":8,"key":"SMITH"},{"data":"Carnage","floor":11,"key":"SMITH"},{"data":"Clothesline","floor":15,"key":"SMITH"}],"neow_cost":"NONE","seed_source_timestamp":179524458898035,"circlet_count":0,"master_deck":["AscendersBane","Strike_R","Strike_R","Strike_R","Strike_R","Defend_R","Defend_R","Defend_R","Defend_R","Bash+1","Carnage+1","Sword Boomerang","Warcry","Feel No Pain+1","Cleave","Flame Barrier","Feel No Pain","Shrug It Off","Ghostly Armor","Clothesline+1"],"relics":["Burning Blood","Thread and Needle","Singing Bowl","Blood Vial"],"potions_floor_usage":[7,16,16],"damage_taken":[{"damage":8,"enemies":"2 Louse","floor":1,"turns":2},{"damage":6,"enemies":"Small Slimes","floor":2,"turns":5},{"damage":7,"enemies":"Cultist","floor":3,"turns":5},{"damage":22,"enemies":"Blue Slaver","floor":4,"turns":7},{"damage":24,"enemies":"Gremlin Nob","floor":7,"turns":4},{"damage":1,"enemies":"3 Louse","floor":12,"turns":4},{"damage":2,"enemies":"Looter","floor":14,"turns":4},{"damage":63,"enemies":"Hexaghost","floor":16,"turns":14}],"seed_played":"5140121870753785001","potions_obtained":[{"floor":2,"key":"SpeedPotion"},{"floor":3,"key":"Ancient Potion"},{"floor":4,"key":"Dexterity Potion"},{"floor":12,"key":"Regen Potion"}],"is_trial":false,"path_per_floor":["M","M","M","M","?","R","E","R","T","?","R","M","$","M","R","B"],"character_chosen":"IRONCLAD","items_purchased":["Feel No Pain","Shrug It Off","Ghostly Armor"],"campfire_rested":0,"item_purchase_floors":[13,13,13],"current_hp_per_floor":[66,66,65,49,49,49,31,31,31,31,31,38,38,44,44,0],"gold":102,"neow_bonus":"HUNDRED_GOLD","is_prod":false,"is_daily":false,"chose_seed":false,"campfire_upgraded":4,"win_rate":0,"timestamp":1549044311,"path_taken":["M","M","M","M","?","R","E","R","T","?","R","M","$","M","R","BOSS"],"build_version":"2019-01-23","purchased_purges":1,"victory":false,"max_hp_per_floor":[75,75,75,75,75,75,75,75,75,75,75,75,75,75,75,75],"card_choices":[{"not_picked":["Thunderclap","Reckless Charge"],"picked":"Carnage","floor":1},{"not_picked":["Body Slam","Heavy Blade"],"picked":"Sword Boomerang","floor":2},{"not_picked":["Perfected Strike","Seeing Red"],"picked":"Warcry","floor":3},{"not_picked":["Evolve","Heavy Blade"],"picked":"Feel No Pain","floor":4},{"not_picked":["Sentinel","Warcry"],"picked":"Cleave","floor":7},{"not_picked":["Body Slam","Twin Strike"],"picked":"Flame Barrier","floor":12},{"not_picked":["Anger","Rage"],"picked":"Clothesline","floor":14}],"player_experience":1053542,"relics_obtained":[{"floor":7,"key":"Thread and Needle"},{"floor":9,"key":"Singing Bowl"},{"floor":10,"key":"Blood Vial"}],"event_choices":[{"damage_healed":0,"gold_gain":0,"player_choice":"Ignored","damage_taken":0,"max_hp_gain":0,"max_hp_loss":0,"event_name":"Liars Game","floor":5,"gold_loss":0},{"damage_healed":0,"gold_gain":0,"player_choice":"Relic","damage_taken":0,"max_hp_gain":0,"max_hp_loss":0,"event_name":"Wheel of Change","floor":10,"gold_loss":0}],"is_beta":true,"boss_relics":[],"items_purged_floors":[13],"is_endless":false,"potions_floor_spawned":[2,3,4,12],"killed_by":"Hexaghost","ascension_level":18}