{"gold_per_floor":[117,117,133,283,294,294,329,329,329,329],"floor_reached":10,"playtime":344,"items_purged":[],"score":157,"play_id":"85018565-eee4-44e5-8074-f38a34c08962","local_time":"20190428090727","is_ascension_mode":true,"campfire_choices":[{"data":"True Grit","floor":6,"key":"SMITH"},{"floor":8,"key":"REST"}],"neow_cost":"NONE","seed_source_timestamp":486679983246667,"circlet_count":0,"master_deck":["AscendersBane","Strike_R","Strike_R","Strike_R","Strike_R","Strike_R","Defend_R","Defend_R","Defend_R","Defend_R","Bash","Seeing Red","Perfected Strike","Doubt","True Grit+1","Armaments"],"relics":["Burning Blood","Mango","Strawberry","The Courier"],"potions_floor_usage":[7,10],"damage_taken":[{"damage":4,"enemies":"Jaw Worm","floor":1,"turns":5},{"damage":7,"enemies":"2 Louse","floor":3,"turns":4},{"damage":14,"enemies":"Small Slimes","floor":5,"turns":4},{"damage":45,"enemies":"3 Sentries","floor":7,"turns":10},{"damage":60,"enemies":"Gremlin Nob","floor":10,"turns":4}],"seed_played":"-6498999399255162590","potions_obtained":[{"floor":1,"key":"Strength Potion"},{"floor":5,"key":"Poison Potion"}],"is_trial":false,"path_per_floor":["M","?","M","?","M","R","E","R","T","E"],"character_chosen":"IRONCLAD","items_purchased":[],"campfire_rested":1,"item_purchase_floors":[],"current_hp_per_floor":[77,56,55,55,47,47,15,45,45,0],"gold":329,"neow_bonus":"TEN_PERCENT_HP_BONUS","is_prod":false,"is_daily":false,"chose_seed":false,"campfire_upgraded":1,"win_rate":0,"timestamp":1556456847,"path_taken":["M","?","M","?","M","R","E","R","T","E"],"build_version":"2019-01-23","purchased_purges":0,"victory":false,"max_hp_per_floor":[82,96,96,96,96,96,103,103,103,103],"card_choices":[{"not_picked":["Heavy Blade","Intimidate"],"picked":"Seeing Red","floor":1},{"not_picked":["Iron Wave","Twin Strike"],"picked":"Perfected Strike","floor":3},{"not_picked":["Cleave","Thunderclap"],"picked":"True Grit","floor":5},{"not_picked":["Havoc","Dual Wield"],"picked":"Armaments","floor":7}],"player_experience":2046720,"relics_obtained":[{"floor":7,"key":"Strawberry"},{"floor":9,"key":"The Courier"}],"event_choices":[{"damage_healed":0,"gold_gain":0,"player_choice":"Success","damage_taken":35,"relics_obtained":["Mango"],"max_hp_gain":0,"max_hp_loss":0,"event_name":"Scrap Ooze","floor":2,"gold_loss":0},{"damage_healed":0,"gold_gain":150,"player_choice":"AGREE","damage_taken":0,"max_hp_gain":0,"max_hp_loss":0,"event_name":"Liars Game","floor":4,"gold_loss":0,"cards_obtained":["Doubt"]}],"is_beta":false,"boss_relics":[],"items_purged_floors":[],"is_endless":false,"potions_floor_spawned":[1,5],"killed_by":"Gremlin Nob","ascension_level":20}