{"gold_per_floor":[15,28,2,12,12,67,67,96,96,96],"floor_reached":10,"playtime":903,"items_purged":[],"score":152,"play_id":"bd1375ca-b504-4bdb-a97e-fbfc48094660","local_time":"20190316181001","is_ascension_mode":true,"campfire_choices":[{"data":"Entrench","floor":7,"key":"SMITH"}],"neow_cost":"NO_GOLD","seed_source_timestamp":284046837050097,"circlet_count":0,"master_deck":["AscendersBane","Strike_R","Strike_R","Strike_R","Strike_R","Strike_R","Defend_R","Defend_R","Defend_R","Defend_R","Bash","Searing Blow","Inflame","Body Slam","Inflame","Feel No Pain","Entrench+1","Iron Wave"],"relics":["Burning Blood","Tiny Chest","Unceasing Top","Ornamental Fan"],"potions_floor_usage":[2,8],"damage_taken":[{"damage":6,"enemies":"Cultist","floor":1,"turns":3},{"damage":4,"enemies":"Jaw Worm","floor":2,"turns":5},{"damage":10,"enemies":"Small Slimes","floor":4,"turns":3},{"damage":28,"enemies":"3 Sentries","floor":6,"turns":10},{"damage":35,"enemies":"Gremlin Nob","floor":8,"turns":5},{"damage":29,"enemies":"Blue Slaver","floor":10,"turns":4}],"seed_played":"-7417270207229139809","potions_obtained":[{"floor":1,"key":"SkillPotion"},{"floor":4,"key":"Ancient Potion"}],"is_trial":false,"path_per_floor":["M","M","$","M","?","E","R","E","T","M"],"character_chosen":"IRONCLAD","items_purchased":["Body Slam"],"campfire_rested":0,"item_purchase_floors":[3],"current_hp_per_floor":[82,84,84,80,80,58,58,29,29,0],"gold":96,"neow_bonus":"TWENTY_PERCENT_HP_BONUS","is_prod":false,"is_daily":false,"chose_seed":false,"campfire_upgraded":1,"win_rate":0,"timestamp":1552774201,"path_taken":["M","M","?","M","?","E","R","E","T","?"],"build_version":"2019-01-23","purchased_purges":0,"victory":false,"max_hp_per_floor":[89,89,89,89,89,89,89,89,89,89],"card_choices":[{"not_picked":["Blood for Blood","Bloodletting"],"picked":"Searing Blow","floor":1},{"not_picked":["Sword Boomerang","Intimidate"],"picked":"Inflame","floor":2},{"not_picked":["Pommel Strike","Heavy Blade"],"picked":"Inflame","floor":4},{"not_picked":["Headbutt","Hemokinesis"],"picked":"Entrench","floor":6},{"not_picked":["Anger","Headbutt"],"picked":"Iron Wave","floor":8}],"player_experience":1164951,"relics_obtained":[{"floor":6,"key":"Tiny Chest"},{"floor":8,"key":"Unceasing Top"},{"floor":9,"key":"Ornamental Fan"}],"event_choices":[{"damage_healed":0,"gold_gain":0,"player_choice":"1 cards matched","damage_taken":0,"max_hp_gain":0,"max_hp_loss":0,"event_name":"Match and Keep!","floor":5,"gold_loss":0,"cards_obtained":["Feel No Pain"]}],"is_beta":false,"boss_relics":[],"items_purged_floors":[],"is_endless":false,"potions_floor_spawned":[1,4],"killed_by":"Blue Slaver","ascension_level":20}