{"gold_per_floor":[116,116,116,30,48,48,89,11,11,47,72,72,46,77,77,166,166,181,204,129,129,50,50,84,84,111,27,65,65,65,90,90,183,183,204,224,224,238,253,253,18,43,43,92,110,110,126,126,126,126],"floor_reached":50,"playtime":2465,"items_purged":[],"score":1017,"play_id":"76c2320a-5031-4f4e-bd19-5bf8ea160836","local_time":"20190403051838","is_ascension_mode":true,"campfire_choices":[{"data":"Zap","floor":6,"key":"SMITH"},{"data":"Sunder","floor":12,"key":"SMITH"},{"data":"Go for the Eyes","floor":15,"key":"SMITH"},{"data":"Dualcast","floor":23,"key":"SMITH"},{"floor":25,"key":"REST"},{"floor":29,"key":"REST"},{"data":"Sweeping Beam","floor":32,"key":"SMITH"},{"floor":40,"key":"REST"},{"floor":46,"key":"REST"},{"floor":49,"key":"REST"}],"neow_cost":"NONE","seed_source_timestamp":153130183264287,"circlet_count":0,"master_deck":["AscendersBane","Strike_B","Strike_B","Strike_B","Defend_B","Defend_B","Defend_B","Defend_B","Zap+1","Dualcast+1","Leap","Sweeping Beam+1","Go for the Eyes+1","Darkness+1","Redo+1","Ball Lightning","Double Energy+1","Sunder+1","Conserve Battery+1","Coolheaded+1","Fission+1","Ball Lightning","Hologram+1","Leap+1","Core Surge","Loop+1","Chill+1","Rainbow+1","Aggregate+1","Creative AI","Coolheaded+1","Fusion+1","Machine Learning"],"relics":["Cracked Core","Omamori","Golden Idol","Dream Catcher","Toxic Egg 2","Emotion Chip","Du-Vu Doll","PreservedInsect","Philosopher\u0027s Stone","Singing Bowl","Ornamental Fan","Calipers","Busted Crown","Blue Candle","Vajra"],"potions_floor_usage":[7,10,14,14,16,24,28,28,39,45,50,50],"damage_taken":[{"damage":0,"enemies":"Small Slimes","floor":1,"turns":4},{"damage":2,"enemies":"Jaw Worm","floor":5,"turns":4},{"damage":2,"enemies":"Lagavulin","floor":7,"turns":7},{"damage":29,"enemies":"Gremlin Nob","floor":10,"turns":4},{"damage":0,"enemies":"Cultist","floor":11,"turns":2},{"damage":17,"enemies":"3 Sentries","floor":14,"turns":3},{"damage":10,"enemies":"The Guardian","floor":16,"turns":11},{"damage":11,"enemies":"2 Thieves","floor":18,"turns":3},{"damage":8,"enemies":"Chosen","floor":19,"turns":4},{"damage":19,"enemies":"Book of Stabbing","floor":24,"turns":5},{"damage":38,"enemies":"Slavers","floor":28,"turns":4},{"damage":3,"enemies":"Centurion and Healer","floor":31,"turns":4},{"damage":46,"enemies":"Collector","floor":33,"turns":8},{"damage":0,"enemies":"3 Shapes","floor":35,"turns":4},{"damage":2,"enemies":"Orb Walker","floor":36,"turns":4},{"damage":24,"enemies":"Sphere and 2 Shapes","floor":38,"turns":7},{"damage":2,"enemies":"3 Darklings","floor":39,"turns":3},{"damage":33,"enemies":"Writhing Mass","floor":42,"turns":7},{"damage":17,"enemies":"Jaw Worm Horde","floor":45,"turns":4},{"damage":20,"enemies":"3 Darklings","floor":47,"turns":6},{"damage":62,"enemies":"Awakened One","floor":50,"turns":6}],"seed_played":"-7232420140956078295","potions_obtained":[{"floor":5,"key":"Weak Potion"},{"floor":7,"key":"Explosive Potion"},{"floor":10,"key":"Weak Potion"},{"floor":14,"key":"Fire Potion"},{"floor":19,"key":"EssenceOfSteel"},{"floor":24,"key":"Poison Potion"},{"floor":36,"key":"PowerPotion"},{"floor":38,"key":"FearPotion"},{"floor":39,"key":"Fire Potion"},{"floor":47,"key":"Block Potion"}],"is_trial":false,"path_per_floor":["M","?","T","$","M","R","E","$","T","E","M","R","$","E","R","B",null,"M","M","?","?","$","R","E","R","T","$","E","R","?","M","R","B",null,"M","M","?","M","M","R","$","M","T","T","M","R","M","?","R","B"],"character_chosen":"DEFECT","items_purchased":["Sweeping Beam","Weak Potion","Redo+1","Ball Lightning","Conserve Battery+1","Hologram+1","Leap+1","Regen Potion","Creative AI","Coolheaded+1"],"campfire_rested":5,"item_purchase_floors":[4,4,8,8,13,22,22,27,41,41],"current_hp_per_floor":[64,64,64,64,62,62,60,60,60,31,31,31,31,14,14,4,54,43,35,35,49,49,49,30,51,51,51,27,48,48,47,47,1,57,59,57,59,37,37,63,63,32,32,32,15,43,25,25,54,0],"gold":126,"neow_bonus":"RANDOM_COMMON_RELIC","is_prod":false,"is_daily":false,"chose_seed":false,"campfire_upgraded":5,"win_rate":0,"timestamp":1554283118,"path_taken":["M","?","?","?","?","R","E","?","T","E","M","R","$","E","R","BOSS","M","M","?","?","$","R","E","R","T","$","E","R","?","?","R","BOSS","M","?","?","M","M","R","?","M","T","?","M","R","M","?","R","BOSS"],"build_version":"2019-01-23","purchased_purges":0,"victory":false,"max_hp_per_floor":[71,71,71,71,71,71,71,71,71,71,71,71,71,71,71,71,71,71,71,71,71,71,71,71,71,71,71,73,73,73,75,75,75,75,77,77,79,81,83,85,85,87,87,87,87,89,91,91,93,93],"card_choices":[{"not_picked":["Compile Driver","Rebound"],"picked":"Leap","floor":1},{"not_picked":["Lockon","Steam"],"picked":"Go for the Eyes","floor":5},{"not_picked":["Recycle","Scrape"],"picked":"Darkness","floor":7},{"not_picked":["Turbo+1","Gash"],"picked":"Double Energy+1","floor":10},{"not_picked":["Chill+1","Self Repair"],"picked":"Sunder","floor":11},{"not_picked":["Go for the Eyes","Heatsinks"],"picked":"Coolheaded+1","floor":14},{"not_picked":["Buffer","Hyperbeam"],"picked":"Fission+1","floor":16},{"not_picked":["Barrage","Recycle+1"],"picked":"Ball Lightning","floor":18},{"not_picked":["Streamline","Redo+1","Reprogram+1"],"picked":"SKIP","floor":19},{"not_picked":["Hologram+1","Stack+1"],"picked":"Core Surge","floor":24},{"not_picked":["Beam Cell+1","Cold Snap"],"picked":"Loop+1","floor":25},{"not_picked":["FTL","Sweeping Beam","Auto Shields+1"],"picked":"Singing Bowl","floor":28},{"not_picked":["Steam+1","Coolheaded+1"],"picked":"Chill+1","floor":29},{"not_picked":["Steam+1","Storm","Hologram+1"],"picked":"Singing Bowl","floor":31},{"not_picked":["Echo Form","All For One"],"picked":"Rainbow+1","floor":33},{"not_picked":["Beam Cell+1"],"picked":"Singing Bowl","floor":35},{"not_picked":[],"picked":"Aggregate+1","floor":36},{"not_picked":["Sadistic Nature"],"picked":"Singing Bowl","floor":37},{"not_picked":["FTL"],"picked":"Singing Bowl","floor":38},{"not_picked":["Go for the Eyes"],"picked":"Singing Bowl","floor":39},{"not_picked":["Gash"],"picked":"Singing Bowl","floor":40},{"not_picked":["Chill+1"],"picked":"Singing Bowl","floor":42},{"not_picked":[],"picked":"Fusion+1","floor":45},{"not_picked":["Barrage"],"picked":"Singing Bowl","floor":46},{"not_picked":["Turbo+1"],"picked":"Singing Bowl","floor":47},{"not_picked":["Lockon"],"picked":"Singing Bowl","floor":49}],"player_experience":1559266,"relics_obtained":[{"floor":3,"key":"Dream Catcher"},{"floor":7,"key":"Toxic Egg 2"},{"floor":9,"key":"Emotion Chip"},{"floor":10,"key":"Du-Vu Doll"},{"floor":14,"key":"PreservedInsect"},{"floor":24,"key":"Singing Bowl"},{"floor":28,"key":"Ornamental Fan"},{"floor":43,"key":"Blue Candle"},{"floor":44,"key":"Vajra"}],"event_choices":[{"damage_healed":0,"gold_gain":0,"player_choice":"Take Wound","damage_taken":0,"relics_obtained":["Golden Idol"],"max_hp_gain":0,"max_hp_loss":0,"event_name":"Golden Idol","floor":2,"gold_loss":0,"cards_obtained":["Injury"]},{"cards_removed":["Strike_B"],"damage_healed":0,"gold_gain":0,"player_choice":"Gave Gold","damage_taken":0,"max_hp_gain":0,"max_hp_loss":0,"event_name":"Beggar","floor":20,"gold_loss":75},{"damage_healed":14,"gold_gain":0,"player_choice":"Heal","damage_taken":0,"max_hp_gain":0,"max_hp_loss":0,"event_name":"The Library","floor":21,"gold_loss":0},{"damage_healed":0,"gold_gain":0,"player_choice":"Stole Relic","damage_taken":0,"relics_obtained":["Calipers"],"max_hp_gain":0,"max_hp_loss":0,"event_name":"Addict","floor":30,"gold_loss":0,"cards_obtained":["Shame"]},{"damage_healed":0,"gold_gain":0,"player_choice":"Memory 1","damage_taken":0,"max_hp_gain":0,"max_hp_loss":0,"event_name":"SensoryStone","floor":37,"gold_loss":0},{"damage_healed":0,"gold_gain":0,"player_choice":"1 cards matched","damage_taken":0,"max_hp_gain":0,"max_hp_loss":0,"event_name":"Match and Keep!","floor":48,"gold_loss":0,"cards_obtained":["Machine Learning"]}],"is_beta":false,"boss_relics":[{"not_picked":["Runic Dome","Coffee Dripper"],"picked":"Philosopher\u0027s Stone"},{"not_picked":["Pandora\u0027s Box","White Beast Statue"],"picked":"Busted Crown"}],"items_purged_floors":[],"is_endless":false,"potions_floor_spawned":[5,7,10,14,19,24,36,38,39,47],"killed_by":"Awakened One","ascension_level":20}