{"gold_per_floor":[215,226,301,12,24,24,57,57,57,91,91,120,152,177,189,278,290,317,9,9,26,26,61,73,103,128,153,173,203,213,213,213,288,288,308,78,101,120,0,34,48,6,6,21,46,58,82,107,107,107,107,107,1,29,29],"floor_reached":55,"playtime":3611,"items_purged":["Pain"],"score":1867,"play_id":"7a9c32ee-6558-4d4a-ba11-ec497f715467","local_time":"20190326074937","is_ascension_mode":true,"campfire_choices":[{"data":"Zap","floor":6,"key":"SMITH"},{"data":"Creative AI","floor":8,"key":"SMITH"},{"data":"Go for the Eyes","floor":15,"key":"SMITH"},{"floor":32,"key":"RECALL"},{"floor":49,"key":"REST"},{"floor":52,"key":"REST"}],"neow_cost":"NONE","seed_source_timestamp":797120108014019,"circlet_count":0,"master_deck":["AscendersBane","Strike_B+1","Strike_B+1","Strike_B+1","Strike_B+1","Defend_B+1","Defend_B+1","Defend_B+1","Defend_B+1","Zap+1","Dualcast","Go for the Eyes+1","Glacier","Self Repair","Hologram","Creative AI+1","Compile Driver","Electrodynamics","Buffer","Glacier","Chill+1","Cold Snap+1","Storm","Coolheaded+1","White Noise+1","BootSequence+1","Amplify+1","Static Discharge+1","Capacitor","Glacier+1","Stack+1","Heatsinks","Leap+1","Undo+1","Fission+1","Lockon","Fusion+1"],"relics":["Cracked Core","Membership Card","StoneCalendar","Nunchaku","Pen Nib","WarpedTongs","MawBank","Fusion Hammer","Turnip","PreservedInsect","Darkstone Periapt","Toxic Egg 2","Mummified Hand","Smiling Mask","Du-Vu Doll","Bottled Tornado","Sozu","Tiny Chest","Runic Capacitor","Bronze Scales","Red Mask","Gremlin Horn","Boot","Oddly Smooth Stone","Ancient Tea Set","Symbiotic Virus"],"potions_floor_usage":[5,7,10,16,21,23,23,29,33,33],"damage_taken":[{"damage":0,"enemies":"Small Slimes","floor":1,"turns":3},{"damage":0,"enemies":"Cultist","floor":2,"turns":4},{"damage":3,"enemies":"2 Louse","floor":5,"turns":6},{"damage":7,"enemies":"Lagavulin","floor":7,"turns":9},{"damage":40,"enemies":"3 Sentries","floor":10,"turns":7},{"damage":13,"enemies":"Lagavulin","floor":12,"turns":7},{"damage":5,"enemies":"Exordium Wildlife","floor":13,"turns":4},{"damage":3,"enemies":"Blue Slaver","floor":14,"turns":4},{"damage":10,"enemies":"Hexaghost","floor":16,"turns":9},{"damage":22,"enemies":"Shell Parasite","floor":18,"turns":7},{"damage":0,"enemies":"Spheric Guardian","floor":21,"turns":4},{"damage":3,"enemies":"Book of Stabbing","floor":23,"turns":5},{"damage":0,"enemies":"Snake Plant","floor":24,"turns":7},{"damage":0,"enemies":"Slavers","floor":25,"turns":2},{"damage":5,"enemies":"Book of Stabbing","floor":27,"turns":6},{"damage":11,"enemies":"Centurion and Healer","floor":28,"turns":6},{"damage":0,"enemies":"Slavers","floor":29,"turns":2},{"damage":0,"enemies":"3 Cultists","floor":30,"turns":3},{"damage":41,"enemies":"Collector","floor":33,"turns":8},{"damage":0,"enemies":"3 Darklings","floor":35,"turns":3},{"damage":0,"enemies":"3 Shapes","floor":38,"turns":2},{"damage":33,"enemies":"Nemesis","floor":40,"turns":5},{"damage":0,"enemies":"Sphere and 2 Shapes","floor":41,"turns":3},{"damage":0,"enemies":"3 Darklings","floor":44,"turns":3},{"damage":0,"enemies":"Reptomancer","floor":45,"turns":3},{"damage":0,"enemies":"4 Shapes","floor":46,"turns":4},{"damage":0,"enemies":"Giant Head","floor":48,"turns":7},{"damage":0,"enemies":"Donu and Deca","floor":50,"turns":5},{"damage":16,"enemies":"Shield and Spear","floor":54,"turns":5},{"damage":72,"enemies":"The Heart","floor":55,"turns":5}],"seed_played":"-7773931559478870837","potions_obtained":[{"floor":1,"key":"Swift Potion"},{"floor":2,"key":"Regen Potion"},{"floor":5,"key":"Explosive Potion"},{"floor":14,"key":"Swift Potion"},{"floor":18,"key":"LiquidBronze"},{"floor":21,"key":"SkillPotion"},{"floor":23,"key":"Regen Potion"},{"floor":28,"key":"PowerPotion"},{"floor":29,"key":"Energy Potion"}],"is_trial":false,"path_per_floor":["M","M","?","$","M","R","E","R","T","E","?","E","M","M","R","B",null,"M","$","T","M","?","E","M","E","T","E","M","E","M","?","R","B",null,"M","$","T","M","?","E","M","$","T","M","E","M","T","E","R","B",null,"R","$","E","B"],"character_chosen":"DEFECT","items_purchased":["Membership Card","Self Repair","AttackPotion","Turnip","PreservedInsect","PowerPotion","Capacitor","Tiny Chest","Runic Capacitor","Glacier+1","Heatsinks","Fission+1","Lockon"],"campfire_rested":2,"item_purchase_floors":[4,4,4,19,19,19,36,36,36,36,42,53,53],"current_hp_per_floor":[64,64,53,53,71,71,71,71,71,38,38,32,27,31,31,28,60,45,45,45,55,55,62,69,69,69,71,67,67,71,71,71,51,66,66,66,66,66,66,40,47,47,47,47,54,64,64,71,71,71,71,71,71,71,0],"gold":29,"neow_bonus":"HUNDRED_GOLD","is_prod":false,"is_daily":false,"chose_seed":false,"campfire_upgraded":3,"win_rate":0,"timestamp":1553600977,"path_taken":["M","M","?","$","M","R","E","R","T","E","?","E","M","M","R","BOSS","M","$","?","M","?","E","M","E","T","E","M","E","?","?","R","BOSS","M","$","?","M","?","E","M","?","T","?","E","M","?","E","R","BOSS","R","$","E","BOSS"],"build_version":"2019-01-23","purchased_purges":1,"victory":false,"max_hp_per_floor":[71,71,71,71,71,71,71,71,71,71,71,71,71,71,71,71,71,71,71,71,71,71,71,71,71,71,71,71,71,71,71,71,71,71,71,71,71,71,71,71,71,71,71,71,71,71,71,71,71,71,71,71,71,71,71],"card_choices":[{"not_picked":["Double Energy","Steam"],"picked":"Go for the Eyes","floor":1},{"not_picked":["Coolheaded","Stack"],"picked":"Glacier","floor":2},{"not_picked":["Beam Cell","Redo"],"picked":"Hologram","floor":5},{"not_picked":["Doom and Gloom","Redo"],"picked":"Creative AI","floor":7},{"not_picked":["Rebound","Go for the Eyes","Streamline"],"picked":"SKIP","floor":10},{"not_picked":["Steam Power","Force Field","Darkness"],"picked":"SKIP","floor":12},{"not_picked":["Sweeping Beam","Fusion"],"picked":"Compile Driver","floor":13},{"not_picked":["Hologram","Rebound"],"picked":"Electrodynamics","floor":14},{"not_picked":["Reboot","Meteor Strike"],"picked":"Buffer","floor":16},{"not_picked":["Turbo","Leap"],"picked":"Gash+1","floor":18},{"not_picked":["Sweeping Beam","Ball Lightning"],"picked":"Glacier","floor":21},{"not_picked":["Rebound","Double Energy"],"picked":"Chill","floor":23},{"not_picked":["Gash","Doom and Gloom"],"picked":"Cold Snap+1","floor":24},{"not_picked":["Rip and Tear+1","Barrage"],"picked":"Storm","floor":25},{"not_picked":["Barrage","Melter","Redo+1"],"picked":"SKIP","floor":27},{"not_picked":["Rip and Tear+1","Electrodynamics"],"picked":"Coolheaded+1","floor":28},{"not_picked":["Compile Driver+1","Streamline"],"picked":"White Noise+1","floor":29},{"not_picked":["Ball Lightning","Sweeping Beam"],"picked":"BootSequence+1","floor":30},{"not_picked":["Echo Form","Hyperbeam"],"picked":"Amplify+1","floor":33},{"not_picked":["Stack+1","Gash+1"],"picked":"Static Discharge+1","floor":35},{"not_picked":["Lockon","Recycle+1","Steam Power+1"],"picked":"SKIP","floor":38},{"not_picked":["Lockon","Recycle+1","Steam Power+1"],"picked":"SKIP","floor":38},{"not_picked":["Rebound","Double Energy+1"],"picked":"Stack+1","floor":40},{"not_picked":["Sweeping Beam","Compile Driver","Turbo+1"],"picked":"SKIP","floor":41},{"not_picked":["Sweeping Beam","Compile Driver","Turbo+1"],"picked":"SKIP","floor":41},{"not_picked":["Go for the Eyes","FTL","Cold Snap"],"picked":"SKIP","floor":44},{"not_picked":["Steam+1","Beam Cell","Compile Driver"],"picked":"SKIP","floor":45},{"not_picked":["Rebound","Streamline+1"],"picked":"Leap+1","floor":46},{"not_picked":["Stack+1","Steam+1"],"picked":"Undo+1","floor":48},{"not_picked":["Leap+1","Gash"],"picked":"Fusion+1","floor":54}],"player_experience":1426878,"relics_obtained":[{"floor":7,"key":"StoneCalendar"},{"floor":9,"key":"Nunchaku"},{"floor":10,"key":"Pen Nib"},{"floor":12,"key":"MawBank"},{"floor":20,"key":"Darkstone Periapt"},{"floor":23,"key":"Toxic Egg 2"},{"floor":25,"key":"Mummified Hand"},{"floor":26,"key":"Smiling Mask"},{"floor":27,"key":"Du-Vu Doll"},{"floor":29,"key":"Bottled Tornado"},{"floor":37,"key":"Bronze Scales"},{"floor":40,"key":"Gremlin Horn"},{"floor":45,"key":"Boot"},{"floor":47,"key":"Oddly Smooth Stone"},{"floor":48,"key":"Ancient Tea Set"},{"floor":54,"key":"Symbiotic Virus"}],"event_choices":[{"damage_healed":0,"gold_gain":75,"player_choice":"Gather Gold","damage_taken":11,"max_hp_gain":0,"max_hp_loss":0,"event_name":"World of Goop","floor":3,"gold_loss":0},{"damage_healed":0,"gold_gain":0,"player_choice":"Rummage","damage_taken":0,"relics_obtained":["WarpedTongs"],"max_hp_gain":0,"max_hp_loss":0,"event_name":"Accursed Blacksmith","floor":11,"gold_loss":0,"cards_obtained":["Pain"]},{"damage_healed":0,"gold_gain":0,"player_choice":"Simplicity","damage_taken":0,"max_hp_gain":0,"max_hp_loss":0,"event_name":"Back to Basics","floor":22,"gold_loss":0,"cards_upgraded":["Strike_B","Strike_B","Strike_B","Strike_B","Defend_B","Defend_B","Defend_B","Defend_B"]},{"cards_removed":["Gash"],"damage_healed":0,"gold_gain":0,"player_choice":"Purged","damage_taken":0,"max_hp_gain":0,"max_hp_loss":0,"event_name":"Purifier","floor":31,"gold_loss":0},{"damage_healed":0,"gold_gain":0,"player_choice":"Paid","damage_taken":0,"relics_obtained":["Red Mask"],"max_hp_gain":0,"max_hp_loss":0,"event_name":"Tomb of Lord Red Mask","floor":39,"gold_loss":120}],"is_beta":false,"boss_relics":[{"not_picked":["Ectoplasm","Busted Crown"],"picked":"Fusion Hammer"},{"not_picked":["Orrery","Lizard Tail"],"picked":"Sozu"}],"items_purged_floors":[19],"is_endless":false,"potions_floor_spawned":[1,2,5,14,18,21,23,28,29,35,44,45],"killed_by":"The Heart","ascension_level":17}