{"path_per_floor":["M","M","M","?","M","R","E","R","T","E","?","M","M","$","R","B",null,"M","?","M","M","?","?","E","M","T","M","M","E","M","M","R"],"character_chosen":"IRONCLAD","items_purchased":["Vajra","Pommel Strike"],"gold_per_floor":[119,132,149,99,118,118,149,149,149,178,207,225,245,39,39,139,139,154,79,99,119,119,119,146,159,159,179,199,233,245,261,261],"floor_reached":33,"campfire_rested":1,"playtime":2692,"current_hp_per_floor":[41,39,42,42,37,37,24,48,62,60,41,42,48,48,48,25,94,93,93,64,54,38,38,33,23,23,25,25,32,39,49,49],"items_purged":[],"gold":261,"score":329,"play_id":"49470558-eee9-4c7d-8e9a-cb8c42ed8158","is_prod":false,"is_daily":false,"is_ascension_mode":false,"campfire_upgraded":3,"path_taken":["M","M","M","?","M","R","E","R","T","E","?","M","M","?","R","BOSS","M","?","M","M","?","?","E","?","T","?","M","E","M","M","R","BOSS"],"build_version":"2018-02-12-PROD1","purchased_purges":0,"victory":false,"master_deck":["Strike_R","Strike_R","Strike_R","Strike_R","Defend_R","Defend_R","Defend_R","Bash","Bloodletting","Impervious","Thunderclap+1","Perfected Strike","Pummel","Flex","Perfected Strike","Body Slam+1","Double Tap+1","Pommel Strike","Impervious","Headbutt+1","Perfected Strike","Sword Boomerang+1","Shrug It Off+1","Perfected Strike+1","Burning Pact+1"],"max_hp_per_floor":[80,80,80,80,80,80,80,80,94,94,94,94,94,94,94,94,94,94,94,94,94,94,94,94,94,94,94,94,94,94,94,94],"relics":["Black Blood","Frozen Eye","Dream Catcher","Mango","Pen Nib","Odd Mushroom","Vajra","Nilry\u0027s Codex","Mercury Hourglass","Du-Vu Doll","Ornamental Fan"],"card_choices":[{"not_picked":["Cleave","Intimidate"],"picked":"Bloodletting"},{"not_picked":["Flame Barrier","Blood for Blood"],"picked":"Impervious"},{"not_picked":["Perfected Strike","Feel No Pain"],"picked":"Thunderclap"},{"not_picked":["Iron Wave","Warcry"],"picked":"Perfected Strike"},{"not_picked":["Burning Pact","Twin Strike"],"picked":"Pummel"},{"not_picked":["Wild Strike","Headbutt"],"picked":"Flex"},{"not_picked":["Armaments","Iron Wave"],"picked":"Perfected Strike"},{"not_picked":["Sword Boomerang","Intimidate"],"picked":"Body Slam"},{"not_picked":["Clothesline","True Grit"],"picked":"Double Tap"},{"not_picked":["Double Tap","Demon Form"],"picked":"Impervious"},{"not_picked":["Rage","Uppercut"],"picked":"Headbutt"},{"not_picked":["Thunderclap","Dropkick"],"picked":"Perfected Strike"},{"not_picked":["Wild Strike","Armaments"],"picked":"Sword Boomerang"},{"not_picked":["Anger","Thunderclap"],"picked":"Shrug It Off"},{"not_picked":["Second Wind","Flame Barrier"],"picked":"Perfected Strike"},{"not_picked":["Clothesline","Heavy Blade"],"picked":"Burning Pact"}],"player_experience":246093,"potions_floor_usage":[21,24,24,27,29,31],"damage_taken":[{"damage":5.0,"enemies":"Small Slimes","floor":1.0,"turns":4.0},{"damage":8.0,"enemies":"2 Louse","floor":2.0,"turns":2.0},{"damage":3.0,"enemies":"Jaw Worm","floor":3.0,"turns":5.0},{"damage":11.0,"enemies":"2 Fungi Beasts","floor":5.0,"turns":4.0},{"damage":34.0,"enemies":"Lagavulin","floor":7.0,"turns":10.0},{"damage":8.0,"enemies":"Gremlin Nob","floor":10.0,"turns":3.0},{"damage":25.0,"enemies":"The Mushroom Lair","floor":11.0,"turns":3.0},{"damage":5.0,"enemies":"Large Slime","floor":12.0,"turns":4.0},{"damage":0.0,"enemies":"Looter","floor":13.0,"turns":3.0},{"damage":29.0,"enemies":"Slime Boss","floor":16.0,"turns":7.0},{"damage":11,"enemies":"Chosen","floor":18,"turns":4},{"damage":39,"enemies":"2 Thieves","floor":20,"turns":4},{"damage":20,"enemies":"Slaver and Parasite","floor":21,"turns":4},{"damage":15,"enemies":"Book of Stabbing","floor":24,"turns":4},{"damage":20,"enemies":"Cultist and Chosen","floor":25,"turns":5},{"damage":8,"enemies":"Snake Plant","floor":27,"turns":4},{"damage":10,"enemies":"Chosen and Byrds","floor":28,"turns":4},{"damage":3,"enemies":"Gremlin Leader","floor":29,"turns":5},{"damage":3,"enemies":"Snecko","floor":30,"turns":2},{"damage":0,"enemies":"Snake Plant","floor":31,"turns":2},{"damage":55,"enemies":"Automaton","floor":33,"turns":8}],"event_choices":[{"event_name":"The Cleric","player_choice":"Card Removal","floor":4.0,"damage_taken":0.0},{"event_name":"Mushrooms","player_choice":"Fought Mushrooms","floor":11.0,"damage_taken":0.0},{"event_name":"Beggar","player_choice":"Gave Gold","floor":19,"damage_taken":0},{"event_name":"Cursed Tome","player_choice":"Obtained Book","floor":22,"damage_taken":0},{"event_name":"Vampires","player_choice":"Ignored","floor":23,"damage_taken":0}],"boss_relics":[{"not_picked":["Calling Bell","Question Card"],"picked":"Black Blood"}],"potions_floor_spawned":[3,5,7,11,12,13,20,21,25,28,29],"seed_played":"1548259751246077626","killed_by":"Automaton","ascension_level":0,"is_trial":false}