{"path_per_floor":["M","?","T","?","M","R","M","R","T","$","M","M","R","M","R","B",null,"M","?","$","?","?","R","M","M","T","?","M","E","R","M","R"],"character_chosen":"THE_SILENT","items_purchased":["Accuracy","Fire Potion","War Paint"],"gold_per_floor":[111,111,111,111,126,126,137,137,137,8,27,43,43,61,61,138,138,157,157,7,7,7,7,26,39,39,39,49,81,81,101,101,101],"floor_reached":33,"campfire_rested":1,"playtime":1523,"current_hp_per_floor":[63,51,51,51,53,53,53,53,53,53,55,48,48,55,55,24,53,51,51,51,51,51,51,59,52,52,52,36,17,17,8,26,0],"items_purged":[],"gold":101,"score":424,"play_id":"a1762abe-3d1c-48ed-809f-d243eec7c314","local_time":"20180404110011","is_prod":false,"is_daily":false,"is_ascension_mode":true,"campfire_upgraded":5,"timestamp":1522854011,"path_taken":["M","?","?","?","M","R","M","R","T","$","M","M","R","M","R","BOSS","M","?","$","?","?","R","M","M","T","?","M","E","R","M","R","BOSS"],"build_version":"2018-03-29v2","purchased_purges":0,"victory":false,"master_deck":["Defend_G+1","Defend_G","Strike_G","Strike_G","Strike_G","Survivor","Neutralize+1","AscendersBane","Calculated Gamble+1","Accuracy","Dagger Spray+1","Accuracy","Infinite Blades+1","Eviscerate","Finisher+1","Storm of Steel+1","Distraction+1","PiercingWail+1","Phantasmal Killer+1","Escape Plan","Acrobatics","Malaise","Expertise+1","Reflex"],"max_hp_per_floor":[63,63,63,63,63,63,63,63,63,63,63,63,63,63,63,63,63,63,63,63,63,63,63,63,63,63,63,63,63,63,63,63,63],"relics":["Ring of the Snake","Ice Cream","Blood Vial","Bird Faced Urn","Orichalcum","Astrolabe","War Paint","Shovel","Question Card","Girya"],"card_choices":[{"not_picked":["Backflip","Poisoned Stab"],"picked":"Calculated Gamble","floor":1},{"not_picked":["Outmaneuver","Deadly Poison"],"picked":"Accuracy","floor":5},{"not_picked":["Bouncing Flask","Riddle With Holes"],"picked":"Dagger Spray","floor":7},{"not_picked":["Deadly Poison","Backstab"],"picked":"Infinite Blades","floor":11},{"not_picked":["PiercingWail","Dagger Throw"],"picked":"Eviscerate","floor":12},{"not_picked":["Sucker Punch","Poisoned Stab"],"picked":"Finisher","floor":14},{"not_picked":["Wraith Form","Bullet Time"],"picked":"Storm of Steel","floor":16},{"not_picked":["Finisher","Predator"],"picked":"Escape Plan","floor":24},{"not_picked":["Riddle With Holes","Slice"],"picked":"Acrobatics","floor":25},{"not_picked":["Footwork","A Thousand Cuts","Burst"],"picked":"Expertise","floor":29},{"not_picked":["Prepared","Quick Slash","Backflip"],"picked":"Reflex","floor":31}],"player_experience":663225,"potions_floor_usage":[11,16,16,24,29],"damage_taken":[{"damage":0,"enemies":"2 Louse","floor":1,"turns":3},{"damage":0,"enemies":"Jaw Worm","floor":5,"turns":4},{"damage":4,"enemies":"Small Slimes","floor":7,"turns":6},{"damage":0,"enemies":"Exordium Wildlife","floor":11,"turns":4},{"damage":15,"enemies":"3 Louse","floor":12,"turns":5},{"damage":1,"enemies":"Exordium Thugs","floor":14,"turns":4},{"damage":39,"enemies":"Slime Boss","floor":16,"turns":10},{"damage":6,"enemies":"3 Byrds","floor":18,"turns":4},{"damage":0,"enemies":"Chosen","floor":24,"turns":3},{"damage":13,"enemies":"Centurion and Healer","floor":25,"turns":5},{"damage":24,"enemies":"Snecko","floor":28,"turns":5},{"damage":27,"enemies":"Gremlin Leader","floor":29,"turns":7},{"damage":17,"enemies":"3 Cultists","floor":31,"turns":5},{"damage":47,"enemies":"Automaton","floor":33,"turns":6}],"event_choices":[{"event_name":"Scrap Ooze","player_choice":"success","floor":2,"damage_taken":12},{"event_name":"Purifier","player_choice":"One Purge","floor":4,"damage_taken":0},{"event_name":"Back to Basics","player_choice":"Elegance","floor":19,"damage_taken":0},{"event_name":"The Mausoleum","player_choice":"Yes","floor":21,"damage_taken":0},{"event_name":"Addict","player_choice":"Ignored","floor":22,"damage_taken":0},{"event_name":"The Library","player_choice":"Read","floor":27,"damage_taken":0}],"boss_relics":[{"not_picked":["Black Star","Lizard Tail"],"picked":"Astrolabe"}],"potions_floor_spawned":[7,14,16,25,28],"seed_played":"6755548507373031602","killed_by":"Automaton","ascension_level":13,"is_trial":false}