{"gold_per_floor":[116,116,126,136,136,136,167,167,167,202,218,218,72,72,72,149,149,160,178,228,228,241,241,302,302,353,41,51,101,101,151,151,225,225,243,183,200,212,224,224],"floor_reached":40,"playtime":1471,"items_purged":["Strike_R","Strike_R"],"score":874,"play_id":"687c9ddd-7520-470b-b624-9b745542bde6","local_time":"20190325155832","is_ascension_mode":true,"campfire_choices":[{"data":"Bash","floor":6,"key":"SMITH"},{"data":"Anger","floor":8,"key":"SMITH"},{"data":"Feel No Pain","floor":12,"key":"SMITH"},{"data":"True Grit","floor":15,"key":"SMITH"},{"data":"Uppercut","floor":23,"key":"SMITH"},{"data":"Body Slam","floor":25,"key":"SMITH"},{"data":"Apotheosis","floor":30,"key":"SMITH"},{"data":"Barricade","floor":32,"key":"SMITH"}],"neow_cost":"NONE","seed_source_timestamp":1053211883918779,"circlet_count":0,"master_deck":["AscendersBane","Strike_R+1","Defend_R+1","Defend_R+1","Defend_R+1","Defend_R+1","Bash+1","Headbutt","Anger+1","Feel No Pain+1","True Grit+1","Pommel Strike","Feed","Uppercut+1","Body Slam+1","Apotheosis+1","Entrench+1","Barricade+1","Exhume","Disarm"],"relics":["Burning Blood","NeowsBlessing","Self Forming Clay","Ornamental Fan","Matryoshka","Runic Pyramid","SsserpentHead","Strawberry","Blood Vial","Orrery"],"potions_floor_usage":[10,16,24,40],"damage_taken":[{"damage":0,"enemies":"Cultist","floor":1,"turns":1},{"damage":0,"enemies":"2 Louse","floor":3,"turns":2},{"damage":0,"enemies":"Jaw Worm","floor":4,"turns":1},{"damage":20,"enemies":"Gremlin Nob","floor":7,"turns":4},{"damage":22,"enemies":"Lagavulin","floor":10,"turns":6},{"damage":6,"enemies":"3 Louse","floor":11,"turns":4},{"damage":33,"enemies":"The Guardian","floor":16,"turns":12},{"damage":2,"enemies":"3 Byrds","floor":18,"turns":5},{"damage":5,"enemies":"Chosen","floor":19,"turns":5},{"damage":17,"enemies":"Shelled Parasite and Fungi","floor":22,"turns":8},{"damage":15,"enemies":"Snake Plant","floor":24,"turns":6},{"damage":20,"enemies":"Centurion and Healer","floor":28,"turns":6},{"damage":0,"enemies":"Champ","floor":33,"turns":9},{"damage":7,"enemies":"Orb Walker","floor":35,"turns":5},{"damage":0,"enemies":"3 Shapes","floor":37,"turns":8},{"damage":27,"enemies":"Spire Growth","floor":38,"turns":7},{"damage":29,"enemies":"3 Darklings","floor":39,"turns":9},{"damage":87,"enemies":"Reptomancer","floor":40,"turns":7}],"seed_played":"-5249988764819664104","potions_obtained":[{"floor":1,"key":"PowerPotion"},{"floor":11,"key":"AttackPotion"},{"floor":18,"key":"Weak Potion"},{"floor":28,"key":"Strength Potion"},{"floor":35,"key":"SpeedPotion"}],"is_trial":false,"path_per_floor":["M","?","M","M","?","R","E","R","T","E","M","R","$","?","R","B",null,"M","M","?","?","M","R","M","R","T","$","M","?","R","?","R","B",null,"M","?","M","M","M","E"],"character_chosen":"IRONCLAD","items_purchased":["True Grit","Pommel Strike","Apotheosis","Entrench"],"campfire_rested":0,"item_purchase_floors":[13,13,27,27],"current_hp_per_floor":[74,51,57,63,63,63,49,49,49,33,33,33,33,38,38,11,63,70,74,74,74,66,66,60,60,67,67,59,59,59,59,59,71,98,103,103,119,102,85,0],"gold":224,"neow_bonus":"THREE_ENEMY_KILL","is_prod":false,"is_daily":false,"chose_seed":false,"campfire_upgraded":8,"win_rate":0,"timestamp":1553543912,"path_taken":["M","?","M","M","?","R","E","R","T","E","?","R","?","?","R","BOSS","M","M","?","?","M","R","?","R","T","?","M","?","R","?","R","BOSS","M","?","M","M","M","E"],"build_version":"2019-03-15","purchased_purges":2,"victory":false,"max_hp_per_floor":[75,75,75,75,75,75,75,75,75,75,75,75,75,80,80,80,80,83,86,86,86,89,89,92,92,99,99,103,103,103,103,103,107,107,111,111,119,123,127,127],"card_choices":[{"not_picked":["Sentinel","Sever Soul","Heavy Blade"],"picked":"SKIP","floor":1},{"not_picked":["Wild Strike","Dual Wield"],"picked":"Headbutt","floor":3},{"not_picked":["Warcry","Fire Breathing","Bloodletting"],"picked":"SKIP","floor":4},{"not_picked":["Limit Break","Rupture"],"picked":"Anger","floor":7},{"not_picked":["Anger","Combust"],"picked":"Feel No Pain","floor":10},{"not_picked":["Flex","Iron Wave","Twin Strike"],"picked":"SKIP","floor":11},{"not_picked":["Offering","Fiend Fire"],"picked":"Feed","floor":16},{"not_picked":["Pommel Strike","Burning Pact"],"picked":"Uppercut","floor":18},{"not_picked":["Clothesline","Wild Strike"],"picked":"Body Slam","floor":19},{"not_picked":["Clothesline","Sword Boomerang","Power Through"],"picked":"SKIP","floor":22},{"not_picked":["Headbutt","Heavy Blade","Reckless Charge+1"],"picked":"SKIP","floor":24},{"not_picked":["Heavy Blade+1","Searing Blow","Anger"],"picked":"SKIP","floor":28},{"not_picked":["Immolate","Barricade"],"picked":"Exhume","floor":33},{"not_picked":["Clash","Iron Wave"],"picked":"Disarm","floor":34},{"not_picked":["Shockwave","Twin Strike","Armaments"],"picked":"SKIP","floor":35},{"not_picked":["Seeing Red","Iron Wave","Wild Strike+1"],"picked":"SKIP","floor":37},{"not_picked":["Flex","Intimidate","Headbutt+1"],"picked":"SKIP","floor":38},{"not_picked":["Pommel Strike","Headbutt","Perfected Strike+1"],"picked":"SKIP","floor":39}],"player_experience":2287810,"relics_obtained":[{"floor":7,"key":"Self Forming Clay"},{"floor":9,"key":"Ornamental Fan"},{"floor":10,"key":"Matryoshka"},{"floor":26,"key":"Strawberry"},{"floor":26,"key":"Blood Vial"}],"event_choices":[{"damage_healed":0,"gold_gain":0,"player_choice":"Entered Light","damage_taken":23,"max_hp_gain":0,"max_hp_loss":0,"event_name":"Shining Light","floor":2,"gold_loss":0,"cards_upgraded":["Defend_R","Strike_R"]},{"cards_removed":["Strike_R"],"damage_healed":0,"gold_gain":0,"player_choice":"Purged","damage_taken":0,"max_hp_gain":0,"max_hp_loss":0,"event_name":"Purifier","floor":5,"gold_loss":0},{"damage_healed":0,"gold_gain":0,"player_choice":"Donut","damage_taken":0,"max_hp_gain":5,"max_hp_loss":0,"event_name":"Big Fish","floor":14,"gold_loss":0},{"damage_healed":0,"gold_gain":50,"player_choice":"Stole From Cult","damage_taken":0,"max_hp_gain":0,"max_hp_loss":0,"event_name":"Nest","floor":20,"gold_loss":0},{"damage_healed":0,"gold_gain":0,"player_choice":"Trade","damage_taken":0,"relics_obtained":["SsserpentHead"],"max_hp_gain":0,"max_hp_loss":0,"event_name":"FaceTrader","floor":21,"gold_loss":0},{"damage_healed":0,"gold_gain":0,"player_choice":"Read","damage_taken":0,"max_hp_gain":0,"max_hp_loss":0,"event_name":"The Library","floor":29,"gold_loss":0,"cards_obtained":["Barricade"]},{"damage_healed":0,"gold_gain":0,"player_choice":"Simplicity","damage_taken":0,"max_hp_gain":0,"max_hp_loss":0,"event_name":"Back to Basics","floor":31,"gold_loss":0,"cards_upgraded":["Strike_R","Defend_R","Defend_R","Defend_R"]},{"cards_removed":["Strike_R"],"damage_healed":0,"gold_gain":0,"player_choice":"Upgrade and Remove","damage_taken":0,"max_hp_gain":0,"max_hp_loss":0,"event_name":"Designer","floor":36,"gold_loss":110,"cards_upgraded":["Entrench"]}],"is_beta":true,"boss_relics":[{"not_picked":["Philosopher\u0027s Stone","Lizard Tail"],"picked":"Runic Pyramid"},{"not_picked":["Pandora\u0027s Box","Eternal Feather"],"picked":"Orrery"}],"items_purged_floors":[13,27],"is_endless":false,"potions_floor_spawned":[1,11,18,28,35],"killed_by":"Reptomancer","ascension_level":15}