{"gold_per_floor":[361,379,379,149,149,149,172,210,234,234],"floor_reached":10,"playtime":507,"items_purged":[],"score":132,"play_id":"9dba76c5-8605-4aad-98f3-73a178090e36","local_time":"20190413173534","is_ascension_mode":true,"campfire_choices":[{"data":"Catalyst","floor":6,"key":"SMITH"}],"neow_cost":"TEN_PERCENT_HP_LOSS","seed_source_timestamp":169787660385580,"circlet_count":0,"master_deck":["AscendersBane","Defend_G","Defend_G","Defend_G","Defend_G","Defend_G","Strike_G","Strike_G","Strike_G","Strike_G","Survivor","Neutralize","Dagger Throw","Corpse Explosion","Catalyst+1","Blur","Calculated Gamble"],"relics":["Ring of the Snake","Golden Idol","Bronze Scales","Blood Vial"],"potions_floor_usage":[10,10,10],"damage_taken":[{"damage":1,"enemies":"Cultist","floor":1,"turns":5},{"damage":0,"enemies":"2 Louse","floor":2,"turns":4},{"damage":0,"enemies":"Jaw Worm","floor":7,"turns":4},{"damage":27,"enemies":"3 Sentries","floor":8,"turns":5},{"damage":40,"enemies":"Lagavulin","floor":10,"turns":6}],"seed_played":"-7393902931824686304","potions_obtained":[{"floor":1,"key":"SteroidPotion"},{"floor":2,"key":"Strength Potion"},{"floor":8,"key":"EntropicBrew"}],"is_trial":false,"path_per_floor":["M","M","?","$","?","R","M","E","T","E"],"character_chosen":"THE_SILENT","items_purchased":["Corpse Explosion","Catalyst"],"campfire_rested":0,"item_purchase_floors":[4,4],"current_hp_per_floor":[58,58,51,51,51,51,51,24,24,0],"gold":234,"neow_bonus":"TWO_FIFTY_GOLD","is_prod":false,"is_daily":false,"chose_seed":false,"campfire_upgraded":1,"win_rate":0,"timestamp":1555191334,"path_taken":["M","M","?","$","?","R","?","E","T","E"],"build_version":"2019-01-23","purchased_purges":0,"victory":false,"max_hp_per_floor":[60,60,60,60,54,54,54,54,54,54],"card_choices":[{"not_picked":["Distraction","Prepared","Heel Hook"],"picked":"SKIP","floor":1},{"not_picked":["Terror","Catalyst"],"picked":"Dagger Throw","floor":2},{"not_picked":["Riddle With Holes","Quick Slash"],"picked":"Blur","floor":7},{"not_picked":["Flying Knee","Finisher"],"picked":"Calculated Gamble","floor":8}],"player_experience":1838342,"relics_obtained":[{"floor":8,"key":"Bronze Scales"},{"floor":9,"key":"Blood Vial"}],"event_choices":[{"cards_removed":["Strike_G"],"damage_healed":0,"gold_gain":0,"player_choice":"Card Removal","damage_taken":7,"max_hp_gain":0,"max_hp_loss":0,"event_name":"Golden Wing","floor":3,"gold_loss":0},{"damage_healed":0,"gold_gain":0,"player_choice":"Lose Max HP","damage_taken":0,"relics_obtained":["Golden Idol"],"max_hp_gain":0,"max_hp_loss":6,"event_name":"Golden Idol","floor":5,"gold_loss":0}],"is_beta":false,"boss_relics":[],"items_purged_floors":[],"is_endless":false,"potions_floor_spawned":[1,2,8],"killed_by":"Lagavulin","ascension_level":20}