{"gold_per_floor":[111,386,397,397,547,612,625,625,649,82,112,112,112,16,16,16],"floor_reached":16,"playtime":437,"items_purged":["Doubt"],"score":262,"play_id":"bcfa23fd-e4ef-45a6-9e3d-8fdbb0946609","local_time":"20190428094640","is_ascension_mode":true,"campfire_choices":[{"data":"Neutralize","floor":8,"key":"SMITH"},{"data":"Glass Knife","floor":13,"key":"SMITH"},{"data":"Noxious Fumes","floor":15,"key":"SMITH"}],"neow_cost":"NONE","seed_source_timestamp":488932093694673,"circlet_count":0,"master_deck":["AscendersBane","Defend_G","Defend_G","Defend_G","Defend_G","Defend_G","Strike_G","Strike_G","Strike_G","Strike_G","Strike_G","Survivor","Neutralize+1","Dodge and Roll","Escape Plan","Dodge and Roll","Deflect","Glass Knife+1","Noxious Fumes+1","Deflect","Bouncing Flask","Caltrops"],"relics":["Ring of the Snake","NeowsBlessing","Tiny Chest","Lantern","Vajra","Happy Flower","Golden Idol"],"potions_floor_usage":[11,11,16,16],"damage_taken":[{"damage":0,"enemies":"Small Slimes","floor":1,"turns":1},{"damage":0,"enemies":"Cultist","floor":3,"turns":1},{"damage":0,"enemies":"Gremlin Nob","floor":6,"turns":1},{"damage":3,"enemies":"Jaw Worm","floor":7,"turns":8},{"damage":16,"enemies":"Lagavulin","floor":11,"turns":7},{"damage":41,"enemies":"Slime Boss","floor":16,"turns":5}],"seed_played":"-8164093039833264758","potions_obtained":[{"floor":6,"key":"GamblersBrew"},{"floor":11,"key":"SkillPotion"}],"is_trial":false,"path_per_floor":["M","?","M","?","?","E","M","R","T","$","E","?","R","$","R","B"],"character_chosen":"THE_SILENT","items_purchased":["Glass Knife","Noxious Fumes","Vajra","Deflect","Strength Potion","Caltrops","Fire Potion"],"campfire_rested":0,"item_purchase_floors":[10,10,10,10,10,14,14],"current_hp_per_floor":[59,59,59,59,59,59,56,56,56,56,40,40,40,40,40,0],"gold":16,"neow_bonus":"THREE_ENEMY_KILL","is_prod":false,"is_daily":false,"chose_seed":false,"campfire_upgraded":3,"win_rate":0,"timestamp":1556459200,"path_taken":["M","?","?","?","?","E","M","R","T","$","E","?","R","$","R","BOSS"],"build_version":"2019-01-23","purchased_purges":1,"victory":false,"max_hp_per_floor":[66,66,66,66,66,66,66,66,66,66,66,60,60,60,60,60],"card_choices":[{"not_picked":["Quick Slash","Prepared"],"picked":"Dodge and Roll","floor":1},{"not_picked":["Sucker Punch","Outmaneuver"],"picked":"Escape Plan","floor":3},{"not_picked":["Deflect","Finisher"],"picked":"Dodge and Roll","floor":6},{"not_picked":["Outmaneuver","Setup"],"picked":"Deflect","floor":7},{"not_picked":["Flying Knee","Bullet Time"],"picked":"Bouncing Flask","floor":11}],"player_experience":2048820,"relics_obtained":[{"floor":6,"key":"Tiny Chest"},{"floor":9,"key":"Lantern"},{"floor":11,"key":"Happy Flower"}],"event_choices":[{"damage_healed":0,"gold_gain":275,"player_choice":"Desecrate","damage_taken":0,"max_hp_gain":0,"max_hp_loss":0,"event_name":"Golden Shrine","floor":2,"gold_loss":0,"cards_obtained":["Regret"]},{"cards_removed":["Regret"],"damage_healed":0,"gold_gain":0,"player_choice":"Forget","damage_taken":0,"max_hp_gain":0,"max_hp_loss":0,"event_name":"Living Wall","floor":4,"gold_loss":0},{"damage_healed":0,"gold_gain":150,"player_choice":"AGREE","damage_taken":0,"max_hp_gain":0,"max_hp_loss":0,"event_name":"Liars Game","floor":5,"gold_loss":0,"cards_obtained":["Doubt"]},{"damage_healed":0,"gold_gain":0,"player_choice":"Lose Max HP","damage_taken":0,"relics_obtained":["Golden Idol"],"max_hp_gain":0,"max_hp_loss":6,"event_name":"Golden Idol","floor":12,"gold_loss":0}],"is_beta":false,"boss_relics":[],"items_purged_floors":[10],"is_endless":false,"potions_floor_spawned":[6,11],"killed_by":"Slime Boss","ascension_level":20}