{"path_per_floor":["M","M","?","M","?","E","?","T","T","R","M","R","M","$","R","B",null,"M","?","$","M","M","R","M","R","T","?","R","$","?","M","R"],"character_chosen":"THE_SILENT","items_purchased":["Predator","Deflect","Dash"],"gold_per_floor":[119,129,186,206,206,235,200,226,275,275,287,287,305,136,136,207,207,227,152,77,96,112,112,122,122,122,122,122,22,22,40,40,40],"floor_reached":33,"campfire_rested":1,"playtime":1366,"current_hp_per_floor":[59,59,59,59,59,20,36,36,36,36,32,32,21,21,21,11,52,34,34,34,34,31,31,20,20,20,20,39,39,39,35,35,0],"items_purged":["Injury","Injury"],"gold":40,"score":429,"play_id":"8a8b425e-6146-4474-ad6d-7dfb08762b9b","local_time":"20180410232213","is_prod":false,"is_daily":false,"is_ascension_mode":true,"campfire_upgraded":6,"timestamp":1523416933,"path_taken":["M","?","?","?","?","E","?","?","T","R","?","R","M","$","R","BOSS","M","?","$","?","M","R","M","R","T","?","R","?","?","M","R","BOSS"],"build_version":"2018-04-05v2","purchased_purges":3,"victory":false,"master_deck":["Defend_G+1","Defend_G+1","Defend_G+1","Defend_G+1","Defend_G+1","Strike_G+1","Strike_G+1","Strike_G+1","Strike_G+1","Strike_G+1","Survivor","Neutralize+1","AscendersBane","Masterful Stab+1","Outmaneuver","Footwork+1","Footwork+1","PiercingWail","Predator","Deflect","Dash+1","Unload+1","Bouncing Flask","Acrobatics+1","Burst+1"],"max_hp_per_floor":[66,66,66,66,66,66,66,66,66,66,66,66,66,66,66,66,66,66,66,66,66,66,66,66,66,66,66,66,66,66,66,66,66],"relics":["Ring of the Snake","NeowsBlessing","Mercury Hourglass","Pen Nib","Orichalcum","Calling Bell","Meat on the Bone","Letter Opener","Ice Cream","Vajra"],"card_choices":[{"not_picked":["Acrobatics","Setup"],"picked":"Masterful Stab","floor":1},{"not_picked":["Underhanded Strike","Accuracy"],"picked":"Outmaneuver","floor":2},{"not_picked":["Outmaneuver","Dodge and Roll"],"picked":"Footwork","floor":4},{"not_picked":["Underhanded Strike","Blade Dance"],"picked":"Footwork","floor":6},{"not_picked":["Dagger Spray","Skewer"],"picked":"PiercingWail","floor":11},{"not_picked":["Wraith Form","Tools of the Trade"],"picked":"Unload","floor":16},{"not_picked":["Escape Plan","Acrobatics"],"picked":"Bouncing Flask","floor":18},{"not_picked":["Deflect","Dagger Throw"],"picked":"Acrobatics","floor":24},{"not_picked":["Outmaneuver","Quick Slash"],"picked":"Burst","floor":31}],"player_experience":814791,"potions_floor_usage":[6,11,31,33],"damage_taken":[{"damage":0,"enemies":"Cultist","floor":1,"turns":1},{"damage":0,"enemies":"Jaw Worm","floor":2,"turns":1},{"damage":0,"enemies":"Small Slimes","floor":4,"turns":1},{"damage":51,"enemies":"Gremlin Nob","floor":6,"turns":7},{"damage":4,"enemies":"Exordium Wildlife","floor":11,"turns":5},{"damage":11,"enemies":"Gremlin Gang","floor":13,"turns":5},{"damage":10,"enemies":"Slime Boss","floor":16,"turns":11},{"damage":18,"enemies":"3 Byrds","floor":18,"turns":5},{"damage":12,"enemies":"Chosen","floor":21,"turns":6},{"damage":15,"enemies":"Centurion and Healer","floor":22,"turns":7},{"damage":23,"enemies":"Chosen and Byrds","floor":24,"turns":8},{"damage":4,"enemies":"Slaver and Parasite","floor":31,"turns":7},{"damage":39,"enemies":"Collector","floor":33,"turns":7}],"event_choices":[{"event_name":"Golden Wing","player_choice":"Gained Gold","floor":3,"damage_taken":0},{"event_name":"Living Wall","player_choice":"Grow","floor":5,"damage_taken":0},{"event_name":"The Cleric","player_choice":"Healed","floor":7,"damage_taken":0},{"event_name":"Beggar","player_choice":"Gave Gold","floor":19,"damage_taken":0},{"event_name":"Back to Basics","player_choice":"Simplicity","floor":27,"damage_taken":0},{"event_name":"Addict","player_choice":"Ignored","floor":30,"damage_taken":0}],"boss_relics":[{"not_picked":["Snecko Eye","White Beast Statue"],"picked":"Calling Bell"}],"potions_floor_spawned":[1,4,21,24],"seed_played":"-4650550872418680349","killed_by":"Collector","ascension_level":15,"is_trial":false}