{"gold_per_floor":[109,109,109,109,124,159,159,171,171,186,186,216,230,5,5,107,107,126,151,151,251,269,269,304,319,319,68,81,81,81,81,81,81],"floor_reached":33,"playtime":1402,"items_purged":[],"score":383,"play_id":"92948b0a-a176-4aee-bb32-8df6d37225cc","local_time":"20180908231938","is_ascension_mode":true,"campfire_choices":[{"data":"Doom and Gloom","floor":7,"key":"SMITH"},{"data":"Electrodynamics","floor":11,"key":"SMITH"},{"data":"Multi-Cast","floor":15,"key":"SMITH"},{"data":"Zap","floor":23,"key":"SMITH"},{"data":"Loop","floor":29,"key":"SMITH"},{"data":"Machine Learning","floor":32,"key":"SMITH"}],"neow_cost":"","seed_source_timestamp":535228709020640,"circlet_count":0,"master_deck":["Strike_B","Strike_B","Strike_B","Defend_B","Defend_B+1","Defend_B","Defend_B+1","Zap+1","Dualcast","Doom and Gloom+1","Multi-Cast+1","Leap","Ball Lightning","Electrodynamics+1","Redo","Machine Learning+1","Cold Snap","Genetic Algorithm","Rainbow+1","Barrage+1","Melter","Chill","Melter+1","Loop+1"],"relics":["Cracked Core","Mango","Letter Opener","Omamori","PreservedInsect","Nuclear Battery","Red Mask","FossilizedHelix","Cables","Gremlin Horn","Bottled Tornado","Bottled Flame","Frozen Egg 2"],"potions_floor_usage":[12,19,19,21,25,33],"damage_taken":[{"damage":0,"enemies":"2 Louse","floor":1,"turns":2},{"damage":6,"enemies":"Cultist","floor":5,"turns":3},{"damage":30,"enemies":"3 Sentries","floor":6,"turns":5},{"damage":4,"enemies":"Jaw Worm","floor":8,"turns":3},{"damage":0,"enemies":"Large Slime","floor":10,"turns":3},{"damage":6,"enemies":"Gremlin Nob","floor":12,"turns":3},{"damage":5,"enemies":"Blue Slaver","floor":13,"turns":3},{"damage":4,"enemies":"Hexaghost","floor":16,"turns":9},{"damage":11,"enemies":"Spheric Guardian","floor":18,"turns":3},{"damage":3,"enemies":"Masked Bandits","floor":19,"turns":3},{"damage":0,"enemies":"Colosseum Slavers","floor":21,"turns":1},{"damage":8,"enemies":"Colosseum Nobs","floor":21,"turns":3},{"damage":0,"enemies":"Chosen","floor":22,"turns":3},{"damage":0,"enemies":"Slavers","floor":24,"turns":1},{"damage":0,"enemies":"Shelled Parasite and Fungi","floor":25,"turns":2},{"damage":0,"enemies":"Cultist and Chosen","floor":28,"turns":4},{"damage":58,"enemies":"Champ","floor":33,"turns":7}],"seed_played":"-5153092362512715273","potions_obtained":[{"floor":5,"key":"Energy Potion"},{"floor":8,"key":"Weak Potion"},{"floor":16,"key":"Dexterity Potion"},{"floor":18,"key":"SkillPotion"},{"floor":19,"key":"Fire Potion"},{"floor":22,"key":"Regen Potion"},{"floor":25,"key":"Strength Potion"}],"is_trial":false,"path_per_floor":["M","?","?","?","M","E","R","M","T","M","R","E","M","$","R","B",null,"M","?","?","?","M","R","E","M","T","$","M","R","?","T","R"],"character_chosen":"DEFECT","items_purchased":["PreservedInsect","Genetic Algorithm","Bottled Flame"],"campfire_rested":0,"item_purchase_floors":[14,14,27],"current_hp_per_floor":[75,75,60,60,54,38,38,34,34,34,34,28,23,23,23,19,89,78,75,75,67,67,67,67,72,72,72,72,72,55,55,55,0],"gold":81,"neow_bonus":"","is_prod":false,"is_daily":false,"chose_seed":false,"campfire_upgraded":6,"win_rate":0,"timestamp":1536463178,"path_taken":["M","?","?","?","M","E","R","?","T","?","R","E","M","$","R","BOSS","M","?","?","?","M","R","E","?","T","$","M","R","?","?","R","BOSS"],"build_version":"2018-09-06","purchased_purges":0,"victory":false,"max_hp_per_floor":[75,75,75,75,75,89,89,89,89,89,89,89,89,89,89,89,89,89,89,89,89,89,89,89,89,89,89,89,89,94,94,94,94],"card_choices":[{"not_picked":["Rebound","Self Repair"],"picked":"Doom and Gloom","floor":1},{"not_picked":["Gash","Rebound"],"picked":"Leap","floor":5},{"not_picked":["Barrage","Sweeping Beam"],"picked":"Ball Lightning","floor":6},{"not_picked":["Sweeping Beam","Blizzard"],"picked":"Electrodynamics","floor":8},{"not_picked":["Sweeping Beam","Stack"],"picked":"Redo","floor":10},{"not_picked":["Double Energy","Cold Snap"],"picked":"Machine Learning","floor":12},{"not_picked":["Hologram","Undo"],"picked":"Cold Snap","floor":13},{"not_picked":["Biased Cognition","Meteor Strike"],"picked":"Rainbow","floor":16},{"not_picked":["Rebound","FTL","Steam Power"],"picked":"SKIP","floor":18},{"not_picked":["Gash","Cold Snap"],"picked":"Barrage+1","floor":19},{"not_picked":["Compile Driver","Static Discharge"],"picked":"Melter","floor":21},{"not_picked":["Compile Driver","Hologram"],"picked":"Chill","floor":22},{"not_picked":["All For One","Streamline"],"picked":"Melter+1","floor":24},{"not_picked":["Sweeping Beam","Coolheaded+1"],"picked":"Loop","floor":25},{"not_picked":["Gash","Beam Cell","Redo"],"picked":"SKIP","floor":28}],"player_experience":989930,"relics_obtained":[{"floor":6,"key":"Mango"},{"floor":9,"key":"Letter Opener"},{"floor":12,"key":"Omamori"},{"floor":19,"key":"Red Mask"},{"floor":21,"key":"FossilizedHelix"},{"floor":21,"key":"Cables"},{"floor":24,"key":"Gremlin Horn"},{"floor":26,"key":"Bottled Tornado"},{"floor":31,"key":"Frozen Egg 2"}],"event_choices":[{"event_name":"Transmorgrifier","player_choice":"Transform","floor":2,"damage_taken":0},{"event_name":"Shining Light","player_choice":"Entered Light","floor":3,"damage_taken":0},{"event_name":"Liars Game","player_choice":"disagreed","floor":4,"damage_taken":0},{"event_name":"Masked Bandits","player_choice":"Fought Bandits","floor":19,"damage_taken":0},{"event_name":"Accursed Blacksmith","player_choice":"Forge","floor":20,"damage_taken":0},{"event_name":"Colosseum","player_choice":"Fight","floor":21,"damage_taken":0},{"event_name":"Colosseum","player_choice":"Fought Nobs","floor":21,"damage_taken":0},{"event_name":"Forgotten Altar","player_choice":"Shed Blood","floor":30,"damage_taken":0}],"is_beta":false,"boss_relics":[{"not_picked":["Runic Dome","Eternal Feather"],"picked":"Nuclear Battery"}],"items_purged_floors":[],"is_endless":false,"potions_floor_spawned":[5,8,16,18,19,22,25],"killed_by":"Champ","ascension_level":4}