{"gold_per_floor":[109,15,31,43,43,71,71,103,150,150,125,158,168,168,168,246,246,262,42,42,42,61,61,11,61,84,110,110,6,6,6,6,84,84,97,114,161,161,0,0,34,34,34,65,15,50,50,70,70,70,70,70,70,15,40,40],"floor_reached":57,"playtime":4406,"items_purged":["Strike_B","Strike_B+1","Defend_B","Defend_B"],"score":3015,"play_id":"3b0572a2-cb44-4ef1-95f8-0019019afcd2","local_time":"20190504011354","is_ascension_mode":true,"campfire_choices":[{"data":"Defragment","floor":7.0,"key":"SMITH"},{"data":"Zap","floor":10.0,"key":"SMITH"},{"data":"Darkness","floor":15.0,"key":"SMITH"},{"data":"Biased Cognition","floor":23.0,"key":"SMITH"},{"data":"Capacitor","floor":28.0,"key":"SMITH"},{"data":"Dualcast","floor":30.0,"key":"SMITH"},{"data":"Defend_B","floor":32.0,"key":"SMITH"},{"floor":40.0,"key":"REST"},{"data":"Blizzard","floor":42.0,"key":"SMITH"},{"floor":49,"key":"RECALL"},{"floor":53,"key":"REST"}],"neow_cost":"NONE","seed_source_timestamp":312077742195943,"circlet_count":0,"master_deck":["AscendersBane","Defend_B+1","Zap+1","Dualcast+1","Compile Driver","Defragment+1","Cold Snap","Darkness+1","Chill+1","Steam+1","Coolheaded+1","Turbo+1","Loop+1","Biased Cognition+1","Stack+1","Capacitor+1","Coolheaded+1","Stack+1","Coolheaded+1","Coolheaded+1","Echo Form","Conserve Battery+1","Blizzard+1","Double Energy+1","Loop","Stack+1","Darkness+1","Thinking Ahead+1","Barrage","Redo+1","Machine Learning"],"special_seed":0,"relics":["Cracked Core","Whetstone","Toxic Egg 2","Smiling Mask","Potion Belt","Ice Cream","Inserter","Anchor","Bottled Lightning","Runic Dome","Dead Branch","Red Mask","Strawberry","Pear","Orichalcum","Sundial"],"potions_floor_usage":[56],"damage_taken":[{"damage":1.0,"enemies":"Small Slimes","floor":1.0,"turns":3.0},{"damage":0.0,"enemies":"Cultist","floor":3.0,"turns":3.0},{"damage":3.0,"enemies":"2 Louse","floor":4.0,"turns":3.0},{"damage":5.0,"enemies":"Gremlin Nob","floor":6.0,"turns":3.0},{"damage":3.0,"enemies":"3 Sentries","floor":8.0,"turns":14.0},{"damage":0.0,"enemies":"Exordium Thugs","floor":11.0,"turns":4.0},{"damage":4.0,"enemies":"Gremlin Nob","floor":12.0,"turns":3.0},{"damage":0.0,"enemies":"Looter","floor":13.0,"turns":3.0},{"damage":12.0,"enemies":"The Guardian","floor":16.0,"turns":7.0},{"damage":3.0,"enemies":"Spheric Guardian","floor":18.0,"turns":5.0},{"damage":5.0,"enemies":"2 Thieves","floor":22.0,"turns":3.0},{"damage":17.0,"enemies":"Gremlin Leader","floor":27.0,"turns":6.0},{"damage":2.0,"enemies":"Champ","floor":33.0,"turns":25.0},{"damage":6.0,"enemies":"Orb Walker","floor":35.0,"turns":4.0},{"damage":16.0,"enemies":"3 Darklings","floor":36.0,"turns":7.0},{"damage":5.0,"enemies":"2 Orb Walkers","floor":37.0,"turns":5.0},{"damage":0.0,"enemies":"Reptomancer","floor":41.0,"turns":6.0},{"damage":0.0,"enemies":"Giant Head","floor":44.0,"turns":7.0},{"damage":63.0,"enemies":"Reptomancer","floor":46.0,"turns":6.0},{"damage":0.0,"enemies":"Spire Growth","floor":48.0,"turns":9.0},{"damage":0,"enemies":"Awakened One","floor":50,"turns":13},{"damage":0,"enemies":"Time Eater","floor":51,"turns":35},{"damage":32,"enemies":"Shield and Spear","floor":55,"turns":8},{"damage":45,"enemies":"The Heart","floor":56,"turns":13}],"seed_played":"1238975017495429075","potions_obtained":[{"floor":3.0,"key":"LiquidBronze"},{"floor":4.0,"key":"Strength Potion"},{"floor":8.0,"key":"FocusPotion"},{"floor":11.0,"key":"Strength Potion"},{"floor":22.0,"key":"Explosive Potion"},{"floor":27.0,"key":"SteroidPotion"},{"floor":33.0,"key":"Weak Potion"},{"floor":36.0,"key":"Ancient Potion"},{"floor":37.0,"key":"AttackPotion"}],"is_trial":false,"path_per_floor":["M","$","M","M","?","E","R","E","T","R","M","E","M","?","R","B",null,"M","$","?","?","M","R","$","?","T","E","R","$","R","$","R","B",null,"M","M","?","?","?","R","E","R","T","E","$","E","?","M","R","B","B",null,"R","$","E","B",null],"character_chosen":"DEFECT","items_purchased":["Fire Potion","Defragment","Capacitor","Coolheaded+1","Ancient Potion","Coolheaded+1","Redo+1"],"campfire_rested":2,"item_purchase_floors":[2,2,19,19,19,29,54],"current_hp_per_floor":[63,63,63,60,60,55,55,52,52,52,52,48,48,48,48,36,62,59,59,59,59,54,54,54,54,54,37,37,37,37,37,37,35,62,56,40,35,35,35,56,63,63,63,73,73,10,10,10,10,10,10,69,88,88,56,11],"gold":40,"neow_bonus":"RANDOM_COMMON_RELIC","is_prod":false,"is_daily":false,"chose_seed":false,"campfire_upgraded":8,"win_rate":0,"timestamp":1556957634,"path_taken":["M","$","M","M","?","E","R","E","T","R","?","E","M","?","R","BOSS","M","$","?","?","?","R","$","?","T","E","R","?","R","?","R","BOSS","M","M","?","?","?","R","E","R","T","E","?","E","?","M","R","BOSS","BOSS","R","$","E","BOSS"],"build_version":"2019-04-23","purchased_purges":4,"victory":true,"max_hp_per_floor":[71,71,71,71,71,71,71,71,71,71,71,71,71,71,71,71,71,71,71,71,71,71,71,71,71,71,71,71,71,71,71,71,71,71,71,71,71,71,71,71,78,78,78,88,88,88,88,88,88,88,88,88,88,88,88,88],"card_choices":[{"not_picked":["Steam","Redo"],"picked":"Compile Driver","floor":1.0},{"not_picked":["Stack","Beam Cell","Chaos"],"picked":"SKIP","floor":3.0},{"not_picked":["All For One","Coolheaded"],"picked":"Cold Snap","floor":4.0},{"not_picked":["Force Field","Loop"],"picked":"Chill","floor":6.0},{"not_picked":["Chaos+1","Skim+1"],"picked":"Steam+1","floor":8.0},{"not_picked":["Scrape","Streamline"],"picked":"Coolheaded+1","floor":11.0},{"not_picked":["Blizzard","Sunder"],"picked":"Turbo+1","floor":12.0},{"not_picked":["Sweeping Beam","Streamline"],"picked":"Loop","floor":13.0},{"not_picked":["Machine Learning","Creative AI"],"picked":"Biased Cognition","floor":16.0},{"not_picked":["Recycle+1","Barrage"],"picked":"Stack+1","floor":18.0},{"not_picked":["Loop","Leap+1"],"picked":"Stack+1","floor":22.0},{"not_picked":["Capacitor","Rebound"],"picked":"Coolheaded+1","floor":27.0},{"not_picked":["Core Surge","Seek+1"],"picked":"Echo Form","floor":33.0},{"not_picked":["Cold Snap","Gash"],"picked":"Conserve Battery+1","floor":35.0},{"not_picked":["Conserve Battery+1","Sunder"],"picked":"Blizzard","floor":36.0},{"not_picked":["FTL","Redo+1"],"picked":"Double Energy+1","floor":37.0},{"not_picked":["Rebound","Ball Lightning"],"picked":"Loop","floor":41.0},{"not_picked":["Capacitor","Gash"],"picked":"Stack+1","floor":44.0},{"not_picked":["Buffer","Capacitor"],"picked":"Darkness+1","floor":46.0},{"not_picked":["Madness+1","Discovery+1"],"picked":"Thinking Ahead+1","floor":47.0},{"not_picked":["Leap+1","Coolheaded+1"],"picked":"Barrage","floor":48.0},{"not_picked":["Chill+1","Leap+1"],"picked":"Machine Learning","floor":55}],"player_experience":6120010,"relics_obtained":[{"floor":6.0,"key":"Toxic Egg 2"},{"floor":8.0,"key":"Smiling Mask"},{"floor":9.0,"key":"Potion Belt"},{"floor":12.0,"key":"Ice Cream"},{"floor":26.0,"key":"Anchor"},{"floor":27.0,"key":"Bottled Lightning"},{"floor":37.0,"key":"Dead Branch"},{"floor":41.0,"key":"Strawberry"},{"floor":44.0,"key":"Pear"},{"floor":46.0,"key":"Orichalcum"},{"floor":55,"key":"Sundial"}],"event_choices":[{"damage_healed":0.0,"max_hp_gain":0.0,"max_hp_loss":0.0,"gold_gain":0.0,"cards_transformed":["Strike_B"],"event_name":"Transmorgrifier","player_choice":"Transformed","floor":5.0,"gold_loss":0.0,"damage_taken":0.0,"cards_obtained":["Darkness"]},{"damage_healed":0.0,"max_hp_gain":0.0,"max_hp_loss":0.0,"gold_gain":0.0,"event_name":"Living Wall","player_choice":"Grow","floor":14.0,"gold_loss":0.0,"damage_taken":0.0,"cards_upgraded":["Loop"]},{"damage_healed":0.0,"max_hp_gain":0.0,"max_hp_loss":0.0,"gold_gain":0.0,"event_name":"Beggar","player_choice":"Ignored","floor":20.0,"gold_loss":0.0,"damage_taken":0.0},{"cards_removed":["Defend_B"],"damage_healed":0.0,"max_hp_gain":0.0,"max_hp_loss":0.0,"gold_gain":0.0,"event_name":"Wheel of Change","player_choice":"Card Removal","floor":21.0,"gold_loss":0.0,"damage_taken":0.0},{"damage_healed":0.0,"max_hp_gain":0.0,"max_hp_loss":0.0,"gold_gain":50.0,"event_name":"Golden Shrine","player_choice":"Pray","floor":25.0,"gold_loss":0.0,"damage_taken":0.0},{"damage_healed":0.0,"max_hp_gain":0.0,"max_hp_loss":0.0,"gold_gain":0.0,"event_name":"Mysterious Sphere","player_choice":"Fight","floor":37.0,"gold_loss":0.0,"damage_taken":0.0},{"cards_removed":["Strike_B"],"damage_healed":0.0,"max_hp_gain":0.0,"max_hp_loss":0.0,"gold_gain":0.0,"event_name":"Falling","player_choice":"Removed Attack","floor":38.0,"gold_loss":0.0,"damage_taken":0.0},{"damage_healed":0.0,"max_hp_gain":0.0,"max_hp_loss":0.0,"gold_gain":0.0,"event_name":"Tomb of Lord Red Mask","player_choice":"Paid","floor":39.0,"gold_loss":161.0,"damage_taken":0.0,"relics_obtained":["Red Mask"]},{"damage_healed":0.0,"max_hp_gain":0.0,"max_hp_loss":0.0,"gold_gain":0.0,"event_name":"SensoryStone","player_choice":"Memory 1","floor":47.0,"gold_loss":0.0,"damage_taken":0.0}],"is_beta":true,"boss_relics":[{"not_picked":["Eternal Feather","Astrolabe"],"picked":"Inserter"},{"not_picked":["Empty Cage","Lizard Tail"],"picked":"Runic Dome"}],"items_purged_floors":[19,24,29,45],"is_endless":false,"potions_floor_spawned":[3,4,8,11,22,27,33,36,37],"ascension_level":20}