{"gold_per_floor":[115,135,210,226,280,280,305,322,347,359,359,359,378,378,378,451,451,464,479,529,136,97,97],"floor_reached":23,"playtime":1092,"items_purged":[],"score":344,"play_id":"69bb8501-c7b5-4d55-84fb-24847ef02b57","local_time":"20190313173733","is_ascension_mode":true,"campfire_choices":[{"data":"Infinite Blades","floor":6,"key":"SMITH"},{"floor":11,"key":"REST"},{"data":"Caltrops","floor":15,"key":"SMITH"}],"neow_cost":"NONE","seed_source_timestamp":22667966072805,"circlet_count":0,"master_deck":["AscendersBane","Defend_G","Defend_G","Defend_G","Defend_G","Defend_G","Strike_G","Strike_G","Strike_G","Strike_G","Survivor","Neutralize+1","Cloak And Dagger","Infinite Blades+1","Blade Dance","Bouncing Flask","Caltrops+1","Skewer","Envenom","Endless Agony","Noxious Fumes"],"relics":["Ring of the Snake","Tiny Chest","Anchor","Pen Nib","Shuriken","WristBlade","Juzu Bracelet","Sling"],"potions_floor_usage":[10,13,18,19],"damage_taken":[{"damage":0,"enemies":"2 Louse","floor":1,"turns":5},{"damage":0,"enemies":"Jaw Worm","floor":2,"turns":6},{"damage":1,"enemies":"Cultist","floor":4,"turns":4},{"damage":28,"enemies":"3 Sentries","floor":7,"turns":10},{"damage":0,"enemies":"Large Slime","floor":8,"turns":5},{"damage":9,"enemies":"Gremlin Gang","floor":10,"turns":4},{"damage":14,"enemies":"Exordium Wildlife","floor":13,"turns":5},{"damage":1,"enemies":"Hexaghost","floor":16,"turns":8},{"damage":11,"enemies":"Spheric Guardian","floor":18,"turns":3},{"damage":35,"enemies":"3 Byrds","floor":19,"turns":5},{"damage":21,"enemies":"Gremlin Leader","floor":23,"turns":3}],"seed_played":"5937785334691773789","potions_obtained":[{"floor":7,"key":"AttackPotion"},{"floor":8,"key":"Weak Potion"},{"floor":10,"key":"SkillPotion"},{"floor":16,"key":"Regen Potion"}],"is_trial":false,"path_per_floor":["M","M","?","M","T","R","E","M","T","M","R","?","M","T","R","B",null,"M","M","?","$","$","E"],"character_chosen":"THE_SILENT","items_purchased":["Juzu Bracelet","Sling","Noxious Fumes"],"campfire_rested":1,"item_purchase_floors":[21,21,22],"current_hp_per_floor":[59,59,48,47,47,47,19,19,19,10,29,29,15,15,15,14,53,54,19,19,19,19,0],"gold":97,"neow_bonus":"UPGRADE_CARD","is_prod":false,"is_daily":false,"chose_seed":false,"campfire_upgraded":2,"win_rate":0,"timestamp":1552513053,"path_taken":["M","M","?","M","?","R","E","M","T","?","R","?","?","?","R","BOSS","M","M","?","?","$","E"],"build_version":"2019-01-23","purchased_purges":0,"victory":false,"max_hp_per_floor":[66,66,66,66,66,66,66,66,66,66,66,66,66,66,66,66,66,66,66,66,66,66,66],"card_choices":[{"not_picked":["Underhanded Strike","Flying Knee"],"picked":"Cloak And Dagger","floor":1},{"not_picked":["Endless Agony","Dagger Spray"],"picked":"Infinite Blades","floor":2},{"not_picked":["Backflip","Underhanded Strike"],"picked":"Blade Dance","floor":4},{"not_picked":["Night Terror","Underhanded Strike"],"picked":"Bouncing Flask","floor":7},{"not_picked":["Underhanded Strike","Flying Knee","Sucker Punch"],"picked":"SKIP","floor":8},{"not_picked":["Deadly Poison","Blade Dance"],"picked":"Caltrops","floor":10},{"not_picked":["Blade Dance","Flying Knee"],"picked":"Skewer","floor":13},{"not_picked":["Phantasmal Killer","Doppelganger"],"picked":"Envenom","floor":16},{"not_picked":["Caltrops","Concentrate","Dagger Throw"],"picked":"SKIP","floor":18},{"not_picked":["Flechettes","Deadly Poison"],"picked":"Endless Agony","floor":19}],"player_experience":1089198,"relics_obtained":[{"floor":5,"key":"Tiny Chest"},{"floor":7,"key":"Anchor"},{"floor":9,"key":"Pen Nib"},{"floor":14,"key":"Shuriken"}],"event_choices":[{"damage_healed":0,"gold_gain":75,"player_choice":"Gather Gold","damage_taken":11,"max_hp_gain":0,"max_hp_loss":0,"event_name":"World of Goop","floor":3,"gold_loss":0},{"cards_removed":["Strike_G"],"damage_healed":0,"gold_gain":0,"player_choice":"Purged","damage_taken":0,"max_hp_gain":0,"max_hp_loss":0,"event_name":"Purifier","floor":12,"gold_loss":0},{"damage_healed":0,"gold_gain":100,"player_choice":"Bet on Murderer","damage_taken":0,"max_hp_gain":0,"max_hp_loss":0,"event_name":"The Joust","floor":20,"gold_loss":50}],"is_beta":false,"boss_relics":[{"not_picked":["HoveringKite","Velvet Choker"],"picked":"WristBlade"}],"items_purged_floors":[],"is_endless":false,"potions_floor_spawned":[7,8,10,16],"killed_by":"Gremlin Leader","ascension_level":16}