{"gold_per_floor":[18,36,48,65,65,65,84,95,119,177,177],"floor_reached":11,"playtime":435,"items_purged":[],"score":67,"play_id":"c53320b2-d4a0-4715-8174-9890ccaef034","local_time":"20190317202840","is_ascension_mode":false,"campfire_choices":[{"data":"Zap","floor":6,"key":"SMITH"}],"neow_cost":"NO_GOLD","seed_source_timestamp":407769489114997,"circlet_count":0,"master_deck":["Strike_B","Strike_B","Strike_B","Defend_B","Defend_B","Defend_B","Zap+1","Dualcast","Capacitor","Conserve Battery","Double Energy+1","Barrage","Tempest","Conserve Battery","Core Surge"],"relics":["Cracked Core","Dream Catcher"],"potions_floor_usage":[4,10,10,11,11],"damage_taken":[{"damage":6,"enemies":"Jaw Worm","floor":1,"turns":3},{"damage":10,"enemies":"Small Slimes","floor":2,"turns":2},{"damage":0,"enemies":"2 Louse","floor":3,"turns":2},{"damage":4,"enemies":"Gremlin Gang","floor":4,"turns":2},{"damage":10,"enemies":"Looter","floor":7,"turns":3},{"damage":10,"enemies":"Exordium Wildlife","floor":8,"turns":2},{"damage":27,"enemies":"3 Sentries","floor":10,"turns":6},{"damage":18,"enemies":"Lagavulin","floor":11,"turns":3}],"seed_played":"-1911945147186414233","potions_obtained":[{"floor":2,"key":"Explosive Potion"},{"floor":3,"key":"FearPotion"},{"floor":7,"key":"PowerPotion"},{"floor":8,"key":"EssenceOfSteel"},{"floor":10,"key":"SteroidPotion"}],"is_trial":false,"path_per_floor":["M","M","M","M","?","R","M","M","T","?","E"],"character_chosen":"DEFECT","items_purchased":[],"campfire_rested":0,"item_purchase_floors":[],"current_hp_per_floor":[69,59,59,55,55,55,45,35,35,8,0],"gold":177,"neow_bonus":"REMOVE_TWO","is_prod":false,"is_daily":false,"chose_seed":false,"campfire_upgraded":1,"win_rate":0,"timestamp":1552868920,"path_taken":["M","M","M","M","?","R","M","M","T","?","E"],"build_version":"2019-01-23","purchased_purges":0,"victory":false,"max_hp_per_floor":[75,75,75,75,75,75,75,75,75,75,75],"card_choices":[{"not_picked":["Coolheaded","Stack"],"picked":"Capacitor","floor":1},{"not_picked":["Go for the Eyes","Heatsinks"],"picked":"Conserve Battery","floor":2},{"not_picked":["Rebound","Stack"],"picked":"Double Energy","floor":3},{"not_picked":["Rebound","Cold Snap"],"picked":"Barrage","floor":4},{"not_picked":["Heatsinks","Stack"],"picked":"Tempest","floor":7},{"not_picked":["Barrage","Redo"],"picked":"Conserve Battery","floor":8},{"not_picked":["Barrage","Gash"],"picked":"Core Surge","floor":10}],"player_experience":741346,"relics_obtained":[{"floor":10,"key":"Dream Catcher"}],"event_choices":[{"damage_healed":0,"gold_gain":0,"player_choice":"Grow","damage_taken":0,"max_hp_gain":0,"max_hp_loss":0,"event_name":"Living Wall","floor":5,"gold_loss":0,"cards_upgraded":["Double Energy"]},{"damage_healed":0,"gold_gain":0,"player_choice":"Searched \u00272\u0027 times","damage_taken":0,"max_hp_gain":0,"max_hp_loss":0,"event_name":"Dead Adventurer","floor":10,"gold_loss":0}],"is_beta":false,"boss_relics":[],"items_purged_floors":[],"is_endless":false,"potions_floor_spawned":[2,3,7,8,10],"killed_by":"Lagavulin","ascension_level":0}