{"gold_per_floor":[111,123,134,8,8,8,37,37,37,37,69,93,154,170,170,170],"floor_reached":16,"playtime":640,"items_purged":[],"score":236,"play_id":"72c58c17-53b3-4472-9a91-e7621d1a818b","local_time":"20190316043732","is_ascension_mode":true,"campfire_choices":[{"data":"Armaments","floor":6,"key":"SMITH"},{"data":"Pommel Strike","floor":8,"key":"SMITH"},{"data":"Bash","floor":10,"key":"SMITH"},{"data":"Inflame","floor":15,"key":"SMITH"}],"neow_cost":"NONE","seed_source_timestamp":235553991728148,"circlet_count":0,"master_deck":["AscendersBane","Strike_R","Strike_R","Strike_R","Strike_R","Strike_R","Defend_R","Defend_R","Defend_R","Defend_R","Bash+1","Shockwave","Metallicize","Armaments+1","Inflame+1","Reckless Charge+1","Pommel Strike+1","Hemokinesis+1","Fiend Fire","Heavy Blade"],"relics":["Burning Blood","Bottled Flame","Gremlin Horn","Whetstone","Anchor","Tiny Chest"],"potions_floor_usage":[11],"damage_taken":[{"damage":6,"enemies":"Cultist","floor":1,"turns":3},{"damage":4,"enemies":"Jaw Worm","floor":2,"turns":4},{"damage":1,"enemies":"2 Louse","floor":3,"turns":4},{"damage":30,"enemies":"3 Sentries","floor":7,"turns":10},{"damage":30,"enemies":"Gremlin Nob","floor":11,"turns":4},{"damage":18,"enemies":"Lagavulin","floor":13,"turns":5},{"damage":1,"enemies":"Blue Slaver","floor":14,"turns":4},{"damage":28,"enemies":"Hexaghost","floor":16,"turns":7}],"seed_played":"6097066253180524934","potions_obtained":[{"floor":1,"key":"GamblersBrew"},{"floor":7,"key":"Dexterity Potion"},{"floor":14,"key":"Explosive Potion"}],"is_trial":false,"path_per_floor":["M","M","M","$","?","R","E","R","T","R","E","T","E","M","R","B"],"character_chosen":"IRONCLAD","items_purchased":["Inflame","Reckless Charge"],"campfire_rested":0,"item_purchase_floors":[4,4],"current_hp_per_floor":[75,77,82,82,82,82,58,58,58,58,34,34,22,27,27,0],"gold":170,"neow_bonus":"TEN_PERCENT_HP_BONUS","is_prod":false,"is_daily":false,"chose_seed":false,"campfire_upgraded":4,"win_rate":0,"timestamp":1552725452,"path_taken":["M","M","M","$","?","R","E","R","T","R","E","?","E","?","R","BOSS"],"build_version":"2019-01-23","purchased_purges":0,"victory":false,"max_hp_per_floor":[82,82,82,82,82,82,82,82,82,82,82,82,82,82,82,82],"card_choices":[{"not_picked":["Sword Boomerang","Havoc"],"picked":"Shockwave","floor":1},{"not_picked":["Wild Strike","Pummel"],"picked":"Metallicize","floor":2},{"not_picked":["Havoc","Iron Wave"],"picked":"Armaments","floor":3},{"not_picked":["Seeing Red","Heavy Blade"],"picked":"Pommel Strike","floor":7},{"not_picked":["Dropkick","Dual Wield"],"picked":"Hemokinesis","floor":11},{"not_picked":["Sever Soul","Headbutt"],"picked":"Fiend Fire","floor":13},{"not_picked":["Infernal Blade","True Grit"],"picked":"Heavy Blade","floor":14}],"player_experience":1160533,"relics_obtained":[{"floor":7,"key":"Bottled Flame"},{"floor":9,"key":"Gremlin Horn"},{"floor":11,"key":"Whetstone"},{"floor":12,"key":"Anchor"},{"floor":13,"key":"Tiny Chest"}],"event_choices":[{"damage_healed":0,"gold_gain":0,"player_choice":"Ignored","damage_taken":0,"max_hp_gain":0,"max_hp_loss":0,"event_name":"Liars Game","floor":5,"gold_loss":0}],"is_beta":false,"boss_relics":[],"items_purged_floors":[],"is_endless":false,"potions_floor_spawned":[1,7,14],"killed_by":"Hexaghost","ascension_level":20}