{"path_per_floor":["M","?","T","?","?","R","M","M","T","M","T","R","$","M","R","B",null,"M","?","M","T","$","R","M"],"character_chosen":"THE_SILENT","items_purchased":["Gremlin Horn","Strength Potion","Caltrops","Footwork"],"gold_per_floor":[14,189,219,219,469,469,483,501,501,516,516,516,74,92,92,169,169,182,82,98,98,60,60,77,77],"floor_reached":25,"campfire_rested":0,"playtime":856,"current_hp_per_floor":[59,59,59,64,64,64,64,64,64,61,61,61,61,59,59,41,67,59,59,31,45,45,45,46,0],"items_purged":["Doubt"],"gold":77,"score":340,"play_id":"50b77963-50f0-4b99-ab72-33977791f9f6","local_time":"20180404114034","is_prod":false,"is_daily":false,"is_ascension_mode":true,"campfire_upgraded":4,"timestamp":1522856434,"path_taken":["M","?","?","?","?","R","M","M","T","M","?","R","?","M","R","BOSS","M","?","M","?","$","R","?","E"],"build_version":"2018-03-29v2","purchased_purges":1,"victory":false,"master_deck":["Defend_G","Defend_G","Defend_G","Defend_G","Defend_G","Strike_G","Strike_G","Strike_G","Strike_G","Strike_G","Survivor","Neutralize","AscendersBane","Glass Knife+1","Dash","Regret","Poisoned Stab","Dodge and Roll","Flechettes+1","Caltrops+1","Envenom+1","Infinite Blades","J.A.X.","Caltrops","Footwork","Adrenaline"],"max_hp_per_floor":[70,70,70,75,75,75,75,75,75,75,75,75,75,75,75,75,75,75,75,75,89,89,89,89,89],"relics":["Ring of the Snake","Tiny Chest","Gambling Chip","Art of War","Gremlin Horn","Philosopher\u0027s Stone","Mango"],"card_choices":[{"not_picked":["Phantasmal Killer","Envenom"],"picked":"Glass Knife","floor":0},{"not_picked":["Dodge and Roll","Flechettes"],"picked":"Dash","floor":1},{"not_picked":["Eviscerate","Prepared"],"picked":"Poisoned Stab","floor":7},{"not_picked":["Masterful Stab","Cloak And Dagger"],"picked":"Dodge and Roll","floor":8},{"not_picked":["Deadly Poison","Accuracy"],"picked":"Flechettes","floor":10},{"not_picked":["Unload","Glass Knife"],"picked":"Envenom","floor":16},{"not_picked":["Setup","Accuracy"],"picked":"Infinite Blades","floor":18},{"not_picked":["PiercingWail","Slice"],"picked":"Caltrops","floor":20},{"not_picked":["Deadly Poison","Expertise"],"picked":"Adrenaline","floor":24}],"player_experience":666260,"potions_floor_usage":[16,16,16,24,25],"damage_taken":[{"damage":4,"enemies":"Small Slimes","floor":1,"turns":4},{"damage":0,"enemies":"2 Louse","floor":7,"turns":2},{"damage":0,"enemies":"Cultist","floor":8,"turns":2},{"damage":3,"enemies":"Exordium Wildlife","floor":10,"turns":2},{"damage":2,"enemies":"Large Slime","floor":14,"turns":5},{"damage":18,"enemies":"The Guardian","floor":16,"turns":11},{"damage":8,"enemies":"Spheric Guardian","floor":18,"turns":3},{"damage":28,"enemies":"3 Byrds","floor":20,"turns":1},{"damage":11,"enemies":"Snecko","floor":24,"turns":5},{"damage":71,"enemies":"Slavers","floor":25,"turns":3}],"event_choices":[{"event_name":"Liars Game","player_choice":"agreed","floor":2,"damage_taken":0},{"event_name":"Big Fish","player_choice":"Donut","floor":4,"damage_taken":0},{"event_name":"Golden Shrine","player_choice":"Desecrate","floor":5,"damage_taken":0},{"event_name":"Drug Dealer","player_choice":"Got JAXXED","floor":19,"damage_taken":0}],"boss_relics":[{"not_picked":["Cursed Key","Lizard Tail"],"picked":"Philosopher\u0027s Stone"}],"potions_floor_spawned":[1,10,14,18,24],"seed_played":"-5451226979591397040","killed_by":"Slavers","ascension_level":13,"is_trial":false}