{"path_per_floor":["M","M","?","M","M","R","T","R","T","M","$","M","R","?","R","B",null,"M","?","?","?","$","R","M","M","T","?","?","M","R","M","R"],"character_chosen":"IRONCLAD","items_purchased":["Metallicize","True Grit"],"gold_per_floor":[18,28,28,45,58,58,135,135,135,151,5,17,17,17,17,113,113,126,126,126,126,73,73,85,100,100,100,25,44,44,62,62],"floor_reached":33,"campfire_rested":1,"playtime":1129,"current_hp_per_floor":[64,65,58,64,63,63,63,63,63,44,44,48,48,74,74,49,72,62,46,46,46,46,46,37,33,33,33,33,40,40,42,68],"items_purged":["Perfected Strike"],"gold":62,"score":344,"play_id":"44fd2c4d-a42f-4c4e-a149-970a07599b45","local_time":"20180313202349","is_prod":false,"is_daily":false,"is_ascension_mode":true,"campfire_upgraded":6,"timestamp":1520987029,"path_taken":["M","M","?","M","M","R","?","R","T","?","?","?","R","?","R","BOSS","M","?","?","?","$","R","?","M","T","?","?","M","R","M","R","BOSS"],"build_version":"2018-03-09","purchased_purges":2,"victory":false,"master_deck":["Strike_R","Strike_R","Defend_R","Defend_R","Defend_R","Bash+1","Clothesline+1","Hemokinesis+1","Clash","Juggernaut+1","Metallicize+1","Hemokinesis+1","Feed+1","Body Slam+1","Necronomicurse","True Grit+1","Decay","Sword Boomerang+1"],"max_hp_per_floor":[80,80,80,80,80,80,80,80,80,80,80,80,80,80,80,80,80,80,80,80,80,80,80,80,80,80,80,80,84,84,88,88],"relics":["Black Blood","Molten Egg 2","Du-Vu Doll","Necronomicon","Paper Frog","Toolbox"],"card_choices":[{"not_picked":["Heavy Blade","Body Slam"],"picked":"Perfected Strike"},{"not_picked":["Armaments","Thunderclap"],"picked":"Clothesline"},{"not_picked":["Shrug It Off","Combust"],"picked":"Hemokinesis"},{"not_picked":["Sword Boomerang","Shrug It Off"],"picked":"Clash"},{"not_picked":["Anger","Iron Wave"],"picked":"Juggernaut"},{"not_picked":["Shrug It Off","Pommel Strike"],"picked":"Hemokinesis"},{"not_picked":["Demon Form","Juggernaut"],"picked":"Feed"},{"not_picked":["Clash","Shrug It Off"],"picked":"Body Slam"},{"not_picked":["Armaments","Twin Strike"],"picked":"Sword Boomerang"}],"player_experience":492895,"potions_floor_usage":[10,24,33,33,33],"damage_taken":[{"damage":14,"enemies":"Jaw Worm","floor":1,"turns":5},{"damage":5,"enemies":"Small Slimes","floor":2,"turns":3},{"damage":0,"enemies":"Cultist","floor":4,"turns":3},{"damage":7,"enemies":"Exordium Thugs","floor":5,"turns":3},{"damage":25,"enemies":"Lots of Slimes","floor":10,"turns":3},{"damage":2,"enemies":"2 Fungi Beasts","floor":12,"turns":3},{"damage":31,"enemies":"Slime Boss","floor":16,"turns":10},{"damage":20,"enemies":"Spheric Guardian","floor":18,"turns":5},{"damage":19,"enemies":"Shell Parasite","floor":24,"turns":4},{"damage":14,"enemies":"Centurion and Healer","floor":25,"turns":5},{"damage":7,"enemies":"Snecko","floor":29,"turns":3},{"damage":12,"enemies":"3 Cultists","floor":31,"turns":4},{"damage":89,"enemies":"Automaton","floor":33,"turns":8}],"event_choices":[{"event_name":"Golden Wing","player_choice":"Card Removal","floor":3,"damage_taken":0},{"event_name":"Big Fish","player_choice":"Banana","floor":14,"damage_taken":0},{"event_name":"Cursed Tome","player_choice":"Obtained Book","floor":19,"damage_taken":0},{"event_name":"The Mausoleum","player_choice":"Yes","floor":20,"damage_taken":0},{"event_name":"Back to Basics","player_choice":"Elegance","floor":21,"damage_taken":0},{"event_name":"Forgotten Altar","player_choice":"Smashed Altar","floor":27,"damage_taken":0},{"event_name":"Beggar","player_choice":"Gave Gold","floor":28,"damage_taken":0}],"boss_relics":[{"not_picked":["Lizard Tail","Eternal Feather"],"picked":"Black Blood"}],"potions_floor_spawned":[2,16,18,25,31],"seed_played":"-2705506421193486648","killed_by":"Automaton","ascension_level":9,"is_trial":false}