{"gold_per_floor":[116,135,95,105,105,105,117,141,166,13,13,40,40,17,17,120,120,133,143,143,143,58,83,83],"floor_reached":24,"playtime":1098,"items_purged":[],"score":254,"play_id":"dc098d12-978f-4677-a8c0-aec7edd7558a","local_time":"20190311130904","is_ascension_mode":true,"campfire_choices":[{"data":"Hello World","floor":6,"key":"SMITH"},{"data":"Go for the Eyes","floor":13,"key":"SMITH"},{"data":"Static Discharge","floor":15,"key":"SMITH"}],"neow_cost":"NONE","seed_source_timestamp":698239051054770,"circlet_count":0,"master_deck":["Strike_B+1","Strike_B+1","Strike_B+1","Defend_B+1","Defend_B+1","Defend_B+1","Defend_B+1","Zap","Dualcast","Hello World+1","Static Discharge+1","Streamline","Redo","Go for the Eyes+1","Machine Learning","Conserve Battery","Hyperbeam","Sweeping Beam","Undo+1","Cold Snap+1"],"relics":["Cracked Core","NeowsBlessing","Odd Mushroom","DataDisk","Juzu Bracelet","Anchor","Eternal Feather","MutagenicStrength","Centennial Puzzle","Toxic Egg 2"],"potions_floor_usage":[7,8,16,19,23,23,23,23,23,24],"damage_taken":[{"damage":0,"enemies":"2 Louse","floor":1,"turns":1},{"damage":0,"enemies":"Cultist","floor":2,"turns":1},{"damage":0,"enemies":"Small Slimes","floor":4,"turns":1},{"damage":4,"enemies":"Red Slaver","floor":7,"turns":4},{"damage":18,"enemies":"The Mushroom Lair","floor":8,"turns":3},{"damage":19,"enemies":"Lagavulin","floor":12,"turns":5},{"damage":31,"enemies":"Slime Boss","floor":16,"turns":6},{"damage":4,"enemies":"3 Byrds","floor":18,"turns":3},{"damage":16,"enemies":"2 Thieves","floor":19,"turns":4},{"damage":32,"enemies":"Slavers","floor":23,"turns":3},{"damage":24,"enemies":"Shelled Parasite and Fungi","floor":24,"turns":4}],"seed_played":"609503168043135630","potions_obtained":[{"floor":3,"key":"Energy Potion"},{"floor":3,"key":"PowerPotion"},{"floor":3,"key":"Ancient Potion"},{"floor":4,"key":"Fire Potion"},{"floor":8,"key":"PowerPotion"},{"floor":16,"key":"SpeedPotion"},{"floor":18,"key":"SteroidPotion"},{"floor":19,"key":"EntropicBrew"}],"is_trial":false,"path_per_floor":["M","M","?","M","?","R","M","?","T","$","$","E","R","$","R","B",null,"M","M","?","?","?","E","M"],"character_chosen":"DEFECT","items_purchased":["Juzu Bracelet","Conserve Battery"],"campfire_rested":0,"item_purchase_floors":[10,14],"current_hp_per_floor":[75,75,75,75,75,75,71,53,53,53,53,34,34,34,34,3,75,71,55,55,55,55,23,0],"gold":83,"neow_bonus":"THREE_ENEMY_KILL","is_prod":false,"is_daily":false,"chose_seed":false,"campfire_upgraded":3,"win_rate":0,"timestamp":1552324144,"path_taken":["M","M","?","?","?","R","?","?","T","?","$","E","R","$","R","BOSS","M","M","?","?","?","E","M"],"build_version":"2019-01-23","purchased_purges":0,"victory":false,"max_hp_per_floor":[75,75,75,75,75,75,75,75,75,75,75,75,75,75,75,75,75,75,75,75,75,75,75,75],"card_choices":[{"not_picked":["Steam","Sweeping Beam"],"picked":"Hello World","floor":1},{"not_picked":["Redo","Beam Cell"],"picked":"Static Discharge","floor":2},{"not_picked":["Hologram","Stack"],"picked":"Streamline","floor":4},{"not_picked":["Leap","Steam"],"picked":"Redo","floor":7},{"not_picked":["Stack","Force Field"],"picked":"Go for the Eyes","floor":8},{"not_picked":["Blizzard","Sweeping Beam"],"picked":"Machine Learning","floor":12},{"not_picked":["Fission","Buffer"],"picked":"Hyperbeam","floor":16},{"not_picked":["Hologram+1","Barrage"],"picked":"Sweeping Beam","floor":18},{"not_picked":["Go for the Eyes","Hologram"],"picked":"Undo+1","floor":19},{"not_picked":["Conserve Battery","Beam Cell"],"picked":"Cold Snap+1","floor":23}],"player_experience":1026791,"relics_obtained":[{"floor":8,"key":"Odd Mushroom"},{"floor":9,"key":"DataDisk"},{"floor":12,"key":"Anchor"},{"floor":23,"key":"Toxic Egg 2"}],"event_choices":[{"damage_healed":0,"gold_gain":0,"player_choice":"Bought 3 Potions","damage_taken":0,"max_hp_gain":0,"max_hp_loss":0,"event_name":"The Woman in Blue","floor":3,"gold_loss":0},{"cards_removed":["Strike_B"],"damage_healed":0,"gold_gain":0,"player_choice":"Offered Basic","damage_taken":0,"max_hp_gain":0,"max_hp_loss":0,"event_name":"Bonfire Elementals","floor":5,"gold_loss":0},{"damage_healed":0,"gold_gain":0,"player_choice":"Fought Mushrooms","damage_taken":0,"max_hp_gain":0,"max_hp_loss":0,"event_name":"Mushrooms","floor":8,"gold_loss":0},{"damage_healed":0,"gold_gain":0,"player_choice":"Simplicity","damage_taken":0,"max_hp_gain":0,"max_hp_loss":0,"event_name":"Back to Basics","floor":20,"gold_loss":0,"cards_upgraded":["Strike_B","Strike_B","Strike_B","Defend_B","Defend_B","Defend_B","Defend_B"]},{"damage_healed":0,"gold_gain":0,"player_choice":"Inject Mutagens","damage_taken":0,"relics_obtained":["MutagenicStrength"],"max_hp_gain":0,"max_hp_loss":0,"event_name":"Drug Dealer","floor":21,"gold_loss":0},{"damage_healed":0,"gold_gain":0,"player_choice":"Obtained Relic","damage_taken":0,"relics_obtained":["Centennial Puzzle"],"max_hp_gain":0,"max_hp_loss":0,"event_name":"Addict","floor":22,"gold_loss":85}],"is_beta":false,"boss_relics":[{"not_picked":["Black Star","Fusion Hammer"],"picked":"Eternal Feather"}],"items_purged_floors":[],"is_endless":false,"potions_floor_spawned":[4,8,16,18,19],"killed_by":"Shelled Parasite and Fungi","ascension_level":4}