{"gold_per_floor":[116,126,146,146,164,164,184,219,244,262,297,308,308,308,308,405,405,418,343,355,375,375,410,410,439,463,476,476,391,409,409],"floor_reached":31,"playtime":1335,"items_purged":[],"score":314,"play_id":"3936379c-a1a6-4e48-97fc-731ab1557a81","local_time":"20190503005400","is_ascension_mode":false,"campfire_choices":[{"data":"Zap","floor":6.0,"key":"SMITH"},{"data":"Genetic Algorithm","floor":13.0,"key":"SMITH"},{"data":"FTL","floor":15.0,"key":"SMITH"},{"data":"Defragment","floor":24.0,"key":"SMITH"},{"data":"Defragment","floor":28,"key":"SMITH"}],"neow_cost":"NONE","seed_source_timestamp":888013158684492,"circlet_count":0,"master_deck":["Defend_B","Defend_B","Defend_B","Defend_B","Zap+1","Dualcast","FTL+1","FTL+1","Ball Lightning","Cold Snap","Coolheaded","Sweeping Beam+1","Genetic Algorithm+1","Amplify","Echo Form","Defragment+1","Hologram","Conserve Battery+1","Steam Power","Sweeping Beam","Defragment+1","Cold Snap+1"],"special_seed":0,"relics":["Cracked Core","Centennial Puzzle","Lantern","DataDisk","Coffee Dripper","Dream Catcher","Pantograph","Oddly Smooth Stone","Bag of Marbles"],"potions_floor_usage":[25,30],"damage_taken":[{"damage":0.0,"enemies":"Cultist","floor":1.0,"turns":3.0},{"damage":0.0,"enemies":"2 Louse","floor":2.0,"turns":2.0},{"damage":0.0,"enemies":"Jaw Worm","floor":3.0,"turns":3.0},{"damage":7.0,"enemies":"Blue Slaver","floor":5.0,"turns":2.0},{"damage":0.0,"enemies":"Large Slime","floor":7.0,"turns":3.0},{"damage":16.0,"enemies":"Gremlin Nob","floor":8.0,"turns":4.0},{"damage":4.0,"enemies":"Exordium Thugs","floor":10.0,"turns":3.0},{"damage":0.0,"enemies":"Lagavulin","floor":11.0,"turns":7.0},{"damage":4.0,"enemies":"Blue Slaver","floor":12.0,"turns":2.0},{"damage":9.0,"enemies":"Slime Boss","floor":16.0,"turns":6.0},{"damage":2.0,"enemies":"Shell Parasite","floor":18.0,"turns":4.0},{"damage":2.0,"enemies":"3 Byrds","floor":20.0,"turns":3.0},{"damage":1.0,"enemies":"3 Cultists","floor":21.0,"turns":4.0},{"damage":16.0,"enemies":"Book of Stabbing","floor":23.0,"turns":5.0},{"damage":32,"enemies":"Slavers","floor":25,"turns":5},{"damage":6,"enemies":"Centurion and Healer","floor":27,"turns":5},{"damage":14,"enemies":"Snake Plant","floor":30,"turns":2},{"damage":10,"enemies":"Colosseum Slavers","floor":31,"turns":1}],"seed_played":"4733923805479051714","potions_obtained":[{"floor":0.0,"key":"EntropicBrew"},{"floor":0.0,"key":"SpeedPotion"},{"floor":0.0,"key":"Strength Potion"},{"floor":3.0,"key":"Strength Potion"},{"floor":7.0,"key":"Dexterity Potion"},{"floor":10.0,"key":"AttackPotion"},{"floor":12.0,"key":"Regen Potion"},{"floor":25,"key":"FearPotion"},{"floor":27,"key":"Fruit Juice"}],"is_trial":false,"path_per_floor":["M","M","M","?","M","R","M","E","T","M","E","M","R","?","R","B",null,"M","?","M","M","?","E","R","E","T","M","R","?","M","?"],"character_chosen":"DEFECT","items_purchased":[],"campfire_rested":0,"item_purchase_floors":[],"current_hp_per_floor":[75,75,75,75,68,68,68,52,52,48,48,44,44,29,29,35,75,73,73,71,70,70,54,54,22,22,16,16,16,7,0],"gold":409,"neow_bonus":"THREE_SMALL_POTIONS","is_prod":false,"is_daily":false,"chose_seed":false,"campfire_upgraded":5,"win_rate":0,"timestamp":1556859240,"path_taken":["M","?","M","?","M","R","M","E","T","?","E","M","R","?","R","BOSS","M","?","M","M","?","E","R","E","T","M","R","?","?","?"],"build_version":"2019-01-23","purchased_purges":0,"victory":false,"max_hp_per_floor":[75,75,75,75,75,75,75,75,75,75,75,75,75,75,75,75,75,75,75,75,75,75,75,75,75,75,75,75,75,80,80],"card_choices":[{"not_picked":["Fusion","Turbo"],"picked":"FTL","floor":1.0},{"not_picked":["Darkness","Reboot"],"picked":"FTL","floor":2.0},{"not_picked":["Turbo","Conserve Battery"],"picked":"Ball Lightning","floor":3.0},{"not_picked":["Tempest","Chill"],"picked":"Cold Snap","floor":5.0},{"not_picked":["Rebound","Gash"],"picked":"Coolheaded","floor":7.0},{"not_picked":["Streamline","Darkness"],"picked":"Sweeping Beam","floor":8.0},{"not_picked":["Chaos","Ball Lightning"],"picked":"Genetic Algorithm","floor":10.0},{"not_picked":["Rip and Tear","Turbo"],"picked":"Amplify","floor":11.0},{"not_picked":["Consume","Redo","Beam Cell"],"picked":"SKIP","floor":12.0},{"not_picked":["Fission","Machine Learning"],"picked":"Echo Form","floor":16.0},{"not_picked":["Gash","Redo+1"],"picked":"Defragment","floor":18.0},{"not_picked":["Leap","Beam Cell+1"],"picked":"Hologram","floor":20.0},{"not_picked":["Blizzard","Darkness"],"picked":"Conserve Battery+1","floor":21.0},{"not_picked":["Hologram","Gash"],"picked":"Defragment","floor":23.0},{"not_picked":["Steam Power","Echo Form","Consume"],"picked":"SKIP","floor":25},{"not_picked":["Steam","Darkness"],"picked":"Cold Snap+1","floor":27},{"not_picked":["Conserve Battery","Rebound","Cold Snap"],"picked":"SKIP","floor":30}],"player_experience":2280341,"relics_obtained":[{"floor":8.0,"key":"Centennial Puzzle"},{"floor":9.0,"key":"Lantern"},{"floor":11.0,"key":"DataDisk"},{"floor":23.0,"key":"Dream Catcher"},{"floor":25,"key":"Pantograph"},{"floor":26,"key":"Oddly Smooth Stone"}],"event_choices":[{"cards_removed":["Strike_B"],"damage_healed":0.0,"max_hp_gain":0.0,"max_hp_loss":0.0,"gold_gain":0.0,"event_name":"Wheel of Change","player_choice":"Card Removal","floor":4.0,"gold_loss":0.0,"damage_taken":0.0},{"damage_healed":0.0,"max_hp_gain":0.0,"max_hp_loss":0.0,"gold_gain":0.0,"event_name":"Shining Light","player_choice":"Entered Light","floor":14.0,"gold_loss":0.0,"damage_taken":15.0,"cards_upgraded":["FTL","Sweeping Beam"]},{"cards_removed":["Strike_B"],"damage_healed":0.0,"max_hp_gain":0.0,"max_hp_loss":0.0,"gold_gain":0.0,"event_name":"Beggar","player_choice":"Gave Gold","floor":19.0,"gold_loss":75.0,"damage_taken":0.0},{"damage_healed":0.0,"max_hp_gain":0.0,"max_hp_loss":0.0,"gold_gain":0.0,"cards_transformed":["Strike_B","Strike_B"],"event_name":"Drug Dealer","player_choice":"Became Test Subject","floor":22.0,"gold_loss":0.0,"damage_taken":0.0,"cards_obtained":["Steam Power","Sweeping Beam"]},{"damage_healed":0,"gold_gain":0,"player_choice":"Obtained Relic","damage_taken":0,"relics_obtained":["Bag of Marbles"],"max_hp_gain":0,"max_hp_loss":0,"event_name":"Addict","floor":29,"gold_loss":85},{"damage_healed":0,"gold_gain":0,"player_choice":"Fight","damage_taken":0,"max_hp_gain":0,"max_hp_loss":0,"event_name":"Colosseum","floor":31,"gold_loss":0}],"is_beta":false,"boss_relics":[{"not_picked":["Orrery","Empty Cage"],"picked":"Coffee Dripper"}],"items_purged_floors":[],"is_endless":false,"potions_floor_spawned":[3,7,10,12,25,27],"killed_by":"Colosseum Slavers","ascension_level":0}