{"gold_per_floor":[112,125,125,125,138,138,164,164,236,236,236,236,236,253,253,330,330,341,341],"floor_reached":19,"playtime":376,"items_purged":[],"score":330,"play_id":"bb89d8d1-9482-4d2e-ac47-09e67040cdae","local_time":"20190207233706","is_ascension_mode":true,"campfire_choices":[{"data":"Zap","floor":6,"key":"SMITH"},{"data":"Compile Driver","floor":8,"key":"SMITH"},{"data":"Conserve Battery","floor":10,"key":"SMITH"},{"data":"Sweeping Beam","floor":12,"key":"SMITH"},{"floor":15,"key":"REST"}],"neow_cost":"NONE","seed_source_timestamp":389413062234106,"circlet_count":0,"master_deck":["AscendersBane","Strike_B","Strike_B","Strike_B","Defend_B","Defend_B","Defend_B","Defend_B","Zap+1","Dualcast","Sweeping Beam+1","Conserve Battery+1","Compile Driver+1","Streamline","Creative AI","Conserve Battery"],"relics":["Cracked Core","NeowsBlessing","Bronze Scales","Mummified Hand","Busted Crown"],"potions_floor_usage":[7,16,19,19],"damage_taken":[{"damage":0,"enemies":"Cultist","floor":1,"turns":1},{"damage":0,"enemies":"Small Slimes","floor":2,"turns":1},{"damage":0,"enemies":"Jaw Worm","floor":5,"turns":1},{"damage":31,"enemies":"Gremlin Nob","floor":7,"turns":4},{"damage":6,"enemies":"3 Louse","floor":14,"turns":3},{"damage":36,"enemies":"Slime Boss","floor":16,"turns":10},{"damage":24,"enemies":"2 Thieves","floor":18,"turns":3},{"damage":45,"enemies":"Masked Bandits","floor":19,"turns":3}],"seed_played":"-583223533371298240","potions_obtained":[{"floor":2,"key":"Strength Potion"},{"floor":14,"key":"Strength Potion"},{"floor":16,"key":"Weak Potion"},{"floor":18,"key":"Block Potion"}],"is_trial":false,"path_per_floor":["M","M","?","$","M","R","E","R","T","R","$","R","?","M","R","B",null,"M","?"],"character_chosen":"DEFECT","items_purchased":[],"campfire_rested":1,"item_purchase_floors":[],"current_hp_per_floor":[64,64,64,64,64,64,33,33,33,33,33,33,33,27,48,12,56,32,0],"gold":341,"neow_bonus":"THREE_ENEMY_KILL","is_prod":false,"is_daily":false,"chose_seed":false,"campfire_upgraded":4,"win_rate":0,"timestamp":1549607826,"path_taken":["M","M","?","?","M","R","E","R","T","R","$","R","?","?","R","BOSS","M","?"],"build_version":"2019-02-06","purchased_purges":0,"victory":false,"max_hp_per_floor":[71,71,71,71,71,71,71,71,71,71,71,71,71,71,71,71,71,71,71],"card_choices":[{"not_picked":["Self Repair","Steam"],"picked":"Sweeping Beam","floor":1},{"not_picked":["Double Energy","Turbo"],"picked":"Conserve Battery","floor":2},{"not_picked":["Double Energy","Aggregate","Scrape"],"picked":"SKIP","floor":5},{"not_picked":["Turbo","Steam"],"picked":"Compile Driver","floor":7},{"not_picked":["Rebound","Redo"],"picked":"Streamline","floor":14},{"not_picked":["Seek","Core Surge"],"picked":"Creative AI","floor":16},{"not_picked":[],"picked":"Conserve Battery","floor":18}],"player_experience":1077214,"relics_obtained":[{"floor":7,"key":"Bronze Scales"},{"floor":9,"key":"Mummified Hand"}],"event_choices":[{"cards_removed":["Strike_B"],"damage_healed":0,"gold_gain":0,"player_choice":"Offered Basic","damage_taken":0,"max_hp_gain":0,"max_hp_loss":0,"event_name":"Bonfire Elementals","floor":3,"gold_loss":0},{"damage_healed":0,"gold_gain":0,"player_choice":"Ignored","damage_taken":0,"max_hp_gain":0,"max_hp_loss":0,"event_name":"Liars Game","floor":13,"gold_loss":0},{"damage_healed":0,"gold_gain":0,"player_choice":"Fought Bandits","damage_taken":0,"max_hp_gain":0,"max_hp_loss":0,"event_name":"Masked Bandits","floor":19,"gold_loss":0}],"is_beta":true,"boss_relics":[{"not_picked":["Lizard Tail","FrozenCore"],"picked":"Busted Crown"}],"items_purged_floors":[],"is_endless":false,"potions_floor_spawned":[2,14,16,18],"killed_by":"Masked Bandits","ascension_level":20}