{"gold_per_floor":[113,113,113,125,125,157,157,183,237,237],"floor_reached":10,"playtime":413,"items_purged":[],"score":89,"play_id":"8a9e7dd2-e185-4974-9b2f-5c1e0cc4ab0c","local_time":"20190311110341","is_ascension_mode":true,"campfire_choices":[{"data":"Chill","floor":7,"key":"SMITH"}],"neow_cost":"NONE","seed_source_timestamp":691404220435000,"circlet_count":0,"master_deck":["Strike_B","Strike_B","Strike_B","Defend_B","Defend_B","Defend_B","Defend_B","Zap+1","Dualcast","Ball Lightning","Ball Lightning","Chill+1","Cold Snap"],"relics":["Cracked Core","Art of War","Dodecahedron","Pear","Regal Pillow"],"potions_floor_usage":[4,8],"damage_taken":[{"damage":10,"enemies":"Small Slimes","floor":1,"turns":3},{"damage":0,"enemies":"Jaw Worm","floor":4,"turns":2},{"damage":35,"enemies":"3 Sentries","floor":6,"turns":5},{"damage":24,"enemies":"Gremlin Nob","floor":8,"turns":4},{"damage":16,"enemies":"3 Sentries","floor":10,"turns":4}],"seed_played":"-2003684668487676653","potions_obtained":[{"floor":1,"key":"SkillPotion"},{"floor":6,"key":"SkillPotion"}],"is_trial":false,"path_per_floor":["M","?","?","M","?","E","R","E","T","E"],"character_chosen":"DEFECT","items_purchased":[],"campfire_rested":0,"item_purchase_floors":[],"current_hp_per_floor":[65,62,62,62,62,27,27,13,13,0],"gold":237,"neow_bonus":"UPGRADE_CARD","is_prod":false,"is_daily":false,"chose_seed":false,"campfire_upgraded":1,"win_rate":0,"timestamp":1552316621,"path_taken":["M","?","?","?","?","E","R","E","T","E"],"build_version":"2019-01-23","purchased_purges":0,"victory":false,"max_hp_per_floor":[75,75,75,75,75,75,75,85,85,85],"card_choices":[{"not_picked":["Leap","Coolheaded"],"picked":"Ball Lightning","floor":1},{"not_picked":["Gash","Aggregate"],"picked":"Ball Lightning","floor":4},{"not_picked":["Scrape","Rip and Tear"],"picked":"Chill","floor":6},{"not_picked":["Aggregate","Conserve Battery"],"picked":"Cold Snap","floor":8}],"player_experience":1026378,"relics_obtained":[{"floor":6,"key":"Dodecahedron"},{"floor":8,"key":"Pear"},{"floor":9,"key":"Regal Pillow"}],"event_choices":[{"damage_healed":0,"gold_gain":0,"player_choice":"Success","damage_taken":3,"relics_obtained":["Art of War"],"max_hp_gain":0,"max_hp_loss":0,"event_name":"Scrap Ooze","floor":2,"gold_loss":0},{"cards_removed":["Strike_B"],"damage_healed":0,"gold_gain":0,"player_choice":"Purged","damage_taken":0,"max_hp_gain":0,"max_hp_loss":0,"event_name":"Purifier","floor":3,"gold_loss":0},{"damage_healed":0,"gold_gain":0,"player_choice":"Ignored","damage_taken":0,"max_hp_gain":0,"max_hp_loss":0,"event_name":"Liars Game","floor":5,"gold_loss":0}],"is_beta":false,"boss_relics":[],"items_purged_floors":[],"is_endless":false,"potions_floor_spawned":[1,6],"killed_by":"3 Sentries","ascension_level":4}