{"gold_per_floor":[117,163,177,177,188,188,206,5,5,21,21,38,38,73,73,146,146,162,212,212,231,251,279,6,6,6,106,135,135,150,176,176,254,254,272,286,304,45,45,45,77,77,77,109,109,128,128,156,156,156,156,156,156,23,51,51],"floor_reached":57,"playtime":4304,"items_purged":["Strike_R","Strike_R"],"score":3246,"play_id":"fe611738-7bf8-4bda-b9b9-940729d42635","local_time":"20190427175752","is_ascension_mode":true,"campfire_choices":[{"data":"Bash","floor":11.0,"key":"SMITH"},{"data":"Anger","floor":13.0,"key":"SMITH"},{"data":"Whirlwind","floor":15.0,"key":"SMITH"},{"floor":25.0,"key":"REST"},{"floor":32.0,"key":"RECALL"},{"floor":40.0,"key":"REST"},{"floor":42.0,"key":"REST"},{"floor":47.0,"key":"REST"},{"floor":49.0,"key":"REST"},{"floor":53.0,"key":"REST"}],"neow_cost":"NONE","seed_source_timestamp":0,"circlet_count":0,"master_deck":["AscendersBane","Strike_R","Defend_R","Defend_R","Defend_R","Defend_R","Bash+1","Flame Barrier","Shrug It Off","Wild Strike","Battle Trance","Barricade","Corruption","Entrench","Anger+1","Thunderclap","Feel No Pain","Whirlwind+1","Offering","Spot Weakness+1","Impervious+1","Blind+1","Thunderclap+1","Double Tap+1","Sword Boomerang","Demon Form","Feel No Pain","Shrug It Off+1","Exhume+1","Shrug It Off+1","Havoc+1","Burning Pact+1","Havoc+1","Warcry+1","Panache","Purity+1","PanicButton+1","Dual Wield+1","Armaments+1","Fiend Fire","Disarm+1","Corruption","Body Slam","Sword Boomerang"],"special_seed":0,"relics":["Burning Blood","Omamori","Bag of Preparation","Orichalcum","Incense Burner","Torii","Fusion Hammer","Toxic Egg 2","Mummified Hand","FossilizedHelix","Paper Frog","Mango","Letter Opener","Lizard Tail","Membership Card","Juzu Bracelet","Pear","Boot","Lantern","Gremlin Horn"],"potions_floor_usage":[56],"damage_taken":[{"damage":1.0,"enemies":"Cultist","floor":1.0,"turns":3.0},{"damage":5.0,"enemies":"Jaw Worm","floor":3.0,"turns":6.0},{"damage":8.0,"enemies":"Small Slimes","floor":5.0,"turns":4.0},{"damage":14.0,"enemies":"2 Fungi Beasts","floor":7.0,"turns":5.0},{"damage":1.0,"enemies":"3 Louse","floor":10.0,"turns":4.0},{"damage":12.0,"enemies":"Large Slime","floor":12.0,"turns":7.0},{"damage":0.0,"enemies":"3 Sentries","floor":14.0,"turns":10.0},{"damage":1.0,"enemies":"Slime Boss","floor":16.0,"turns":19.0},{"damage":1.0,"enemies":"Spheric Guardian","floor":18.0,"turns":6.0},{"damage":6.0,"enemies":"2 Thieves","floor":21.0,"turns":1.0},{"damage":18.0,"enemies":"Shelled Parasite and Fungi","floor":22.0,"turns":4.0},{"damage":23.0,"enemies":"Slavers","floor":23.0,"turns":4.0},{"damage":0.0,"enemies":"Colosseum Slavers","floor":27.0,"turns":3.0},{"damage":6.0,"enemies":"Colosseum Nobs","floor":27.0,"turns":2.0},{"damage":0.0,"enemies":"Book of Stabbing","floor":28.0,"turns":5.0},{"damage":0.0,"enemies":"Snake Plant","floor":30.0,"turns":4.0},{"damage":0.0,"enemies":"Gremlin Leader","floor":31.0,"turns":5.0},{"damage":18.0,"enemies":"Champ","floor":33.0,"turns":5.0},{"damage":0.0,"enemies":"3 Shapes","floor":35.0,"turns":3.0},{"damage":13.0,"enemies":"Orb Walker","floor":36.0,"turns":5.0},{"damage":0.0,"enemies":"Maw","floor":37.0,"turns":7.0},{"damage":0.0,"enemies":"Nemesis","floor":41.0,"turns":11.0},{"damage":0.0,"enemies":"Giant Head","floor":44.0,"turns":7.0},{"damage":0.0,"enemies":"Transient","floor":46.0,"turns":6.0},{"damage":0.0,"enemies":"Nemesis","floor":48.0,"turns":13.0},{"damage":1.0,"enemies":"Time Eater","floor":50.0,"turns":17.0},{"damage":18.0,"enemies":"Donu and Deca","floor":51.0,"turns":12.0},{"damage":21,"enemies":"Shield and Spear","floor":55,"turns":12},{"damage":18,"enemies":"The Heart","floor":56,"turns":7}],"seed_played":"2327345235549786468","potions_obtained":[{"floor":5.0,"key":"BloodPotion"},{"floor":12.0,"key":"BloodPotion"},{"floor":14.0,"key":"BloodPotion"},{"floor":16.0,"key":"Strength Potion"},{"floor":23.0,"key":"Strength Potion"},{"floor":27.0,"key":"SpeedPotion"},{"floor":28.0,"key":"Poison Potion"},{"floor":30.0,"key":"LiquidBronze"},{"floor":31.0,"key":"FearPotion"},{"floor":46.0,"key":"PowerPotion"}],"is_trial":false,"path_per_floor":["M","T","M","?","M","?","M","$","T","M","R","M","R","E","R","B",null,"M","?","?","M","M","E","$","R","T","?","E","?","M","E","R","B",null,"M","M","M","$","?","R","E","R","T","E","?","M","R","E","R","B","B",null,"R","$","E","B",null],"character_chosen":"IRONCLAD","items_purchased":["Entrench","Anger","Blind+1","LiquidBronze","Membership Card","Havoc+1","Warcry+1","Corruption","Lantern","Body Slam"],"campfire_rested":6,"item_purchase_floors":[8,8,24,24,38,38,38,54,54,54],"current_hp_per_floor":[73,73,74,74,72,72,64,64,64,69,69,63,63,75,75,75,75,75,75,54,62,50,33,33,57,57,63,83,83,89,94,94,82,91,94,87,93,93,83,94,94,94,94,104,104,104,104,104,104,104,92,101,104,104,89,77],"gold":51,"neow_bonus":"RANDOM_COMMON_RELIC","is_prod":false,"is_daily":false,"chose_seed":false,"campfire_upgraded":3,"win_rate":0,"timestamp":1556413072,"path_taken":["M","?","M","?","M","?","M","$","T","?","R","M","R","E","R","BOSS","M","?","?","M","M","E","$","R","T","?","E","?","M","E","R","BOSS","M","M","M","$","?","R","E","R","T","E","?","M","R","E","R","BOSS","BOSS","R","$","E","BOSS"],"build_version":"2019-04-23","purchased_purges":2,"victory":true,"max_hp_per_floor":[75,75,75,75,75,75,75,75,75,75,75,75,75,75,75,75,75,75,75,80,80,80,80,80,80,80,80,94,94,94,94,94,94,94,94,94,94,94,94,94,94,94,94,104,104,104,104,104,104,104,104,104,104,104,104,104],"card_choices":[{"not_picked":["Wild Strike","True Grit"],"picked":"Flame Barrier","floor":1.0},{"not_picked":["Flex","Body Slam"],"picked":"Shrug It Off","floor":3.0},{"not_picked":["Headbutt","Shrug It Off"],"picked":"Wild Strike","floor":5.0},{"not_picked":["Iron Wave","Combust"],"picked":"Corruption","floor":7.0},{"not_picked":["Second Wind","Anger"],"picked":"Thunderclap","floor":10.0},{"not_picked":["Juggernaut","Perfected Strike"],"picked":"Feel No Pain","floor":12.0},{"not_picked":["Flex","Seeing Red"],"picked":"Whirlwind","floor":14.0},{"not_picked":["Bludgeon","Barricade"],"picked":"Offering","floor":16.0},{"not_picked":["Iron Wave","Warcry","Cleave"],"picked":"SKIP","floor":18.0},{"not_picked":["Shrug It Off","Headbutt"],"picked":"Spot Weakness+1","floor":21.0},{"not_picked":["Armaments","Warcry","True Grit"],"picked":"SKIP","floor":22.0},{"not_picked":["Sentinel","Twin Strike+1"],"picked":"Impervious","floor":23.0},{"not_picked":["Twin Strike","Searing Blow"],"picked":"Thunderclap+1","floor":27.0},{"not_picked":["Twin Strike","Ghostly Armor+1"],"picked":"Double Tap+1","floor":28.0},{"not_picked":["Perfected Strike+1","Body Slam"],"picked":"Feel No Pain","floor":30.0},{"not_picked":["Dual Wield+1","Second Wind+1"],"picked":"Shrug It Off+1","floor":31.0},{"not_picked":["Juggernaut","Dark Embrace"],"picked":"Exhume+1","floor":33.0},{"not_picked":["Heavy Blade","Havoc+1"],"picked":"Shrug It Off+1","floor":35.0},{"not_picked":["Body Slam","Thunderclap+1"],"picked":"Havoc+1","floor":36.0},{"not_picked":["Uppercut+1","Inflame"],"picked":"Burning Pact+1","floor":37.0},{"not_picked":["Violence+1","Mind Blast"],"picked":"Panache","floor":39.0},{"not_picked":["Sadistic Nature","Dramatic Entrance"],"picked":"Purity+1","floor":39.0},{"not_picked":["Jack Of All Trades+1","Dramatic Entrance"],"picked":"PanicButton+1","floor":39.0},{"not_picked":["Heavy Blade+1","Perfected Strike"],"picked":"Dual Wield+1","floor":41.0},{"not_picked":["Headbutt","Perfected Strike"],"picked":"Armaments+1","floor":44.0},{"not_picked":["Iron Wave+1","Clash"],"picked":"Fiend Fire","floor":46.0},{"not_picked":["Clothesline","Flex+1"],"picked":"Disarm+1","floor":48.0},{"not_picked":["Anger","Bludgeon"],"picked":"Sword Boomerang","floor":55}],"player_experience":1492405,"relics_obtained":[{"floor":2.0,"key":"Bag of Preparation"},{"floor":9.0,"key":"Incense Burner"},{"floor":14.0,"key":"Torii"},{"floor":23.0,"key":"Toxic Egg 2"},{"floor":26.0,"key":"Mummified Hand"},{"floor":27.0,"key":"FossilizedHelix"},{"floor":27.0,"key":"Paper Frog"},{"floor":28.0,"key":"Mango"},{"floor":31.0,"key":"Letter Opener"},{"floor":41.0,"key":"Juzu Bracelet"},{"floor":44.0,"key":"Pear"},{"floor":48.0,"key":"Boot"},{"floor":55,"key":"Gremlin Horn"}],"event_choices":[{"damage_healed":0.0,"max_hp_gain":0.0,"max_hp_loss":0.0,"gold_gain":0.0,"event_name":"Big Fish","player_choice":"Box","floor":4.0,"gold_loss":0.0,"damage_taken":0.0,"relics_obtained":["Orichalcum"],"cards_obtained":["Regret"]},{"damage_healed":0.0,"max_hp_gain":0.0,"max_hp_loss":0.0,"gold_gain":0.0,"event_name":"Match and Keep!","player_choice":"2 cards matched","floor":6.0,"gold_loss":0.0,"damage_taken":0.0,"cards_obtained":["Battle Trance","Barricade"]},{"damage_healed":0.0,"max_hp_gain":0.0,"max_hp_loss":0.0,"gold_gain":50.0,"event_name":"Nest","player_choice":"Stole From Cult","floor":19.0,"gold_loss":0.0,"damage_taken":0.0},{"damage_healed":0.0,"max_hp_gain":5.0,"max_hp_loss":0.0,"gold_gain":0.0,"event_name":"Forgotten Altar","player_choice":"Shed Blood","floor":20.0,"gold_loss":0.0,"damage_taken":26.0},{"damage_healed":0.0,"max_hp_gain":0.0,"max_hp_loss":0.0,"gold_gain":0.0,"event_name":"Colosseum","player_choice":"Fight","floor":27.0,"gold_loss":0.0,"damage_taken":0.0},{"damage_healed":0.0,"max_hp_gain":0.0,"max_hp_loss":0.0,"gold_gain":0.0,"event_name":"Colosseum","player_choice":"Fought Nobs","floor":27.0,"gold_loss":0.0,"damage_taken":0.0},{"damage_healed":0.0,"max_hp_gain":0.0,"max_hp_loss":0.0,"gold_gain":0.0,"cards_transformed":["Strike_R","Strike_R"],"event_name":"Drug Dealer","player_choice":"Became Test Subject","floor":29.0,"gold_loss":0.0,"damage_taken":0.0,"cards_obtained":["Sword Boomerang","Demon Form"]},{"damage_healed":0.0,"max_hp_gain":0.0,"max_hp_loss":0.0,"gold_gain":0.0,"event_name":"SensoryStone","player_choice":"Memory 3","floor":39.0,"gold_loss":0.0,"damage_taken":10.0},{"damage_healed":0.0,"max_hp_gain":0.0,"max_hp_loss":0.0,"gold_gain":0.0,"event_name":"Tomb of Lord Red Mask","player_choice":"Ignored","floor":45.0,"gold_loss":0.0,"damage_taken":0.0}],"is_beta":true,"boss_relics":[{"not_picked":["Pandora\u0027s Box","Runic Dome"],"picked":"Fusion Hammer"},{"not_picked":["Eternal Feather","Runic Cube"],"picked":"Lizard Tail"}],"items_purged_floors":[8,24],"is_endless":false,"potions_floor_spawned":[5,12,14,16,18,23,27,28,30,31,36,41,46,48],"ascension_level":20}