{"gold_per_floor":[114,132,132,132,47,47,67,77,77,77,1,1,20,20,20,93,93,111,36,54,74,84,84,84,84,84,84,84,6,6,21,21,93,93,103,121,21,41,56,89,89,31,104,104,123,156,31,31,31,31],"floor_reached":50,"playtime":1686,"items_purged":["Strike_B","Pain","Writhe"],"score":1080,"play_id":"3260bf26-d959-4e55-a0d0-0898ef08a9d9","local_time":"20190104134937","is_ascension_mode":true,"campfire_choices":[{"floor":6.0,"key":"REST"},{"floor":10.0,"key":"REST"},{"data":"Defragment","floor":12.0,"key":"SMITH"},{"floor":15.0,"key":"REST"},{"data":"Defragment","floor":23.0,"key":"SMITH"},{"floor":27.0,"key":"REST"},{"floor":30.0,"key":"REST"},{"data":"Fission","floor":32.0,"key":"SMITH"},{"data":"Defragment","floor":41,"key":"SMITH"},{"floor":49,"key":"RECALL"}],"neow_cost":"NONE","seed_source_timestamp":221234898939377,"circlet_count":0,"master_deck":["AscendersBane","Strike_B","Strike_B","Strike_B","Defend_B","Defend_B","Defend_B","Defend_B+1","Zap+1","Dualcast","Sweeping Beam","Capacitor","Stack","Reboot","Ball Lightning","Defragment+1","Reinforced Body","Electrodynamics","Defragment+1","Conserve Battery","Stack","Fission+1","Defragment+1","Coolheaded","Hologram+1","Seek","Chill","Cold Snap","Conserve Battery","Buffer"],"special_seed":0,"relics":["Cracked Core","Oddly Smooth Stone","Kunai","Dream Catcher","Mummified Hand","Runic Pyramid","Enchiridion","Letter Opener","WarpedTongs","Coffee Dripper","Gremlin Horn","Symbiotic Virus"],"potions_floor_usage":[40,40],"damage_taken":[{"damage":0.0,"enemies":"2 Louse","floor":1.0,"turns":3.0},{"damage":0.0,"enemies":"Jaw Worm","floor":2.0,"turns":4.0},{"damage":0.0,"enemies":"Cultist","floor":7.0,"turns":3.0},{"damage":24.0,"enemies":"Large Slime","floor":8.0,"turns":5.0},{"damage":26.0,"enemies":"Exordium Thugs","floor":13.0,"turns":6.0},{"damage":12.0,"enemies":"The Guardian","floor":16.0,"turns":12.0},{"damage":14.0,"enemies":"Shell Parasite","floor":18.0,"turns":8.0},{"damage":0.0,"enemies":"Chosen","floor":20.0,"turns":5.0},{"damage":5.0,"enemies":"Snecko","floor":21.0,"turns":4.0},{"damage":18.0,"enemies":"Snake Plant","floor":22.0,"turns":5.0},{"damage":3.0,"enemies":"Shelled Parasite and Fungi","floor":31.0,"turns":4.0},{"damage":7.0,"enemies":"Automaton","floor":33.0,"turns":6.0},{"damage":0.0,"enemies":"3 Shapes","floor":35.0,"turns":2.0},{"damage":7.0,"enemies":"3 Darklings","floor":36.0,"turns":1.0},{"damage":0.0,"enemies":"Maw","floor":38.0,"turns":7.0},{"damage":0,"enemies":"Sphere and 2 Shapes","floor":39,"turns":3},{"damage":16,"enemies":"Reptomancer","floor":40,"turns":7},{"damage":0,"enemies":"Writhing Mass","floor":45,"turns":7},{"damage":1,"enemies":"Nemesis","floor":46,"turns":9},{"damage":66,"enemies":"Time Eater","floor":50,"turns":8}],"seed_played":"-1218469971685030937","potions_obtained":[{"floor":1.0,"key":"Block Potion"},{"floor":13.0,"key":"AttackPotion"},{"floor":20.0,"key":"AttackPotion"},{"floor":22.0,"key":"PowerPotion"},{"floor":38.0,"key":"Energy Potion"},{"floor":45,"key":"FairyPotion"}],"is_trial":false,"path_per_floor":["M","M","?","?","$","R","M","M","T","R","$","R","M","T","R","B",null,"M","$","M","M","M","R","?","$","T","R","?","$","R","M","R","B",null,"M","M","$","M","M","E","R","$","T","?","M","E","$","?","R","B"],"character_chosen":"DEFECT","items_purchased":["Capacitor","Defragment","Defragment","Conserve Battery"],"campfire_rested":5,"item_purchase_floors":[5,11,29,42],"current_hp_per_floor":[64,64,43,25,25,46,46,22,22,43,43,43,17,17,38,26,60,46,46,46,41,23,23,2,2,2,23,23,23,44,41,41,34,62,62,55,55,55,55,39,39,39,39,53,53,52,52,52,52,0],"gold":31,"neow_bonus":"RANDOM_COMMON_RELIC","is_prod":false,"is_daily":false,"chose_seed":false,"campfire_upgraded":4,"win_rate":0,"timestamp":1546634977,"path_taken":["M","M","?","?","$","R","M","M","T","R","$","R","M","?","R","BOSS","M","$","M","?","M","R","?","?","T","R","?","$","R","M","R","BOSS","M","M","$","?","M","E","R","$","T","?","M","E","$","?","R","BOSS"],"build_version":"2019-01-03v3","purchased_purges":3,"victory":false,"max_hp_per_floor":[71,71,71,71,71,71,71,71,71,71,71,71,71,71,71,71,71,71,71,71,71,71,71,71,71,71,71,71,71,71,71,71,71,71,71,71,71,71,71,71,71,71,71,71,71,71,71,71,71,71],"card_choices":[{"not_picked":["Force Field","Undo","Scrape"],"picked":"SKIP","floor":1.0},{"not_picked":["Barrage","Compile Driver"],"picked":"Sweeping Beam","floor":2.0},{"not_picked":["Sweeping Beam","Recycle"],"picked":"Stack","floor":7.0},{"not_picked":["Streamline","Gash"],"picked":"Reboot","floor":8.0},{"not_picked":["Rebound","Sweeping Beam"],"picked":"Ball Lightning","floor":10.0},{"not_picked":["Hologram","Redo"],"picked":"Reinforced Body","floor":13.0},{"not_picked":["Rainbow","Seek"],"picked":"Electrodynamics","floor":16.0},{"not_picked":["Force Field","Rebound","Beam Cell"],"picked":"SKIP","floor":18.0},{"not_picked":["Hologram","Darkness"],"picked":"Defragment","floor":20.0},{"not_picked":["Turbo","Undo"],"picked":"Conserve Battery","floor":21.0},{"not_picked":["Blizzard","Rip and Tear+1"],"picked":"Stack","floor":22.0},{"not_picked":["Turbo","Reinforced Body"],"picked":"Fission","floor":27.0},{"not_picked":["Barrage","Ball Lightning"],"picked":"Coolheaded","floor":30.0},{"not_picked":["Chaos","Rebound"],"picked":"Hologram+1","floor":31.0},{"not_picked":["Machine Learning","Thunder Strike"],"picked":"Seek","floor":33.0},{"not_picked":["Barrage","Aggregate"],"picked":"Chill","floor":35.0},{"not_picked":["Turbo","Sweeping Beam","Gash"],"picked":"SKIP","floor":36.0},{"not_picked":["Go for the Eyes","White Noise+1","Melter"],"picked":"SKIP","floor":38.0},{"not_picked":["Turbo+1","Compile Driver","Steam"],"picked":"SKIP","floor":39},{"not_picked":["Go for the Eyes","Loop"],"picked":"Cold Snap","floor":40},{"not_picked":["Rainbow","Barrage+1","Streamline"],"picked":"SKIP","floor":45},{"not_picked":["Lockon","Aggregate+1"],"picked":"Buffer","floor":46}],"player_experience":1020435,"relics_obtained":[{"floor":9.0,"key":"Dream Catcher"},{"floor":14.0,"key":"Mummified Hand"},{"floor":24.0,"key":"Enchiridion"},{"floor":26.0,"key":"Letter Opener"},{"floor":40,"key":"Gremlin Horn"},{"floor":46,"key":"Symbiotic Virus"}],"event_choices":[{"damage_healed":0.0,"max_hp_gain":0.0,"max_hp_loss":0.0,"gold_gain":0.0,"event_name":"Shining Light","player_choice":"Entered Light","floor":3.0,"gold_loss":0.0,"damage_taken":21.0,"cards_upgraded":["Zap","Defend_B"]},{"damage_healed":0.0,"max_hp_gain":0.0,"max_hp_loss":0.0,"gold_gain":0.0,"event_name":"Scrap Ooze","player_choice":"Success","floor":4.0,"gold_loss":0.0,"damage_taken":18.0,"relics_obtained":["Kunai"]},{"damage_healed":0.0,"max_hp_gain":0.0,"max_hp_loss":0.0,"gold_gain":0.0,"event_name":"Cursed Tome","player_choice":"Obtained Book","floor":24.0,"gold_loss":0.0,"damage_taken":21.0},{"damage_healed":0.0,"max_hp_gain":0.0,"max_hp_loss":0.0,"gold_gain":0.0,"event_name":"Accursed Blacksmith","player_choice":"Rummage","floor":28.0,"gold_loss":0.0,"damage_taken":0.0,"relics_obtained":["WarpedTongs"],"cards_obtained":["Pain"]},{"damage_healed":14,"gold_gain":0,"player_choice":"Writhe","damage_taken":0,"max_hp_gain":0,"max_hp_loss":0,"event_name":"Winding Halls","floor":44,"gold_loss":0,"cards_obtained":["Writhe"]},{"damage_healed":0,"gold_gain":0,"player_choice":"Memory 1","damage_taken":0,"max_hp_gain":0,"max_hp_loss":0,"event_name":"SensoryStone","floor":48,"gold_loss":0}],"is_beta":true,"boss_relics":[{"not_picked":["Pandora\u0027s Box","Black Star"],"picked":"Runic Pyramid"},{"not_picked":["Eternal Feather","Lizard Tail"],"picked":"Coffee Dripper"}],"items_purged_floors":[19,37,47],"is_endless":false,"potions_floor_spawned":[1,13,20,22,38,39,45],"killed_by":"Time Eater","ascension_level":20}