{"gold_per_floor":[112,112,112,37,52,52,69,21,21,36,36,63,63,89,89,163,163,174,174,190,190,200,200,220,220,245,170,170],"floor_reached":28,"playtime":912,"items_purged":[],"score":396,"play_id":"a624a6f2-9836-4977-8522-bd488024c798","local_time":"20181030164118","is_ascension_mode":true,"campfire_choices":[{"data":"True Grit","floor":6,"key":"SMITH"},{"data":"Demon Form","floor":11,"key":"SMITH"},{"data":"Bash","floor":13,"key":"SMITH"},{"data":"Armaments","floor":15,"key":"SMITH"},{"data":"Metallicize","floor":23,"key":"SMITH"}],"neow_cost":"NONE","seed_source_timestamp":836277554850926,"circlet_count":0,"master_deck":["Strike_R","Strike_R","Strike_R","Defend_R","Defend_R","Defend_R","Defend_R","Bash+1","AscendersBane","True Grit+1","Demon Form+1","Bash+1","Iron Wave","Exhume","Shrug It Off","Pommel Strike","Headbutt","Armaments+1","Exhume","Perfected Strike","Shrug It Off+1","Metallicize+1","Shockwave"],"relics":["Burning Blood","Meat on the Bone","Ginger","Boot","Snecko Eye","Unceasing Top","Juzu Bracelet"],"potions_floor_usage":[14,18,25],"damage_taken":[{"damage":11,"enemies":"Cultist","floor":1,"turns":4},{"damage":12,"enemies":"Jaw Worm","floor":5,"turns":4},{"damage":0,"enemies":"2 Louse","floor":7,"turns":4},{"damage":31,"enemies":"Large Slime","floor":10,"turns":9},{"damage":20,"enemies":"Lagavulin","floor":12,"turns":7},{"damage":35,"enemies":"Gremlin Nob","floor":14,"turns":4},{"damage":21,"enemies":"The Guardian","floor":16,"turns":10},{"damage":1,"enemies":"2 Thieves","floor":18,"turns":4},{"damage":10,"enemies":"Shell Parasite","floor":20,"turns":6},{"damage":19,"enemies":"Cultist and Chosen","floor":22,"turns":6},{"damage":44,"enemies":"Shelled Parasite and Fungi","floor":24,"turns":5},{"damage":26,"enemies":"Colosseum Slavers","floor":25,"turns":5},{"damage":26,"enemies":"Gremlin Leader","floor":28,"turns":5}],"seed_played":"-2018338963297901830","potions_obtained":[{"floor":1,"key":"PowerPotion"},{"floor":14,"key":"Fire Potion"},{"floor":16,"key":"FearPotion"},{"floor":18,"key":"FairyPotion"}],"is_trial":false,"path_per_floor":["M","?","?","?","M","R","M","$","T","M","R","E","R","E","R","B",null,"M","?","M","?","M","R","M","?","T","?"],"character_chosen":"IRONCLAD","items_purchased":["Shrug It Off"],"campfire_rested":0,"item_purchase_floors":[8],"current_hp_per_floor":[63,63,63,63,57,57,63,63,63,50,50,48,48,31,31,28,63,68,68,64,64,51,51,25,25,25,25,0],"gold":170,"neow_bonus":"REMOVE_CARD","is_prod":false,"is_daily":false,"chose_seed":false,"campfire_upgraded":5,"win_rate":0,"timestamp":1540942878,"path_taken":["M","?","?","?","?","R","M","?","T","?","R","E","R","E","R","BOSS","M","?","M","?","M","R","M","?","T","?","E"],"build_version":"2018-10-29v2","purchased_purges":0,"victory":false,"max_hp_per_floor":[75,75,75,75,75,75,75,75,75,75,75,75,75,75,75,75,75,75,75,75,75,75,75,75,75,75,75,75],"card_choices":[{"not_picked":["Burning Pact","Thunderclap"],"picked":"True Grit","floor":1},{"not_picked":["Thunderclap","Sword Boomerang"],"picked":"Iron Wave","floor":5},{"not_picked":["Sentinel","Body Slam"],"picked":"Exhume","floor":7},{"not_picked":["Burning Pact","Anger"],"picked":"Pommel Strike","floor":10},{"not_picked":["Thunderclap","Perfected Strike"],"picked":"Headbutt","floor":12},{"not_picked":["Twin Strike","Flame Barrier"],"picked":"Armaments","floor":14},{"not_picked":["Juggernaut","Fiend Fire"],"picked":"Exhume","floor":16},{"not_picked":["Sword Boomerang","Warcry"],"picked":"Perfected Strike","floor":18},{"not_picked":["Clash","Thunderclap"],"picked":"Shrug It Off+1","floor":20},{"not_picked":["Sword Boomerang","Warcry"],"picked":"Metallicize","floor":22},{"not_picked":["Cleave","Iron Wave"],"picked":"Shockwave","floor":24}],"player_experience":946463,"relics_obtained":[{"floor":9,"key":"Meat on the Bone"},{"floor":12,"key":"Ginger"},{"floor":14,"key":"Boot"},{"floor":19,"key":"Unceasing Top"},{"floor":26,"key":"Juzu Bracelet"}],"event_choices":[{"damage_healed":0,"gold_gain":0,"player_choice":"2 cards matched","damage_taken":0,"max_hp_gain":0,"max_hp_loss":0,"event_name":"Match and Keep!","floor":2,"gold_loss":0,"cards_obtained":["Demon Form","Bash"]},{"damage_healed":0,"gold_gain":0,"player_choice":"Forge","damage_taken":0,"max_hp_gain":0,"max_hp_loss":0,"event_name":"Accursed Blacksmith","floor":3,"gold_loss":0,"cards_upgraded":["Bash"]},{"cards_removed":["Strike_R"],"damage_healed":0,"gold_gain":0,"player_choice":"Card Removal","damage_taken":0,"max_hp_gain":0,"max_hp_loss":0,"event_name":"The Cleric","floor":4,"gold_loss":75},{"damage_healed":0,"gold_gain":0,"player_choice":"Relic","damage_taken":0,"max_hp_gain":0,"max_hp_loss":0,"event_name":"Wheel of Change","floor":19,"gold_loss":0},{"damage_healed":0,"gold_gain":0,"player_choice":"Smashed Altar","damage_taken":0,"max_hp_gain":0,"max_hp_loss":0,"event_name":"Forgotten Altar","floor":21,"gold_loss":0,"cards_obtained":["Decay"]},{"damage_healed":0,"gold_gain":0,"player_choice":"Fight","damage_taken":0,"max_hp_gain":0,"max_hp_loss":0,"event_name":"Colosseum","floor":25,"gold_loss":0},{"damage_healed":0,"gold_gain":0,"player_choice":"Fled From Nobs","damage_taken":0,"max_hp_gain":0,"max_hp_loss":0,"event_name":"Colosseum","floor":25,"gold_loss":0},{"cards_removed":["Decay"],"damage_healed":0,"gold_gain":0,"player_choice":"Gave Gold","damage_taken":0,"max_hp_gain":0,"max_hp_loss":0,"event_name":"Beggar","floor":27,"gold_loss":75}],"is_beta":true,"boss_relics":[{"not_picked":["Pandora\u0027s Box","Philosopher\u0027s Stone"],"picked":"Snecko Eye"}],"items_purged_floors":[],"is_endless":false,"potions_floor_spawned":[1,14,16,18,22],"killed_by":"Gremlin Leader","ascension_level":15}