{"gold_per_floor":[110,24,39,49,64,89,89,89,114,147,158,15,33,108,108,204,204,222,222,240,190,200,232,106,106,132,132,194,211,227,247,247,345,345,355,93,107,19,31,59,59,77,132,142,224,252,68,68,68,68],"floor_reached":51,"playtime":12242,"items_purged":["Scrape","Strike_B","Steam Power"],"score":759,"play_id":"6dd63d27-705d-4bd1-b7a2-ef52983fd984","local_time":"20190419235344","is_ascension_mode":false,"campfire_choices":[{"data":"Self Repair","floor":7.0,"key":"SMITH"},{"data":"Buffer","floor":15.0,"key":"SMITH"},{"floor":25.0,"key":"REST"},{"floor":27.0,"key":"REST"},{"data":"Loop","floor":32.0,"key":"SMITH"},{"data":"Defragment","floor":41.0,"key":"SMITH"},{"floor":49,"key":"REST"}],"neow_cost":"NONE","seed_source_timestamp":0,"circlet_count":0,"master_deck":["Strike_B","Defend_B","Defend_B","Defend_B","Zap","Dualcast","Self Repair+1","Conserve Battery","Chill","Ball Lightning","Auto Shields","Loop+1","Defragment+1","Doom and Gloom","Buffer+1","Buffer","Sweeping Beam+1","Fusion","Coolheaded","Amplify+1","Stack+1","Conserve Battery+1","Aggregate+1","Auto Shields+1","Fusion+1","Amplify+1","Loop","White Noise+1","Darkness+1","Leap+1","Self Repair","Stack+1","Electrodynamics","Defragment","Doom and Gloom+1","Force Field+1","Defragment"],"special_seed":0,"relics":["Cracked Core","Juzu Bracelet","Orichalcum","PreservedInsect","Runic Pyramid","Toxic Egg 2","Happy Flower","Tiny Chest","Empty Cage","Torii","Ancient Tea Set","Mummified Hand","Shuriken","Oddly Smooth Stone"],"potions_floor_usage":[50],"damage_taken":[{"damage":1.0,"enemies":"Jaw Worm","floor":1.0,"turns":3.0},{"damage":4.0,"enemies":"Cultist","floor":3.0,"turns":4.0},{"damage":1.0,"enemies":"2 Louse","floor":4.0,"turns":2.0},{"damage":4.0,"enemies":"2 Fungi Beasts","floor":5.0,"turns":3.0},{"damage":20.0,"enemies":"3 Sentries","floor":6.0,"turns":8.0},{"damage":14.0,"enemies":"Lagavulin","floor":10.0,"turns":7.0},{"damage":9.0,"enemies":"Lots of Slimes","floor":11.0,"turns":5.0},{"damage":0.0,"enemies":"Exordium Wildlife","floor":13.0,"turns":6.0},{"damage":24.0,"enemies":"The Guardian","floor":16.0,"turns":10.0},{"damage":10.0,"enemies":"3 Byrds","floor":18.0,"turns":6.0},{"damage":11.0,"enemies":"Spheric Guardian","floor":20.0,"turns":5.0},{"damage":30.0,"enemies":"Centurion and Healer","floor":22.0,"turns":9.0},{"damage":41.0,"enemies":"Book of Stabbing","floor":23.0,"turns":7.0},{"damage":37.0,"enemies":"Slavers","floor":28.0,"turns":9.0},{"damage":27.0,"enemies":"Snake Plant","floor":29.0,"turns":6.0},{"damage":3.0,"enemies":"Chosen and Byrds","floor":30.0,"turns":7.0},{"damage":0.0,"enemies":"Centurion and Healer","floor":31.0,"turns":8.0},{"damage":10.0,"enemies":"Champ","floor":33.0,"turns":15.0},{"damage":8.0,"enemies":"Orb Walker","floor":35.0,"turns":5.0},{"damage":29.0,"enemies":"3 Darklings","floor":37.0,"turns":6.0},{"damage":21.0,"enemies":"Jaw Worm Horde","floor":39.0,"turns":8.0},{"damage":7.0,"enemies":"Giant Head","floor":40.0,"turns":12.0},{"damage":2.0,"enemies":"Sphere and 2 Shapes","floor":42.0,"turns":5.0},{"damage":0,"enemies":"4 Shapes","floor":44,"turns":8},{"damage":70,"enemies":"Reptomancer","floor":46,"turns":5},{"damage":28,"enemies":"Time Eater","floor":50,"turns":15}],"seed_played":"8736237942842142293","potions_obtained":[{"floor":1.0,"key":"SpeedPotion"},{"floor":4.0,"key":"Poison Potion"},{"floor":5.0,"key":"Energy Potion"},{"floor":10.0,"key":"FairyPotion"},{"floor":16.0,"key":"FocusPotion"},{"floor":20.0,"key":"Fire Potion"},{"floor":22.0,"key":"Fire Potion"},{"floor":28.0,"key":"Block Potion"},{"floor":30.0,"key":"Weak Potion"},{"floor":33.0,"key":"Fire Potion"},{"floor":39.0,"key":"SpeedPotion"},{"floor":40.0,"key":"Swift Potion"},{"floor":46,"key":"EssenceOfSteel"}],"is_trial":false,"path_per_floor":["M","$","M","M","M","E","R","?","T","E","M","$","M","?","R","B",null,"M","?","M","?","M","E","$","R","T","R","E","M","M","M","R","B",null,"M","$","M","$","M","E","R","M","T","M","T","E","$","?","R","B",null],"character_chosen":"DEFECT","items_purchased":["Self Repair","Conserve Battery","Doom and Gloom","Stack+1","Loop","White Noise+1","Leap+1","Self Repair","Oddly Smooth Stone","Defragment"],"campfire_rested":3,"item_purchase_floors":[2,2,12,24,36,36,38,38,47,47],"current_hp_per_floor":[81,81,82,81,82,69,69,69,69,65,66,66,76,65,65,51,82,82,82,81,81,61,30,30,54,54,78,51,44,61,71,71,71,82,82,82,63,63,66,82,82,80,80,82,82,22,22,22,46,35],"gold":68,"neow_bonus":"TEN_PERCENT_HP_BONUS","is_prod":false,"is_daily":false,"chose_seed":false,"campfire_upgraded":4,"win_rate":0.0,"timestamp":1555710824,"path_taken":["M","$","M","M","M","E","R","?","T","E","M","$","M","?","R","BOSS","M","?","M","?","M","E","$","R","T","R","E","M","M","M","R","BOSS","M","$","M","?","M","E","R","M","T","M","?","E","$","?","R","BOSS"],"build_version":"2019-01-23","purchased_purges":3,"victory":true,"max_hp_per_floor":[82,82,82,82,82,82,82,82,82,82,82,82,82,82,82,82,82,82,82,82,82,82,82,82,82,82,82,82,82,82,82,82,82,82,82,82,82,82,82,82,82,82,82,82,82,82,82,82,82,82],"card_choices":[{"not_picked":["Cold Snap","Ball Lightning"],"picked":"Scrape","floor":1.0},{"not_picked":["Ball Lightning","Stack"],"picked":"Chill","floor":3.0},{"not_picked":["Stack","Go for the Eyes"],"picked":"Ball Lightning","floor":4.0},{"not_picked":["Chill","Coolheaded"],"picked":"Auto Shields","floor":5.0},{"not_picked":["Go for the Eyes","Beam Cell"],"picked":"Loop","floor":6.0},{"not_picked":["Static Discharge","Stack"],"picked":"Defragment","floor":10.0},{"not_picked":["Gash","Heatsinks"],"picked":"Steam Power","floor":11.0},{"not_picked":["Go for the Eyes","Melter"],"picked":"Buffer","floor":13.0},{"not_picked":["Seek","Fission"],"picked":"Buffer","floor":16.0},{"not_picked":["Beam Cell","Redo"],"picked":"Sweeping Beam+1","floor":18.0},{"not_picked":["Coolheaded","Sweeping Beam","Leap"],"picked":"SKIP","floor":20.0},{"not_picked":["Go for the Eyes","Redo+1"],"picked":"Coolheaded","floor":22.0},{"not_picked":["Coolheaded","Compile Driver"],"picked":"Amplify","floor":23.0},{"not_picked":["Stack+1","Redo+1"],"picked":"Conserve Battery+1","floor":28.0},{"not_picked":["Skim+1","Scrape+1"],"picked":"Aggregate+1","floor":29.0},{"not_picked":["Go for the Eyes","Machine Learning"],"picked":"Auto Shields+1","floor":30.0},{"not_picked":["White Noise+1","Redo+1"],"picked":"Fusion+1","floor":31.0},{"not_picked":["Seek+1","Machine Learning"],"picked":"Amplify+1","floor":33.0},{"not_picked":["Cold Snap","Hologram+1","Compile Driver+1"],"picked":"SKIP","floor":35.0},{"not_picked":["Streamline","Steam+1"],"picked":"Darkness+1","floor":37.0},{"not_picked":["Sweeping Beam+1","Ball Lightning"],"picked":"Stack+1","floor":39.0},{"not_picked":["Ball Lightning+1","Streamline"],"picked":"Electrodynamics","floor":40.0},{"not_picked":["Reinforced Body+1","Hologram+1"],"picked":"Defragment","floor":42.0},{"not_picked":["Leap+1","Stack+1"],"picked":"Doom and Gloom+1","floor":44},{"not_picked":["Cold Snap","Go for the Eyes+1"],"picked":"Force Field+1","floor":46}],"player_experience":109474,"relics_obtained":[{"floor":6.0,"key":"Juzu Bracelet"},{"floor":9.0,"key":"Orichalcum"},{"floor":10.0,"key":"PreservedInsect"},{"floor":23.0,"key":"Toxic Egg 2"},{"floor":26.0,"key":"Happy Flower"},{"floor":28.0,"key":"Tiny Chest"},{"floor":40.0,"key":"Torii"},{"floor":43.0,"key":"Ancient Tea Set"},{"floor":45,"key":"Mummified Hand"},{"floor":46,"key":"Shuriken"}],"event_choices":[{"cards_removed":["Strike_B"],"damage_healed":0.0,"max_hp_gain":0.0,"max_hp_loss":0.0,"gold_gain":0.0,"event_name":"Bonfire Elementals","player_choice":"Offered Basic","floor":8.0,"gold_loss":0.0,"damage_taken":0.0},{"damage_healed":0.0,"max_hp_gain":0.0,"max_hp_loss":0.0,"gold_gain":75.0,"event_name":"World of Goop","player_choice":"Gather Gold","floor":14.0,"gold_loss":0.0,"damage_taken":11.0},{"damage_healed":0.0,"max_hp_gain":0.0,"max_hp_loss":0.0,"gold_gain":0.0,"event_name":"The Library","player_choice":"Read","floor":19.0,"gold_loss":0.0,"damage_taken":0.0,"cards_obtained":["Fusion"]},{"damage_healed":0.0,"max_hp_gain":0.0,"max_hp_loss":0.0,"gold_gain":0.0,"event_name":"The Joust","player_choice":"Bet on Murderer","floor":21.0,"gold_loss":50.0,"damage_taken":0.0},{"damage_healed":0,"gold_gain":0,"player_choice":"Ignored","damage_taken":0,"max_hp_gain":0,"max_hp_loss":0,"event_name":"Mysterious Sphere","floor":48,"gold_loss":0}],"is_beta":false,"boss_relics":[{"not_picked":["Orrery","Busted Crown"],"picked":"Runic Pyramid"},{"not_picked":["FrozenCore","White Beast Statue"],"picked":"Empty Cage"}],"items_purged_floors":[12,24,36],"is_endless":false,"potions_floor_spawned":[1,4,5,10,16,20,22,28,30,33,35,39,40,46],"ascension_level":0}