{"gold_per_floor":[117,38,38,38,38,82,105,105,105,125,145,145,189,265,265,265],"floor_reached":16,"playtime":334,"items_purged":[],"score":246,"play_id":"8612c6bc-0967-420e-af10-02e221002a78","local_time":"20181226205400","is_ascension_mode":true,"campfire_choices":[{"data":"Bash","floor":8,"key":"SMITH"},{"data":"Clothesline","floor":12,"key":"SMITH"},{"data":"Clothesline","floor":15,"key":"SMITH"}],"neow_cost":"NONE","seed_source_timestamp":296048799732374,"circlet_count":0,"master_deck":["AscendersBane","Strike_R","Strike_R","Strike_R","Strike_R","Strike_R","Defend_R","Defend_R","Defend_R","Defend_R","Bash+1","Clothesline+1","Corruption","Ghostly Armor","Battle Trance","Clothesline+1","Warcry"],"relics":["Burning Blood","NeowsBlessing","Golden Idol","Orichalcum","Du-Vu Doll","Frozen Egg 2","Shuriken"],"potions_floor_usage":[],"damage_taken":[{"damage":0,"enemies":"Jaw Worm","floor":1,"turns":1},{"damage":0,"enemies":"Lagavulin","floor":6,"turns":1},{"damage":0,"enemies":"Cultist","floor":7,"turns":1},{"damage":0,"enemies":"2 Louse","floor":10,"turns":3},{"damage":0,"enemies":"Exordium Wildlife","floor":11,"turns":3},{"damage":28,"enemies":"Gremlin Nob","floor":13,"turns":5},{"damage":16,"enemies":"3 Sentries","floor":14,"turns":10},{"damage":58,"enemies":"The Guardian","floor":16,"turns":8}],"seed_played":"-7892933764399006309","potions_obtained":[{"floor":1,"key":"Dexterity Potion"},{"floor":4,"key":"LiquidBronze"}],"is_trial":false,"path_per_floor":["M","$","?","?","$","E","M","R","T","M","M","R","E","?","R","B"],"character_chosen":"IRONCLAD","items_purchased":["Corruption"],"campfire_rested":0,"item_purchase_floors":[2],"current_hp_per_floor":[74,74,48,48,48,54,60,60,60,66,72,72,50,40,40,0],"gold":265,"neow_bonus":"THREE_ENEMY_KILL","is_prod":false,"is_daily":false,"chose_seed":false,"campfire_upgraded":3,"win_rate":0,"timestamp":1545882840,"path_taken":["M","$","?","?","$","E","M","R","T","M","?","R","E","?","R","BOSS"],"build_version":"2018-12-25","purchased_purges":0,"victory":false,"max_hp_per_floor":[75,75,75,75,75,75,75,75,75,75,75,75,75,75,75,75],"card_choices":[{"not_picked":["Combust","Infernal Blade"],"picked":"Clothesline","floor":1},{"not_picked":["Intimidate","Inflame"],"picked":"Ghostly Armor","floor":6},{"not_picked":["Second Wind","Bloodletting"],"picked":"Battle Trance","floor":7},{"not_picked":["Flex","Wild Strike","Rupture"],"picked":"SKIP","floor":10},{"not_picked":["Body Slam","Perfected Strike","Cleave"],"picked":"SKIP","floor":11},{"not_picked":["Combust","Havoc"],"picked":"Clothesline","floor":13},{"not_picked":["Dual Wield","Body Slam"],"picked":"Warcry","floor":14}],"player_experience":1003339,"relics_obtained":[{"floor":6,"key":"Orichalcum"},{"floor":9,"key":"Du-Vu Doll"},{"floor":13,"key":"Frozen Egg 2"},{"floor":14,"key":"Shuriken"}],"event_choices":[{"damage_healed":0,"gold_gain":0,"player_choice":"Take Damage","damage_taken":26,"relics_obtained":["Golden Idol"],"max_hp_gain":0,"max_hp_loss":0,"event_name":"Golden Idol","floor":3,"gold_loss":0},{"damage_healed":0,"gold_gain":0,"player_choice":"Got Potions","damage_taken":0,"max_hp_gain":0,"max_hp_loss":0,"event_name":"Lab","floor":4,"gold_loss":0},{"damage_healed":0,"gold_gain":0,"player_choice":"Searched \u00271\u0027 times","damage_taken":0,"max_hp_gain":0,"max_hp_loss":0,"event_name":"Dead Adventurer","floor":14,"gold_loss":0}],"is_beta":true,"boss_relics":[],"items_purged_floors":[],"is_endless":false,"potions_floor_spawned":[1,6,10],"killed_by":"The Guardian","ascension_level":17}