{"gold_per_floor":[109,119,129,144,154,154,171,182,182,182,182,62,90,90,90,164,164,183,56,56,73,73,73,93,93,93,93,111,131,131,147,147,223,223,240,220,220,220,236,236,236,236,262,282,302,302,302,319,319,319],"floor_reached":51,"playtime":1652,"items_purged":[],"score":1189,"play_id":"b70c0e4f-9f2c-4f37-8402-a5e99e29d9b9","local_time":"20180812004844","is_ascension_mode":true,"campfire_choices":[{"data":"Bash","floor":6,"key":"SMITH"},{"data":"Perfected Strike","floor":10,"key":"SMITH"},{"data":"Havoc","floor":15,"key":"SMITH"},{"data":"Double Tap","floor":23,"key":"SMITH"},{"data":"Perfected Strike","floor":27,"key":"SMITH"},{"data":"True Grit","floor":30,"key":"SMITH"},{"data":"Clothesline","floor":32,"key":"SMITH"},{"data":"True Grit","floor":40,"key":"SMITH"},{"floor":46,"key":"REST"},{"floor":49,"key":"REST"}],"neow_cost":"NONE","seed_source_timestamp":550122632050012,"circlet_count":0,"master_deck":["Strike_R","Strike_R","Strike_R","Strike_R","Strike_R","Defend_R","Defend_R","Defend_R","Defend_R","Bash+1","AscendersBane","Perfected Strike+1","Iron Wave","Disarm","Pommel Strike","Twin Strike","Iron Wave+1","Anger","Flame Barrier","Havoc+1","Clothesline+1","Double Tap+1","Shrug It Off","Corruption","Perfected Strike+1","Iron Wave+1","True Grit+1","Ghostly Armor+1","Double Tap","True Grit+1","Pommel Strike+1","True Grit"],"relics":["Burning Blood","Bag of Preparation","Bronze Scales","Snecko Eye","Kunai","Velvet Choker","Torii","Whetstone"],"potions_floor_usage":[16,16,18,33,50,50],"damage_taken":[{"damage":9,"enemies":"Jaw Worm","floor":1,"turns":5},{"damage":6,"enemies":"Cultist","floor":2,"turns":4},{"damage":0,"enemies":"2 Louse","floor":3,"turns":3},{"damage":12,"enemies":"Blue Slaver","floor":4,"turns":3},{"damage":2,"enemies":"2 Fungi Beasts","floor":5,"turns":3},{"damage":11,"enemies":"Looter","floor":7,"turns":3},{"damage":6,"enemies":"3 Louse","floor":8,"turns":3},{"damage":20,"enemies":"3 Sentries","floor":13,"turns":8},{"damage":0,"enemies":"Slime Boss","floor":16,"turns":4},{"damage":1,"enemies":"2 Thieves","floor":18,"turns":2},{"damage":0,"enemies":"Spheric Guardian","floor":21,"turns":3},{"damage":0,"enemies":"3 Cultists","floor":24,"turns":4},{"damage":6,"enemies":"Snake Plant","floor":28,"turns":1},{"damage":9,"enemies":"Sentry and Sphere","floor":29,"turns":5},{"damage":1,"enemies":"Centurion and Healer","floor":31,"turns":4},{"damage":75,"enemies":"Champ","floor":33,"turns":10},{"damage":8,"enemies":"Flame Bruiser 1 Orb","floor":35,"turns":5},{"damage":8,"enemies":"3 Darklings","floor":39,"turns":5},{"damage":0,"floor":41,"turns":4},{"damage":26,"enemies":"4 Shapes","floor":44,"turns":6},{"damage":11,"enemies":"Jaw Worm Horde","floor":45,"turns":5},{"damage":11,"enemies":"3 Darklings","floor":48,"turns":4},{"damage":54,"enemies":"Awakened One","floor":50,"turns":25}],"seed_played":"2699569327623673229","potions_obtained":[{"floor":3,"key":"FearPotion"},{"floor":4,"key":"Strength Potion"},{"floor":16,"key":"Explosive Potion"},{"floor":21,"key":"Energy Potion"},{"floor":33,"key":"Dexterity Potion"},{"floor":35,"key":"SpeedPotion"},{"floor":36,"key":"BloodPotion"}],"is_trial":false,"path_per_floor":["M","M","M","M","M","R","M","M","T","R","?","$","E","?","R","B",null,"M","$","?","M","$","R","M","$","T","R","M","M","R","M","R","B",null,"M","?","$","?","M","R","?","?","T","M","M","R","$","M","R","B"],"character_chosen":"IRONCLAD","items_purchased":["Flame Barrier","Havoc","Corruption","Perfected Strike"],"campfire_rested":2,"item_purchase_floors":[12,12,19,19],"current_hp_per_floor":[65,65,71,65,69,69,64,64,64,64,69,69,55,55,55,61,75,80,80,80,80,80,80,80,80,80,80,80,77,77,80,80,11,63,61,61,61,61,59,59,65,65,65,45,40,64,64,59,80,40],"gold":319,"neow_bonus":"THREE_CARDS","is_prod":false,"is_daily":false,"chose_seed":false,"campfire_upgraded":8,"win_rate":0,"timestamp":1534060124,"path_taken":["M","M","M","M","M","R","M","M","T","R","?","$","E","?","R","BOSS","M","$","?","?","$","R","M","?","T","R","M","M","R","M","R","BOSS","M","?","$","?","?","R","?","?","T","?","M","R","$","M","R","BOSS"],"build_version":"2018-08-08","purchased_purges":0,"victory":true,"max_hp_per_floor":[75,75,75,75,75,75,75,75,75,75,80,80,80,80,80,80,80,80,80,80,80,80,80,80,80,80,80,80,80,80,80,80,80,80,80,80,80,80,80,80,80,80,80,80,80,80,80,80,80,80],"card_choices":[{"not_picked":["Havoc","Dual Wield"],"picked":"Perfected Strike","floor":0},{"not_picked":["Flex","Disarm"],"picked":"Iron Wave","floor":1},{"not_picked":["Twin Strike","Dropkick"],"picked":"Disarm","floor":2},{"not_picked":["Havoc","Clash"],"picked":"Pommel Strike","floor":3},{"not_picked":["Combust","Rupture"],"picked":"Twin Strike","floor":4},{"not_picked":["Heavy Blade","Immolate"],"picked":"Iron Wave","floor":5},{"not_picked":["Flex","Rampage"],"picked":"Anger","floor":7},{"not_picked":["Sever Soul","Cleave","Headbutt"],"picked":"SKIP","floor":8},{"not_picked":["Sentinel","Twin Strike"],"picked":"Clothesline","floor":13},{"not_picked":["Barricade","Exhume"],"picked":"Double Tap","floor":16},{"not_picked":["Inflame","Rupture"],"picked":"Shrug It Off","floor":18},{"not_picked":["Flex","Second Wind","Dual Wield"],"picked":"SKIP","floor":21},{"not_picked":["Bloodletting","Armaments"],"picked":"Iron Wave","floor":24},{"not_picked":["Body Slam","Anger","Dual Wield"],"picked":"SKIP","floor":28},{"not_picked":["Body Slam","Fire Breathing"],"picked":"True Grit","floor":29},{"not_picked":["Corruption","Sword Boomerang"],"picked":"Ghostly Armor+1","floor":31},{"not_picked":["Fiend Fire","Berserk"],"picked":"Double Tap","floor":33},{"not_picked":["Warcry","Headbutt"],"picked":"True Grit","floor":35},{"not_picked":["Evolve","Heavy Blade"],"picked":"Pommel Strike+1","floor":39},{"not_picked":["Battle Trance","Iron Wave"],"picked":"True Grit","floor":41},{"not_picked":["Blood for Blood","Thunderclap","Evolve+1"],"picked":"SKIP","floor":44},{"not_picked":["Rage","Power Through+1","Sword Boomerang+1"],"picked":"SKIP","floor":45},{"not_picked":["Fiend Fire","Body Slam","Cleave"],"picked":"SKIP","floor":48}],"player_experience":873035,"relics_obtained":[{"floor":9,"key":"Bag of Preparation"},{"floor":13,"key":"Bronze Scales"},{"floor":26,"key":"Kunai"},{"floor":41,"key":"Torii"},{"floor":43,"key":"Whetstone"}],"event_choices":[{"event_name":"Big Fish","player_choice":"Donut","floor":11,"damage_taken":0},{"event_name":"Liars Game","player_choice":"disagreed","floor":14,"damage_taken":0},{"event_name":"Ghosts","player_choice":"Ignored","floor":20,"damage_taken":0},{"event_name":"The Woman in Blue","player_choice":"Bought 1 Potion","floor":36,"damage_taken":0},{"event_name":"Mysterious Sphere","player_choice":"Ignore","floor":38,"damage_taken":0},{"event_name":"MindBloom","player_choice":"Fight","floor":41,"damage_taken":0},{"event_name":"Tomb of Lord Red Mask","player_choice":"Ignored","floor":42,"damage_taken":0}],"is_beta":true,"boss_relics":[{"not_picked":["Runic Pyramid","Sozu"],"picked":"Snecko Eye"},{"not_picked":["Philosopher\u0027s Stone","Empty Cage"],"picked":"Velvet Choker"}],"items_purged_floors":[],"is_endless":false,"potions_floor_spawned":[3,4,7,13,16,21,33,35,44],"ascension_level":15}