{"path_per_floor":["M","M","?","M","$","M","E","?","T","M","M","M","$","M","R"],"character_chosen":"THE_SILENT","items_purchased":["Slice","Prepared","Dark Shackles"],"gold_per_floor":[110,124,94,107,9,28,59,87,112,130,140,157,39,59,59,59],"floor_reached":16,"campfire_rested":0,"playtime":752,"current_hp_per_floor":[59,59,59,59,59,59,46,38,38,38,38,33,33,33,33,0],"items_purged":["Strike_G"],"gold":59,"score":186,"play_id":"c1c17b1b-7387-4032-9213-c1adda79aa46","local_time":"20180414144758","is_prod":false,"is_daily":false,"chose_seed":false,"is_ascension_mode":true,"campfire_upgraded":1,"timestamp":1523731678,"path_taken":["M","M","?","M","$","?","E","?","T","M","M","M","?","M","R","BOSS"],"build_version":"2018-04-12","seed_source_timestamp":0,"purchased_purges":3,"victory":false,"master_deck":["Defend_G+1","Defend_G","Defend_G","Defend_G","Defend_G","Strike_G","Strike_G","Strike_G","Strike_G","Survivor+1","Neutralize","AscendersBane","Quick Slash","Sucker Punch","Endless Agony","Slice","Choke","Quick Slash","Heel Hook","Prepared","Finisher+1","Calculated Gamble","Prepared","Dark Shackles","Dagger Spray"],"max_hp_per_floor":[66,66,66,66,66,66,66,66,66,66,66,66,66,66,66,66],"relics":["Ring of the Snake","War Paint","Art of War","Odd Mushroom","Lantern"],"card_choices":[{"not_picked":["Acrobatics","Prepared"],"picked":"Quick Slash","floor":1.0},{"not_picked":["Quick Slash","Slice"],"picked":"Sucker Punch","floor":2.0},{"not_picked":["Dagger Throw","Quick Slash"],"picked":"Endless Agony","floor":4.0},{"not_picked":["All Out Attack","Prepared"],"picked":"Choke","floor":6.0},{"not_picked":["Noxious Fumes","Reflex"],"picked":"Quick Slash","floor":7.0},{"not_picked":["Acrobatics","Flying Knee"],"picked":"Heel Hook","floor":8.0},{"not_picked":["Flying Knee","Bouncing Flask"],"picked":"Prepared","floor":10.0},{"not_picked":["Flying Knee","Acrobatics"],"picked":"Finisher","floor":11.0},{"not_picked":["Blade Dance","Bane"],"picked":"Calculated Gamble","floor":12.0},{"not_picked":["Dagger Throw","Backflip"],"picked":"Dagger Spray","floor":14.0}],"player_experience":863383,"potions_floor_usage":[16],"damage_taken":[{"damage":0.0,"enemies":"2 Louse","floor":1.0,"turns":2.0},{"damage":0.0,"enemies":"Cultist","floor":2.0,"turns":4.0},{"damage":0.0,"enemies":"Small Slimes","floor":4.0,"turns":4.0},{"damage":0.0,"enemies":"Looter","floor":6.0,"turns":4.0},{"damage":13.0,"enemies":"Gremlin Nob","floor":7.0,"turns":4.0},{"damage":8.0,"enemies":"The Mushroom Lair","floor":8.0,"turns":5.0},{"damage":0.0,"enemies":"Exordium Thugs","floor":10.0,"turns":5.0},{"damage":0.0,"enemies":"Exordium Wildlife","floor":11.0,"turns":2.0},{"damage":5.0,"enemies":"Gremlin Gang","floor":12.0,"turns":3.0},{"damage":0.0,"enemies":"Blue Slaver","floor":14.0,"turns":2.0},{"damage":38,"enemies":"Slime Boss","floor":16,"turns":6}],"event_choices":[{"event_name":"The Woman in Blue","player_choice":"Bought 2 Potions","floor":3.0,"damage_taken":0.0},{"event_name":"Mushrooms","player_choice":"Fought Mushrooms","floor":8.0,"damage_taken":0.0}],"boss_relics":[],"potions_floor_spawned":[2,4,6,7,14],"seed_played":"-8356006320364636262","killed_by":"Slime Boss","ascension_level":15,"is_trial":false}