{"path_per_floor":["M","$","?","M","?","E","R","E","T","M","E","M","?","$","R","B",null,"M","?","?","$","?","E","R","?","T","R","M","M"],"character_chosen":"IRONCLAD","items_purchased":["Paper Frog","Carnage","Strength Potion","Rupture","Inflame"],"gold_per_floor":[364,2,0,20,20,52,52,86,132,150,182,202,202,71,71,150,150,163,88,88,20,20,49,49,49,49,49,63,75,75],"floor_reached":30,"campfire_rested":1,"playtime":1227,"current_hp_per_floor":[53,53,53,59,59,40,40,8,8,20,8,13,13,13,37,31,69,75,75,75,75,75,33,33,33,33,33,39,34,0],"items_purged":["Doubt"],"gold":75,"score":462,"play_id":"3abc3c84-4f91-487e-b00e-1751a551cf6f","local_time":"20180411104230","is_prod":false,"is_daily":false,"is_ascension_mode":true,"campfire_upgraded":1,"timestamp":1523457750,"path_taken":["M","$","?","M","?","E","R","E","T","?","E","?","?","$","R","BOSS","M","?","?","$","?","E","R","?","T","R","?","M","M"],"build_version":"2018-04-05v2","purchased_purges":2,"victory":false,"master_deck":["Strike_R","Strike_R","Defend_R","Defend_R","Defend_R","Defend_R","Bash+1","AscendersBane","Evolve","Carnage+1","Combust","Spot Weakness","Shockwave","Feed","Heavy Blade","Headbutt","Rupture","Brutality","Immolate+1","Wild Strike","Disarm","Inflame","Battle Trance","Heavy Blade+1","Spot Weakness+1"],"max_hp_per_floor":[75,75,75,75,75,75,75,75,75,75,78,81,81,81,81,81,81,84,84,84,84,84,87,87,87,87,87,87,90,90],"relics":["Burning Blood","Paper Frog","Bag of Preparation","Peace Pipe","Lantern","Ancient Tea Set","Astrolabe","Dodecahedron","Toolbox","Orichalcum"],"card_choices":[{"not_picked":["Wild Strike","Warcry"],"picked":"Evolve","floor":1},{"not_picked":["Warcry","Clash"],"picked":"Combust","floor":4},{"not_picked":["Cleave","Havoc"],"picked":"Spot Weakness","floor":6},{"not_picked":["Wild Strike","Searing Blow"],"picked":"Shockwave","floor":8},{"not_picked":["Iron Wave","True Grit"],"picked":"Feed","floor":10},{"not_picked":["Shockwave","Twin Strike"],"picked":"Heavy Blade","floor":11},{"not_picked":["Clothesline","Body Slam"],"picked":"Headbutt","floor":12},{"not_picked":["Barricade","Juggernaut"],"picked":"Brutality","floor":16},{"not_picked":["Body Slam","Seeing Red"],"picked":"Wild Strike","floor":18},{"not_picked":["Anger","Sever Soul"],"picked":"Battle Trance","floor":23},{"not_picked":["Entrench","Clash"],"picked":"Heavy Blade","floor":28},{"not_picked":["Iron Wave","Entrench"],"picked":"Spot Weakness","floor":29}],"player_experience":818308,"potions_floor_usage":[6,10,12,16,29,29],"damage_taken":[{"damage":21,"enemies":"Jaw Worm","floor":1,"turns":6},{"damage":0,"enemies":"Small Slimes","floor":4,"turns":3},{"damage":25,"enemies":"Lagavulin","floor":6,"turns":6},{"damage":38,"enemies":"Gremlin Nob","floor":8,"turns":4},{"damage":3,"enemies":"Cultist","floor":10,"turns":4},{"damage":21,"enemies":"3 Sentries","floor":11,"turns":6},{"damage":4,"enemies":"Large Slime","floor":12,"turns":4},{"damage":12,"enemies":"Slime Boss","floor":16,"turns":7},{"damage":3,"enemies":"Chosen","floor":18,"turns":3},{"damage":51,"enemies":"Book of Stabbing","floor":23,"turns":6},{"damage":0,"enemies":"Spheric Guardian","floor":28,"turns":1},{"damage":26,"enemies":"Cultist and Chosen","floor":29,"turns":6},{"damage":49,"enemies":"Chosen and Byrds","floor":30,"turns":5}],"event_choices":[{"event_name":"World of Goop","player_choice":"Left","floor":3,"damage_taken":0},{"event_name":"Accursed Blacksmith","player_choice":"Forge","floor":5,"damage_taken":0},{"event_name":"Scrap Ooze","player_choice":"unsuccessful","floor":13,"damage_taken":0},{"event_name":"Beggar","player_choice":"Gave Gold","floor":19,"damage_taken":0},{"event_name":"The Library","player_choice":"Read","floor":20,"damage_taken":0},{"event_name":"Drug Dealer","player_choice":"Ignored","floor":22,"damage_taken":0},{"event_name":"The Mausoleum","player_choice":"Yes","floor":25,"damage_taken":0}],"boss_relics":[{"not_picked":["White Beast Statue","Black Blood"],"picked":"Astrolabe"}],"potions_floor_spawned":[4,8,11,18,28],"seed_played":"5488393038012633654","killed_by":"Chosen and Byrds","ascension_level":15,"is_trial":false}