{"gold_per_floor":[116,266,285,285,285,285,315,315,362,375,31,31,61,73,73,73],"floor_reached":16,"playtime":498,"items_purged":[],"score":216,"play_id":"45f39897-2329-4f25-aef6-914954131914","local_time":"20190426211028","is_ascension_mode":true,"campfire_choices":[{"data":"Combust","floor":6,"key":"SMITH"},{"data":"Perfected Strike","floor":8,"key":"SMITH"},{"data":"True Grit","floor":15,"key":"SMITH"}],"neow_cost":"NONE","seed_source_timestamp":357095004721202,"circlet_count":0,"master_deck":["AscendersBane","Strike_R","Strike_R+1","Strike_R+1","Strike_R+1","Strike_R","Defend_R","Defend_R+1","Defend_R","Defend_R","Bash","Combust+1","Shrug It Off","Perfected Strike+1","True Grit+1","Shrug It Off+1","True Grit+1","Fiend Fire","Flame Barrier+1"],"relics":["Burning Blood","Bag of Marbles","Whetstone","Smiling Mask","Toxic Egg 2","Girya"],"potions_floor_usage":[10,13,16],"damage_taken":[{"damage":0,"enemies":"Small Slimes","floor":1,"turns":3},{"damage":4,"enemies":"2 Louse","floor":3,"turns":3},{"damage":34,"enemies":"Gremlin Nob","floor":7,"turns":4},{"damage":0,"enemies":"Jaw Worm","floor":10,"turns":1},{"damage":10,"enemies":"3 Sentries","floor":13,"turns":5},{"damage":0,"enemies":"Looter","floor":14,"turns":3},{"damage":25,"enemies":"Hexaghost","floor":16,"turns":11}],"seed_played":"-537256336840509607","potions_obtained":[{"floor":1,"key":"Fire Potion"},{"floor":7,"key":"Energy Potion"},{"floor":14,"key":"SneckoOil"}],"is_trial":false,"path_per_floor":["M","?","M","?","?","R","E","R","T","M","$","T","E","M","R","B"],"character_chosen":"IRONCLAD","items_purchased":["Toxic Egg 2","Shrug It Off+1","True Grit+1"],"campfire_rested":0,"item_purchase_floors":[11,11,11],"current_hp_per_floor":[74,74,75,52,45,45,17,17,17,23,23,23,19,25,25,0],"gold":73,"neow_bonus":"RANDOM_COMMON_RELIC","is_prod":false,"is_daily":false,"chose_seed":false,"campfire_upgraded":3,"win_rate":0,"timestamp":1556327428,"path_taken":["M","?","M","?","?","R","E","R","T","M","?","?","E","?","R","BOSS"],"build_version":"2019-01-23","purchased_purges":0,"victory":false,"max_hp_per_floor":[75,75,75,75,75,75,75,75,75,75,75,75,75,75,75,75],"card_choices":[{"not_picked":["Headbutt","Power Through"],"picked":"Combust","floor":1},{"not_picked":["Havoc","Power Through"],"picked":"Shrug It Off","floor":3},{"not_picked":["Second Wind","Dropkick"],"picked":"Perfected Strike","floor":7},{"not_picked":["Carnage","Headbutt"],"picked":"True Grit","floor":10},{"not_picked":["Combust","Perfected Strike"],"picked":"Fiend Fire","floor":13},{"not_picked":["Power Through+1","Carnage"],"picked":"Flame Barrier+1","floor":14}],"player_experience":1973783,"relics_obtained":[{"floor":7,"key":"Whetstone"},{"floor":9,"key":"Smiling Mask"},{"floor":13,"key":"Girya"}],"event_choices":[{"damage_healed":0,"gold_gain":150,"player_choice":"AGREE","damage_taken":0,"max_hp_gain":0,"max_hp_loss":0,"event_name":"Liars Game","floor":2,"gold_loss":0,"cards_obtained":["Doubt"]},{"damage_healed":0,"gold_gain":0,"player_choice":"Entered Light","damage_taken":23,"max_hp_gain":0,"max_hp_loss":0,"event_name":"Shining Light","floor":4,"gold_loss":0,"cards_upgraded":["Strike_R","Defend_R"]},{"cards_removed":["Doubt"],"damage_healed":0,"gold_gain":0,"player_choice":"Card Removal","damage_taken":7,"max_hp_gain":0,"max_hp_loss":0,"event_name":"Golden Wing","floor":5,"gold_loss":0}],"is_beta":false,"boss_relics":[],"items_purged_floors":[],"is_endless":false,"potions_floor_spawned":[1,7,14],"killed_by":"Hexaghost","ascension_level":20}