{"gold_per_floor":[117,267,112,187,199,199,199,228,275,275,275],"floor_reached":11,"playtime":318,"items_purged":["Doubt"],"score":138,"play_id":"32131391-5760-4639-af44-b95e4c4a112d","local_time":"20190403031812","is_ascension_mode":true,"campfire_choices":[{"data":"Zap","floor":6,"key":"SMITH"},{"data":"Barrage","floor":7,"key":"SMITH"},{"floor":10,"key":"REST"}],"neow_cost":"CURSE","seed_source_timestamp":148055936909728,"circlet_count":0,"master_deck":["AscendersBane","Strike_B","Strike_B","Strike_B","Strike_B","Defend_B","Defend_B","Defend_B","Defend_B","Zap+1","Dualcast","Decay","Barrage+1","Sweeping Beam","Go for the Eyes","White Noise","BootSequence"],"relics":["Cracked Core","WingedGreaves","Bag of Preparation","Dream Catcher"],"potions_floor_usage":[8,8],"damage_taken":[{"damage":11,"enemies":"Jaw Worm","floor":1,"turns":3},{"damage":0,"enemies":"2 Louse","floor":5,"turns":1},{"damage":17,"enemies":"3 Sentries","floor":8,"turns":5},{"damage":48,"enemies":"Gremlin Nob","floor":11,"turns":4}],"seed_played":"-2422413109277361327","potions_obtained":[{"floor":5,"key":"Poison Potion"}],"is_trial":false,"path_per_floor":["M","?","$","?","M","R","R","E","T","R","E"],"character_chosen":"DEFECT","items_purchased":["Sweeping Beam","Swift Potion"],"campfire_rested":1,"item_purchase_floors":[3,3],"current_hp_per_floor":[53,53,53,42,42,42,42,25,25,46,0],"gold":275,"neow_bonus":"ONE_RARE_RELIC","is_prod":false,"is_daily":false,"chose_seed":false,"campfire_upgraded":2,"win_rate":0,"timestamp":1554275892,"path_taken":["M","?","$","?","M","R","R","E","T","R","E"],"build_version":"2019-01-23","purchased_purges":1,"victory":false,"max_hp_per_floor":[71,71,71,71,71,71,71,71,71,71,71],"card_choices":[{"not_picked":["Beam Cell","Doom and Gloom"],"picked":"Barrage","floor":1},{"not_picked":["Gash","Turbo"],"picked":"Go for the Eyes","floor":5},{"not_picked":["Beam Cell","Multi-Cast"],"picked":"White Noise","floor":8},{"not_picked":["Steam","Sweeping Beam"],"picked":"BootSequence","floor":10}],"player_experience":1554277,"relics_obtained":[{"floor":8,"key":"Bag of Preparation"},{"floor":9,"key":"Dream Catcher"}],"event_choices":[{"damage_healed":0,"gold_gain":150,"player_choice":"AGREE","damage_taken":0,"max_hp_gain":0,"max_hp_loss":0,"event_name":"Liars Game","floor":2,"gold_loss":0,"cards_obtained":["Doubt"]},{"damage_healed":0,"gold_gain":75,"player_choice":"Gather Gold","damage_taken":11,"max_hp_gain":0,"max_hp_loss":0,"event_name":"World of Goop","floor":4,"gold_loss":0}],"is_beta":false,"boss_relics":[],"items_purged_floors":[3],"is_endless":false,"potions_floor_spawned":[5],"killed_by":"Gremlin Nob","ascension_level":20}