{"gold_per_floor":[119,119,139,150,166,166,194,194,217,217],"floor_reached":10,"playtime":821,"items_purged":[],"score":136,"play_id":"5d0ba9bb-f241-4e93-9d48-efd69e1aab8e","local_time":"20190504004422","is_ascension_mode":true,"campfire_choices":[{"data":"Dagger Spray","floor":6.0,"key":"SMITH"},{"floor":8,"key":"REST"}],"neow_cost":"NONE","seed_source_timestamp":974348438931652,"circlet_count":0,"master_deck":["AscendersBane","Defend_G","Defend_G","Defend_G","Defend_G","Defend_G","Strike_G","Strike_G","Strike_G","Strike_G","Strike_G","Survivor","Neutralize","Dagger Spray+1","Caltrops","Well Laid Plans","Dagger Throw","Skewer"],"special_seed":0,"relics":["Ring of the Snake","Vajra","Boot","Potion Belt"],"potions_floor_usage":[7],"damage_taken":[{"damage":8.0,"enemies":"Small Slimes","floor":1.0,"turns":5.0},{"damage":1.0,"enemies":"Cultist","floor":3.0,"turns":3.0},{"damage":7.0,"enemies":"Jaw Worm","floor":4.0,"turns":5.0},{"damage":16.0,"enemies":"Lots of Slimes","floor":5.0,"turns":4.0},{"damage":22,"enemies":"Lagavulin","floor":7,"turns":5},{"damage":53,"enemies":"Gremlin Nob","floor":10,"turns":4}],"seed_played":"4108414170800019071","potions_obtained":[{"floor":1.0,"key":"SkillPotion"},{"floor":2.0,"key":"Fruit Juice"},{"floor":2.0,"key":"SpeedPotion"},{"floor":3.0,"key":"Dexterity Potion"},{"floor":5.0,"key":"SteroidPotion"}],"is_trial":false,"path_per_floor":["M","?","M","M","M","R","E","R","T","E"],"character_chosen":"THE_SILENT","items_purchased":[],"campfire_rested":1,"item_purchase_floors":[],"current_hp_per_floor":[51,56,55,48,32,32,10,31,31,0],"gold":217,"neow_bonus":"RANDOM_COMMON_RELIC","is_prod":false,"is_daily":false,"chose_seed":false,"campfire_upgraded":1,"win_rate":0,"timestamp":1556945062,"path_taken":["M","?","M","?","M","R","E","R","T","E"],"build_version":"2019-01-23","purchased_purges":0,"victory":false,"max_hp_per_floor":[66,71,71,71,71,71,71,71,71,71],"card_choices":[{"not_picked":["Eviscerate","Slice"],"picked":"Dagger Spray","floor":1.0},{"not_picked":["Flechettes","Sucker Punch"],"picked":"Caltrops","floor":3.0},{"not_picked":["Accuracy","Concentrate"],"picked":"Well Laid Plans","floor":4.0},{"not_picked":["Prepared","Slice"],"picked":"Dagger Throw","floor":5.0},{"not_picked":["PiercingWail","Distraction"],"picked":"Skewer","floor":7}],"player_experience":2326981,"relics_obtained":[{"floor":7,"key":"Boot"},{"floor":9,"key":"Potion Belt"}],"event_choices":[{"damage_healed":0.0,"max_hp_gain":0.0,"max_hp_loss":0.0,"gold_gain":0.0,"event_name":"Lab","player_choice":"Got Potions","floor":2.0,"gold_loss":0.0,"damage_taken":0.0}],"is_beta":false,"boss_relics":[],"items_purged_floors":[],"is_endless":false,"potions_floor_spawned":[1,3,5],"killed_by":"Gremlin Nob","ascension_level":20}