{"gold_per_floor":[118,138,68,68,86,86,103,103,182,198,213,213,244,244,244,369,369,388],"floor_reached":18,"playtime":583,"items_purged":[],"score":164,"play_id":"015c87d8-c602-4d03-a6de-80b45e91a478","local_time":"20190410232349","is_ascension_mode":false,"campfire_choices":[{"floor":6,"key":"REST"},{"data":"Defragment","floor":8,"key":"SMITH"},{"floor":15,"key":"REST"}],"neow_cost":"NONE","seed_source_timestamp":25798348504813,"circlet_count":0,"master_deck":["Strike_B","Strike_B","Strike_B","Strike_B","Defend_B","Defend_B","Defend_B","Zap","Dualcast","Barrage","Ball Lightning","Ball Lightning","Defragment+1","Stack","Streamline","Echo Form","Capacitor","Creative AI","Darkness"],"relics":["Cracked Core","Mummified Hand","Golden Idol","Juzu Bracelet","Sozu"],"potions_floor_usage":[13,13,16,16],"damage_taken":[{"damage":9,"enemies":"2 Louse","floor":1,"turns":2},{"damage":10,"enemies":"Small Slimes","floor":2,"turns":2},{"damage":1,"enemies":"Cultist","floor":5,"turns":3},{"damage":20,"enemies":"Exordium Thugs","floor":7,"turns":3},{"damage":12,"enemies":"2 Fungi Beasts","floor":10,"turns":2},{"damage":7,"enemies":"3 Louse","floor":11,"turns":3},{"damage":8,"enemies":"Lagavulin","floor":13,"turns":4},{"damage":34,"enemies":"Slime Boss","floor":16,"turns":7},{"damage":61,"enemies":"3 Byrds","floor":18,"turns":5}],"seed_played":"7808661602804269806","potions_obtained":[{"floor":1,"key":"Energy Potion"},{"floor":7,"key":"Block Potion"},{"floor":14,"key":"SkillPotion"},{"floor":14,"key":"Explosive Potion"},{"floor":14,"key":"SpeedPotion"},{"floor":16,"key":"SkillPotion"}],"is_trial":false,"path_per_floor":["M","M","$","?","M","R","M","R","T","M","M","?","E","?","R","B",null,"M"],"character_chosen":"DEFECT","items_purchased":["Defragment"],"campfire_rested":2,"item_purchase_floors":[3],"current_hp_per_floor":[66,56,56,49,48,70,50,50,50,38,31,31,23,23,43,9,69,8],"gold":388,"neow_bonus":"THREE_CARDS","is_prod":false,"is_daily":false,"chose_seed":false,"campfire_upgraded":1,"win_rate":0,"timestamp":1554953029,"path_taken":["M","M","$","?","M","R","M","R","T","M","M","?","E","?","R","BOSS","M"],"build_version":"2019-01-23","purchased_purges":0,"victory":false,"max_hp_per_floor":[75,75,75,75,75,75,75,75,75,75,75,69,69,69,69,69,69,69],"card_choices":[{"not_picked":["Coolheaded","Reinforced Body"],"picked":"Barrage","floor":0},{"not_picked":["Doom and Gloom","Compile Driver"],"picked":"Ball Lightning","floor":1},{"not_picked":["Barrage","Stack"],"picked":"Ball Lightning","floor":2},{"not_picked":["Chaos","Blizzard"],"picked":"Stack","floor":5},{"not_picked":["Tempest","Compile Driver"],"picked":"Streamline","floor":7},{"not_picked":["Undo","Cold Snap","Redo"],"picked":"SKIP","floor":10},{"not_picked":["Conserve Battery","Steam"],"picked":"Echo Form","floor":11},{"not_picked":["Ball Lightning","Genetic Algorithm"],"picked":"Capacitor","floor":13},{"not_picked":["Fission","Reboot"],"picked":"Creative AI","floor":16},{"not_picked":["Redo","Skim"],"picked":"Darkness","floor":18}],"player_experience":787591,"relics_obtained":[{"floor":9,"key":"Mummified Hand"},{"floor":13,"key":"Juzu Bracelet"}],"event_choices":[{"cards_removed":["Defend_B"],"damage_healed":0,"gold_gain":0,"player_choice":"Card Removal","damage_taken":7,"max_hp_gain":0,"max_hp_loss":0,"event_name":"Golden Wing","floor":4,"gold_loss":0},{"damage_healed":0,"gold_gain":0,"player_choice":"Lose Max HP","damage_taken":0,"relics_obtained":["Golden Idol"],"max_hp_gain":0,"max_hp_loss":6,"event_name":"Golden Idol","floor":12,"gold_loss":0},{"damage_healed":0,"gold_gain":0,"player_choice":"Got Potions","damage_taken":0,"max_hp_gain":0,"max_hp_loss":0,"event_name":"Lab","floor":14,"gold_loss":0}],"is_beta":false,"boss_relics":[{"not_picked":["White Beast Statue","Ectoplasm"],"picked":"Sozu"}],"items_purged_floors":[],"is_endless":false,"potions_floor_spawned":[1,7,16,18],"killed_by":"3 Byrds","ascension_level":0}