{"gold_per_floor":[114,114,114,127,144,144,163,163,163,163,31,31,51,51,51,51],"floor_reached":16,"playtime":240,"items_purged":["Strike_R"],"score":180,"play_id":"d41270b5-2355-49e8-aa4c-9f5f871c0ee6","local_time":"20190216144843","is_ascension_mode":true,"campfire_choices":[{"data":"Bash","floor":6,"key":"SMITH"},{"data":"Whirlwind","floor":8,"key":"SMITH"},{"data":"Pommel Strike","floor":10,"key":"SMITH"},{"data":"True Grit","floor":15,"key":"SMITH"}],"neow_cost":"NONE","seed_source_timestamp":101846435624075,"circlet_count":0,"master_deck":["AscendersBane","Strike_R+1","Strike_R","Strike_R+1","Defend_R+1","Defend_R+1","Defend_R","Defend_R","Bash+1","True Grit+1","Whirlwind+1","Pommel Strike+1","Ghostly Armor","Clothesline","Battle Trance"],"relics":["Burning Blood","War Paint","Gambling Chip","CultistMask"],"potions_floor_usage":[16],"damage_taken":[{"damage":7,"enemies":"Jaw Worm","floor":1,"turns":4},{"damage":3,"enemies":"Small Slimes","floor":4,"turns":3},{"damage":0,"enemies":"Cultist","floor":5,"turns":3},{"damage":10,"enemies":"Gremlin Gang","floor":7,"turns":6},{"damage":0,"enemies":"3 Louse","floor":13,"turns":1},{"damage":60,"enemies":"Slime Boss","floor":16,"turns":7}],"seed_played":"-8800066195651149315","potions_obtained":[{"floor":1,"key":"Dexterity Potion"}],"is_trial":false,"path_per_floor":["M","?","?","M","M","R","M","R","T","R","$","?","M","$","R","B"],"character_chosen":"IRONCLAD","items_purchased":["Clothesline"],"campfire_rested":0,"item_purchase_floors":[11],"current_hp_per_floor":[67,60,37,40,46,46,42,42,42,42,42,42,48,48,48,0],"gold":51,"neow_bonus":"RANDOM_COMMON_RELIC","is_prod":false,"is_daily":false,"chose_seed":false,"campfire_upgraded":4,"win_rate":0,"timestamp":1550353723,"path_taken":["M","?","?","M","M","R","M","R","T","R","?","?","?","$","R","BOSS"],"build_version":"2019-02-06","purchased_purges":1,"victory":false,"max_hp_per_floor":[75,75,75,75,75,75,75,75,75,75,75,75,75,75,75,75],"card_choices":[{"not_picked":["Ghostly Armor","Burning Pact"],"picked":"True Grit","floor":1},{"not_picked":["Wild Strike","Second Wind"],"picked":"Whirlwind","floor":4},{"not_picked":["Combust","Havoc"],"picked":"Pommel Strike","floor":5},{"not_picked":["Intimidate","Headbutt"],"picked":"Ghostly Armor","floor":7},{"not_picked":["Clothesline","Blood for Blood"],"picked":"Battle Trance","floor":13}],"player_experience":1097805,"relics_obtained":[{"floor":9,"key":"Gambling Chip"}],"event_choices":[{"cards_removed":["Strike_R"],"damage_healed":0,"gold_gain":0,"player_choice":"Card Removal","damage_taken":7,"max_hp_gain":0,"max_hp_loss":0,"event_name":"Golden Wing","floor":2,"gold_loss":0},{"damage_healed":0,"gold_gain":0,"player_choice":"Entered Light","damage_taken":23,"max_hp_gain":0,"max_hp_loss":0,"event_name":"Shining Light","floor":3,"gold_loss":0,"cards_upgraded":["Strike_R","Strike_R"]},{"damage_healed":0,"gold_gain":0,"player_choice":"Trade","damage_taken":0,"relics_obtained":["CultistMask"],"max_hp_gain":0,"max_hp_loss":0,"event_name":"FaceTrader","floor":12,"gold_loss":0}],"is_beta":true,"boss_relics":[],"items_purged_floors":[11],"is_endless":false,"potions_floor_spawned":[1],"killed_by":"Slime Boss","ascension_level":20}