{"gold_per_floor":[12,12,12,32,51,51,80,92,92,127,127,146,146,146,146,247,247,202,202,202,4,4,4,4,4,4,4,4,4,4,4,4,4],"floor_reached":33,"playtime":1931,"items_purged":[],"score":508,"play_id":"3e249154-b8c5-40ac-ba90-15fb476ec0de","local_time":"20190314034811","is_ascension_mode":true,"campfire_choices":[{"data":"Doom and Gloom","floor":6,"key":"SMITH"},{"data":"Coolheaded","floor":11,"key":"SMITH"},{"data":"Blizzard","floor":13,"key":"SMITH"},{"data":"Dualcast","floor":15,"key":"SMITH"},{"data":"Chaos","floor":23,"key":"SMITH"},{"data":"Rainbow","floor":32,"key":"SMITH"}],"neow_cost":"NO_GOLD","seed_source_timestamp":58474029965187,"circlet_count":0,"master_deck":["Strike_B+1","Strike_B+1","Strike_B+1","Strike_B+1","Defend_B+1","Defend_B+1","Defend_B+1","Zap+1","Dualcast+1","Blizzard+1","Streamline","Doom and Gloom+1","Coolheaded+1","Glacier+1","Rainbow+1","Rebound+1","Chaos+1","Blizzard+1","Hologram+1"],"relics":["Cracked Core","Pocketwatch","Anchor","Shuriken","Cables","Ectoplasm","WingedGreaves","Bottled Lightning","Toolbox","Boot","Pear","Bag of Marbles","The Courier","Juzu Bracelet"],"potions_floor_usage":[7,7,10,19,24],"damage_taken":[{"damage":0,"enemies":"Small Slimes","floor":1,"turns":2},{"damage":1,"enemies":"Cultist","floor":4,"turns":3},{"damage":12,"enemies":"Jaw Worm","floor":5,"turns":2},{"damage":8,"enemies":"3 Sentries","floor":7,"turns":3},{"damage":3,"enemies":"Blue Slaver","floor":8,"turns":2},{"damage":16,"enemies":"Lagavulin","floor":10,"turns":6},{"damage":1,"enemies":"Large Slime","floor":12,"turns":4},{"damage":14,"enemies":"The Guardian","floor":16,"turns":8},{"damage":5,"enemies":"2 Thieves","floor":18,"turns":3},{"damage":12,"enemies":"Colosseum Slavers","floor":19,"turns":3},{"damage":10,"enemies":"Colosseum Nobs","floor":19,"turns":4},{"damage":2,"enemies":"Chosen","floor":22,"turns":3},{"damage":20,"enemies":"Book of Stabbing","floor":24,"turns":5},{"damage":0,"enemies":"Centurion and Healer","floor":28,"turns":5},{"damage":0,"enemies":"Gremlin Leader","floor":29,"turns":5},{"damage":0,"enemies":"Sentry and Sphere","floor":30,"turns":4},{"damage":0,"enemies":"Book of Stabbing","floor":31,"turns":5},{"damage":69,"enemies":"Champ","floor":33,"turns":8}],"seed_played":"-1392707846131823581","potions_obtained":[{"floor":1,"key":"SteroidPotion"},{"floor":4,"key":"EssenceOfSteel"},{"floor":8,"key":"Energy Potion"},{"floor":16,"key":"FearPotion"},{"floor":19,"key":"SkillPotion"},{"floor":22,"key":"Explosive Potion"},{"floor":29,"key":"SmokeBomb"}],"is_trial":false,"path_per_floor":["M","?","?","M","M","R","E","M","T","E","R","M","R","?","R","B",null,"M","?","?","$","M","R","E","?","T","?","M","E","M","E","R","B"],"character_chosen":"DEFECT","items_purchased":["Toolbox"],"campfire_rested":0,"item_purchase_floors":[21],"current_hp_per_floor":[68,61,61,60,48,48,40,37,37,21,21,20,20,20,20,6,58,53,31,56,56,54,54,34,44,44,44,44,44,44,44,44,0],"gold":4,"neow_bonus":"ONE_RARE_RELIC","is_prod":false,"is_daily":false,"chose_seed":false,"campfire_upgraded":6,"win_rate":0,"timestamp":1552549691,"path_taken":["M","?","?","M","M","R","E","?","T","E","R","M","R","?","R","BOSS","M","?","?","$","M","R","E","?","T","?","M","E","M","E","R","BOSS"],"build_version":"2019-01-23","purchased_purges":0,"victory":false,"max_hp_per_floor":[75,75,75,75,75,75,75,75,75,75,75,75,75,75,75,75,75,75,75,75,75,75,75,75,85,85,85,85,85,85,85,85,85],"card_choices":[{"not_picked":["Genetic Algorithm","Turbo"],"picked":"Blizzard","floor":1},{"not_picked":["Hologram","Turbo"],"picked":"Streamline","floor":4},{"not_picked":["Reprogram","Compile Driver"],"picked":"Doom and Gloom","floor":5},{"not_picked":["Beam Cell","FTL","White Noise"],"picked":"SKIP","floor":7},{"not_picked":["Consume","Steam"],"picked":"Coolheaded","floor":8},{"not_picked":["Static Discharge","Hello World","Meteor Strike"],"picked":"SKIP","floor":10},{"not_picked":["Turbo","Barrage"],"picked":"Glacier","floor":12},{"not_picked":["Biased Cognition","Creative AI"],"picked":"Rainbow","floor":16},{"not_picked":["Self Repair","Gash"],"picked":"Rebound+1","floor":18},{"not_picked":["Hologram+1","Chill"],"picked":"Chaos","floor":19},{"not_picked":["Beam Cell+1","Scrape+1"],"picked":"Blizzard+1","floor":22},{"not_picked":["Chaos","Electrodynamics"],"picked":"Hologram+1","floor":24},{"not_picked":["Beam Cell","White Noise","Steam"],"picked":"SKIP","floor":28},{"not_picked":["Beam Cell","White Noise","Steam"],"picked":"SKIP","floor":28},{"not_picked":["Streamline+1","Rebound","Redo"],"picked":"SKIP","floor":29},{"not_picked":["Gash+1","Ball Lightning","Undo"],"picked":"SKIP","floor":30},{"not_picked":["Redo","Compile Driver+1","Auto Shields"],"picked":"SKIP","floor":31}],"player_experience":1113737,"relics_obtained":[{"floor":7,"key":"Anchor"},{"floor":9,"key":"Shuriken"},{"floor":10,"key":"Cables"},{"floor":19,"key":"WingedGreaves"},{"floor":19,"key":"Bottled Lightning"},{"floor":24,"key":"Boot"},{"floor":26,"key":"Bag of Marbles"},{"floor":29,"key":"The Courier"},{"floor":31,"key":"Juzu Bracelet"}],"event_choices":[{"cards_removed":["Defend_B"],"damage_healed":0,"gold_gain":0,"player_choice":"Card Removal","damage_taken":7,"max_hp_gain":0,"max_hp_loss":0,"event_name":"Golden Wing","floor":2,"gold_loss":0},{"damage_healed":0,"gold_gain":0,"player_choice":"Upgraded","damage_taken":0,"max_hp_gain":0,"max_hp_loss":0,"event_name":"Upgrade Shrine","floor":3,"gold_loss":0,"cards_upgraded":["Zap"]},{"damage_healed":0,"gold_gain":0,"player_choice":"Grow","damage_taken":0,"max_hp_gain":0,"max_hp_loss":0,"event_name":"Living Wall","floor":14,"gold_loss":0,"cards_upgraded":["Glacier"]},{"damage_healed":0,"gold_gain":0,"player_choice":"Fight","damage_taken":0,"max_hp_gain":0,"max_hp_loss":0,"event_name":"Colosseum","floor":19,"gold_loss":0},{"damage_healed":0,"gold_gain":0,"player_choice":"Fought Nobs","damage_taken":0,"max_hp_gain":0,"max_hp_loss":0,"event_name":"Colosseum","floor":19,"gold_loss":0},{"damage_healed":25,"gold_gain":0,"player_choice":"Heal","damage_taken":0,"max_hp_gain":0,"max_hp_loss":0,"event_name":"The Library","floor":20,"gold_loss":0},{"damage_healed":0,"gold_gain":0,"player_choice":"Opened","damage_taken":0,"relics_obtained":["Pear"],"max_hp_gain":0,"max_hp_loss":0,"event_name":"The Mausoleum","floor":25,"gold_loss":0},{"damage_healed":0,"gold_gain":0,"player_choice":"Simplicity","damage_taken":0,"max_hp_gain":0,"max_hp_loss":0,"event_name":"Back to Basics","floor":27,"gold_loss":0,"cards_upgraded":["Strike_B","Strike_B","Strike_B","Strike_B","Defend_B","Defend_B","Defend_B"]}],"is_beta":false,"boss_relics":[{"not_picked":["Orrery","Astrolabe"],"picked":"Ectoplasm"}],"items_purged_floors":[],"is_endless":false,"potions_floor_spawned":[1,4,8,16,19,19,22,29],"killed_by":"Champ","ascension_level":8}