{"gold_per_floor":[110,187,63,79,79,79,79,112,135,135,60,60,74,106,106,178,178,98,98,98,98,98,98,12,12,12,12,12,12,12,12,12,12,12,12,12,12,12,12,12,12,12,12,12,12,12],"floor_reached":46,"playtime":2008,"items_purged":["Strike_G"],"score":888,"play_id":"7210cbc0-fe11-4e51-8acb-c6b86b6b8567","local_time":"20190225181941","is_ascension_mode":true,"campfire_choices":[{"data":"Neutralize","floor":6.0,"key":"SMITH"},{"data":"Noxious Fumes","floor":10.0,"key":"SMITH"},{"data":"PiercingWail","floor":15.0,"key":"SMITH"},{"floor":23.0,"key":"REST"},{"floor":28.0,"key":"REST"},{"data":"Malaise","floor":30.0,"key":"SMITH"},{"floor":32.0,"key":"REST"},{"data":"Backflip","floor":40.0,"key":"SMITH"},{"data":"Footwork","floor":45,"key":"SMITH"}],"neow_cost":"NONE","seed_source_timestamp":0,"circlet_count":0,"master_deck":["AscendersBane","Defend_G","Defend_G","Defend_G","Defend_G","Defend_G","Strike_G","Strike_G","Strike_G","Strike_G","Survivor","Neutralize+1","Unload+1","Noxious Fumes","Noxious Fumes+1","Backstab","Dagger Throw+1","PiercingWail+1","Backflip+1","Malaise+1","PiercingWail+1","Backflip","Well Laid Plans","Well Laid Plans+1","Malaise+1","Escape Plan+1","Noxious Fumes+1","Deflect+1","Footwork+1"],"special_seed":0,"relics":["Ring of the Snake","Snake Skull","WingedGreaves","Nunchaku","StoneCalendar","Ectoplasm","Nloth\u0027s Gift","Calipers","Toxic Egg 2","Coffee Dripper"],"potions_floor_usage":[46,46],"damage_taken":[{"damage":2.0,"enemies":"Jaw Worm","floor":1.0,"turns":5.0},{"damage":0.0,"enemies":"2 Louse","floor":4.0,"turns":3.0},{"damage":27.0,"enemies":"Lagavulin","floor":8.0,"turns":6.0},{"damage":0.0,"enemies":"Cultist","floor":13.0,"turns":3.0},{"damage":10.0,"enemies":"3 Sentries","floor":14.0,"turns":5.0},{"damage":15.0,"enemies":"The Guardian","floor":16.0,"turns":8.0},{"damage":8.0,"enemies":"2 Thieves","floor":18.0,"turns":4.0},{"damage":11.0,"enemies":"Spheric Guardian","floor":20.0,"turns":6.0},{"damage":8.0,"enemies":"3 Cultists","floor":22.0,"turns":5.0},{"damage":8.0,"enemies":"Book of Stabbing","floor":25.0,"turns":7.0},{"damage":17.0,"enemies":"Cultist and Chosen","floor":27.0,"turns":7.0},{"damage":11.0,"enemies":"Centurion and Healer","floor":31.0,"turns":7.0},{"damage":54.0,"enemies":"Collector","floor":33.0,"turns":9.0},{"damage":0.0,"enemies":"3 Shapes","floor":35.0,"turns":6.0},{"damage":32.0,"enemies":"3 Darklings","floor":38.0,"turns":5.0},{"damage":0.0,"enemies":"Maw","floor":39.0,"turns":8.0},{"damage":32.0,"enemies":"Spire Growth","floor":42.0,"turns":8.0},{"damage":26,"enemies":"Reptomancer","floor":46,"turns":2}],"seed_played":"5961742511755593464","potions_obtained":[{"floor":8.0,"key":"SteroidPotion"},{"floor":13.0,"key":"Explosive Potion"},{"floor":20.0,"key":"SkillPotion"},{"floor":27.0,"key":"FairyPotion"},{"floor":33.0,"key":"GamblersBrew"},{"floor":42.0,"key":"EssenceOfSteel"}],"is_trial":false,"path_per_floor":["M","?","$","M","?","R","?","E","T","R","$","T","M","E","R","B",null,"M","$","M","?","M","R","$","E","T","M","R","$","R","M","R","B",null,"M","?","$","M","M","R","?","M","T","$","R","E"],"character_chosen":"THE_SILENT","items_purchased":["Noxious Fumes","Backstab","Well Laid Plans"],"campfire_rested":3,"item_purchase_floors":[3,3,24],"current_hp_per_floor":[57,57,57,57,39,39,61,34,34,34,34,34,34,24,24,9,52,44,44,33,33,25,44,44,36,36,19,38,38,38,27,46,6,51,51,51,51,19,19,19,54,22,22,22,22,0],"gold":12,"neow_bonus":"ONE_RANDOM_RARE_CARD","is_prod":false,"is_daily":false,"chose_seed":false,"campfire_upgraded":6,"win_rate":0,"timestamp":1551143981,"path_taken":["M","?","$","M","?","R","?","E","T","R","$","?","M","E","R","BOSS","M","$","M","?","?","R","$","E","T","M","R","?","R","M","R","BOSS","M","?","?","M","?","R","?","M","T","?","R","E"],"build_version":"2019-02-06","purchased_purges":1,"victory":false,"max_hp_per_floor":[66,66,66,66,66,66,66,66,66,66,66,66,66,66,66,66,66,66,66,66,66,66,66,66,66,66,66,66,66,66,66,66,66,66,66,66,66,66,66,66,54,54,54,54,54,54],"card_choices":[{"not_picked":["Deflect","Accuracy"],"picked":"Noxious Fumes","floor":1.0},{"not_picked":["Calculated Gamble","Deadly Poison"],"picked":"Dagger Throw","floor":4.0},{"not_picked":["Deadly Poison","Prepared"],"picked":"PiercingWail","floor":8.0},{"not_picked":["Slice","Blade Dance"],"picked":"Backflip","floor":13.0},{"not_picked":["Flying Knee","Outmaneuver","Terror"],"picked":"SKIP","floor":14.0},{"not_picked":["Die Die Die","Phantasmal Killer"],"picked":"Malaise","floor":16.0},{"not_picked":["Prepared+1","Quick Slash"],"picked":"PiercingWail+1","floor":18.0},{"not_picked":["Acrobatics","Bane"],"picked":"Backflip","floor":20.0},{"not_picked":["Underhanded Strike","Quick Slash","Bouncing Flask"],"picked":"SKIP","floor":22.0},{"not_picked":["Underhanded Strike","A Thousand Cuts","Unload"],"picked":"SKIP","floor":25.0},{"not_picked":["Blade Dance+1","Outmaneuver+1"],"picked":"Well Laid Plans+1","floor":27.0},{"not_picked":["Outmaneuver+1","Concentrate+1","Acrobatics+1"],"picked":"SKIP","floor":31.0},{"not_picked":["Envenom","Corpse Explosion+1"],"picked":"Malaise+1","floor":33.0},{"not_picked":["Prepared+1","Choke"],"picked":"Escape Plan+1","floor":35.0},{"not_picked":["Bane","Quick Slash+1"],"picked":"Noxious Fumes+1","floor":38.0},{"not_picked":["Dagger Throw+1","Heel Hook"],"picked":"Deflect+1","floor":39.0},{"not_picked":["Poisoned Stab","Quick Slash"],"picked":"Footwork","floor":42.0}],"player_experience":1128077,"relics_obtained":[{"floor":8.0,"key":"WingedGreaves"},{"floor":9.0,"key":"Whetstone"},{"floor":12.0,"key":"Nunchaku"},{"floor":14.0,"key":"StoneCalendar"},{"floor":25.0,"key":"Calipers"},{"floor":26.0,"key":"Toxic Egg 2"}],"event_choices":[{"damage_healed":0.0,"max_hp_gain":0.0,"max_hp_loss":0.0,"gold_gain":77.0,"event_name":"Golden Wing","player_choice":"Gained Gold","floor":2.0,"gold_loss":0.0,"damage_taken":0.0},{"damage_healed":0.0,"max_hp_gain":0.0,"max_hp_loss":0.0,"gold_gain":0.0,"event_name":"Scrap Ooze","player_choice":"Success","floor":5.0,"gold_loss":0.0,"damage_taken":18.0,"relics_obtained":["Snake Skull"]},{"damage_healed":22.0,"max_hp_gain":0.0,"max_hp_loss":0.0,"gold_gain":0.0,"event_name":"Big Fish","player_choice":"Banana","floor":7.0,"gold_loss":0.0,"damage_taken":0.0},{"damage_healed":0.0,"max_hp_gain":0.0,"max_hp_loss":0.0,"gold_gain":0.0,"event_name":"N\u0027loth","player_choice":"Traded Relic","floor":21.0,"relics_lost":["Whetstone"],"gold_loss":0.0,"damage_taken":0.0,"relics_obtained":["Nloth\u0027s Gift"]},{"damage_healed":0.0,"max_hp_gain":0.0,"max_hp_loss":0.0,"gold_gain":50.0,"event_name":"Golden Shrine","player_choice":"Pray","floor":36.0,"gold_loss":0.0,"damage_taken":0.0},{"damage_healed":54.0,"max_hp_gain":0.0,"max_hp_loss":12.0,"gold_gain":0.0,"event_name":"The Moai Head","player_choice":"Heal","floor":41.0,"gold_loss":0.0,"damage_taken":0.0}],"is_beta":true,"boss_relics":[{"not_picked":["Fusion Hammer","Busted Crown"],"picked":"Ectoplasm"},{"not_picked":["Runic Dome","Philosopher\u0027s Stone"],"picked":"Coffee Dripper"}],"items_purged_floors":[11],"is_endless":false,"potions_floor_spawned":[8,13,20,27,33,42],"killed_by":"Reptomancer","ascension_level":20}