{"gold_per_floor":[19,29,47,60,26,26,52,68,68,83,418,418,429,170,170,242,242,255,76,76,86,12,12,39,39,39,73,86,100,100,111,111,185,185,205,219,235,235,67,77,110,110,192,202,222,222,249,261,261,261,261,261,56,89,89],"floor_reached":56,"playtime":2209,"items_purged":["Strike_R","Strike_R"],"score":2060,"play_id":"29f588d8-1512-4e4d-8b4f-7e9f9c014db0","local_time":"20190330205124","is_ascension_mode":true,"campfire_choices":[{"data":"Feed","floor":6.0,"key":"SMITH"},{"data":"Armaments","floor":12.0,"key":"SMITH"},{"data":"Metallicize","floor":15.0,"key":"SMITH"},{"data":"Bash","floor":23.0,"key":"SMITH"},{"data":"Pommel Strike","floor":25.0,"key":"SMITH"},{"data":"Inflame","floor":32,"key":"SMITH"},{"floor":46,"key":"REST"},{"floor":49,"key":"RECALL"},{"floor":52,"key":"REST"}],"neow_cost":"NO_GOLD","seed_source_timestamp":1502046265629403,"circlet_count":0,"master_deck":["AscendersBane","Strike_R","Strike_R","Defend_R","Defend_R+1","Defend_R+1","Defend_R","Bash+1","Body Slam","Anger","Feed+1","Carnage","Headbutt","Armaments+1","Feed","Pommel Strike+1","Reaper","Metallicize+1","Offering","Inflame+1","Impervious","Fiend Fire","Dark Embrace","Whirlwind","Demon Form","True Grit","Heavy Blade+1","Shockwave+1","Shrug It Off+1"],"special_seed":0,"relics":["Burning Blood","Ice Cream","Orichalcum","Matryoshka","Old Coin","Sozu","Ornamental Fan","Omamori","War Paint","Happy Flower","Bag of Preparation","Snecko Eye","WarpedTongs","Darkstone Periapt","Frozen Egg 2","Letter Opener","ClockworkSouvenir","Strawberry"],"potions_floor_usage":[],"damage_taken":[{"damage":1.0,"enemies":"Cultist","floor":1.0,"turns":4.0},{"damage":7.0,"enemies":"Jaw Worm","floor":2.0,"turns":3.0},{"damage":7.0,"enemies":"Small Slimes","floor":3.0,"turns":3.0},{"damage":16.0,"enemies":"Blue Slaver","floor":4.0,"turns":3.0},{"damage":20.0,"enemies":"3 Sentries","floor":7.0,"turns":10.0},{"damage":2.0,"enemies":"2 Fungi Beasts","floor":8.0,"turns":3.0},{"damage":11.0,"enemies":"Red Slaver","floor":10.0,"turns":3.0},{"damage":20.0,"enemies":"Lagavulin","floor":11.0,"turns":6.0},{"damage":7.0,"enemies":"Large Slime","floor":13.0,"turns":8.0},{"damage":27.0,"enemies":"Hexaghost","floor":16.0,"turns":11.0},{"damage":12.0,"enemies":"Chosen","floor":18.0,"turns":4.0},{"damage":22.0,"enemies":"Shell Parasite","floor":21.0,"turns":6.0},{"damage":39.0,"enemies":"Book of Stabbing","floor":24.0,"turns":5.0},{"damage":13.0,"enemies":"Slavers","floor":27.0,"turns":10.0},{"damage":10,"enemies":"Cultist and Chosen","floor":28,"turns":5},{"damage":0,"enemies":"Sentry and Sphere","floor":29,"turns":4},{"damage":11,"enemies":"Shelled Parasite and Fungi","floor":31,"turns":6},{"damage":70,"enemies":"Collector","floor":33,"turns":10},{"damage":13,"enemies":"3 Shapes","floor":35,"turns":5},{"damage":6,"enemies":"Orb Walker","floor":36,"turns":1},{"damage":8,"enemies":"Sphere and 2 Shapes","floor":37,"turns":3},{"damage":33,"enemies":"Maw","floor":40,"turns":7},{"damage":60,"enemies":"Nemesis","floor":41,"turns":5},{"damage":20,"enemies":"Spire Growth","floor":44,"turns":4},{"damage":13,"enemies":"3 Darklings","floor":45,"turns":4},{"damage":44,"enemies":"Reptomancer","floor":47,"turns":6},{"damage":19,"enemies":"Sphere and 2 Shapes","floor":48,"turns":4},{"damage":42,"enemies":"Time Eater","floor":50,"turns":8},{"damage":26,"enemies":"Shield and Spear","floor":54,"turns":6},{"damage":106,"enemies":"The Heart","floor":55,"turns":9}],"seed_played":"-4092873409032445718","potions_obtained":[{"floor":1.0,"key":"BloodPotion"},{"floor":2.0,"key":"PowerPotion"},{"floor":4.0,"key":"FearPotion"},{"floor":8.0,"key":"Dexterity Potion"},{"floor":10.0,"key":"Regen Potion"},{"floor":11.0,"key":"Weak Potion"}],"is_trial":false,"path_per_floor":["M","M","M","M","$","R","E","M","T","M","E","R","M","$","R","B",null,"M","$","?","M","$","R","E","R","T","E","M","M","?","M","R","B",null,"M","M","M","?","$","M","E","?","T","M","M","R","E","M","R","B",null,"R","$","E","B",null],"character_chosen":"IRONCLAD","items_purchased":["Carnage","Reaper","Metallicize","Inflame","Impervious","Demon Form","True Grit","ClockworkSouvenir"],"campfire_rested":2,"item_purchase_floors":[5,14,14,19,22,39,39,53],"current_hp_per_floor":[73,72,71,61,61,61,47,51,51,50,55,55,61,61,61,43,81,83,83,83,76,76,76,56,56,56,68,67,86,86,94,94,44,111,120,124,126,126,126,122,71,71,71,67,88,134,107,107,107,71,140,163,163,167,97],"gold":89,"neow_bonus":"ONE_RARE_RELIC","is_prod":false,"is_daily":false,"chose_seed":false,"campfire_upgraded":6,"win_rate":0,"timestamp":1553993484,"path_taken":["M","M","?","M","$","R","E","?","T","M","E","R","M","?","R","BOSS","M","$","?","M","$","R","E","R","T","E","?","M","?","M","R","BOSS","M","M","M","?","$","?","E","?","T","M","M","R","E","M","R","BOSS","R","$","E","BOSS"],"build_version":"2019-03-15","purchased_purges":2,"victory":true,"max_hp_per_floor":[75,75,75,75,75,75,75,75,75,79,83,83,90,90,90,93,93,97,97,97,101,101,101,105,105,105,112,115,122,122,129,129,133,133,141,145,149,149,149,153,156,156,156,156,156,156,156,163,163,163,163,163,163,174,174],"card_choices":[{"not_picked":["Ghostly Armor","Corruption"],"picked":"Body Slam","floor":1.0},{"not_picked":["Sword Boomerang","Clash"],"picked":"Anger","floor":2.0},{"not_picked":["Second Wind","Sword Boomerang","Clash"],"picked":"SKIP","floor":3.0},{"not_picked":["Iron Wave","Headbutt"],"picked":"Feed","floor":4.0},{"not_picked":["Dropkick","Searing Blow"],"picked":"Headbutt","floor":7.0},{"not_picked":["Headbutt","Twin Strike"],"picked":"Armaments","floor":8.0},{"not_picked":["Hemokinesis","Body Slam","Headbutt"],"picked":"SKIP","floor":10.0},{"not_picked":["Limit Break","Dropkick"],"picked":"Feed","floor":11.0},{"not_picked":["Headbutt","Bloodletting"],"picked":"Pommel Strike","floor":13.0},{"not_picked":["Impervious","Exhume"],"picked":"Offering","floor":16.0},{"not_picked":["Sentinel+1","Pummel","Perfected Strike"],"picked":"SKIP","floor":18.0},{"not_picked":["Dual Wield","Pummel","Twin Strike"],"picked":"SKIP","floor":21.0},{"not_picked":["Dual Wield","Pummel","Twin Strike"],"picked":"SKIP","floor":21.0},{"not_picked":["Perfected Strike","True Grit"],"picked":"Fiend Fire","floor":24.0},{"not_picked":["Clothesline","Wild Strike+1","Fiend Fire"],"picked":"SKIP","floor":27.0},{"not_picked":["Armaments","True Grit","Iron Wave"],"picked":"SKIP","floor":28},{"not_picked":["Flex","Twin Strike+1","Havoc+1"],"picked":"SKIP","floor":29},{"not_picked":["Ghostly Armor","Twin Strike","Cleave"],"picked":"SKIP","floor":31},{"not_picked":["Juggernaut","Fiend Fire"],"picked":"Dark Embrace","floor":33},{"not_picked":["Entrench+1","Hemokinesis"],"picked":"Whirlwind","floor":35},{"not_picked":["Headbutt","Iron Wave","Perfected Strike+1"],"picked":"SKIP","floor":36},{"not_picked":["Thunderclap+1","Sentinel","Warcry"],"picked":"SKIP","floor":37},{"not_picked":["Headbutt+1","Bloodletting"],"picked":"Heavy Blade+1","floor":40},{"not_picked":["Dark Embrace","Pummel+1"],"picked":"Shockwave+1","floor":41},{"not_picked":["Warcry","Sword Boomerang+1","Anger"],"picked":"SKIP","floor":44},{"not_picked":["Warcry","Body Slam","True Grit"],"picked":"SKIP","floor":45},{"not_picked":["Reckless Charge","Pommel Strike","Cleave"],"picked":"SKIP","floor":47},{"not_picked":["Sentinel","Bloodletting+1","Cleave"],"picked":"SKIP","floor":48},{"not_picked":["Rage+1","Ghostly Armor+1"],"picked":"Shrug It Off+1","floor":54}],"player_experience":2325786,"relics_obtained":[{"floor":7.0,"key":"Orichalcum"},{"floor":9.0,"key":"Matryoshka"},{"floor":11.0,"key":"Old Coin"},{"floor":24.0,"key":"Ornamental Fan"},{"floor":26.0,"key":"Omamori"},{"floor":26.0,"key":"War Paint"},{"floor":27.0,"key":"Happy Flower"},{"floor":41,"key":"Darkstone Periapt"},{"floor":43,"key":"Frozen Egg 2"},{"floor":47,"key":"Letter Opener"},{"floor":54,"key":"Strawberry"}],"event_choices":[{"cards_removed":["Strike_R"],"damage_healed":0.0,"max_hp_gain":0.0,"max_hp_loss":0.0,"gold_gain":0.0,"event_name":"Purifier","player_choice":"Purged","floor":20.0,"gold_loss":0.0,"damage_taken":0.0},{"damage_healed":0,"gold_gain":0,"player_choice":"Stole Relic","damage_taken":0,"relics_obtained":["Bag of Preparation"],"max_hp_gain":0,"max_hp_loss":0,"event_name":"Addict","floor":30,"gold_loss":0,"cards_obtained":["Shame"]},{"damage_healed":0,"gold_gain":0,"player_choice":"Rummage","damage_taken":0,"relics_obtained":["WarpedTongs"],"max_hp_gain":0,"max_hp_loss":0,"event_name":"Accursed Blacksmith","floor":38,"gold_loss":0,"cards_obtained":["Pain"]},{"damage_healed":0,"gold_gain":0,"player_choice":"Ignored","damage_taken":0,"max_hp_gain":0,"max_hp_loss":0,"event_name":"The Moai Head","floor":42,"gold_loss":0}],"is_beta":true,"boss_relics":[{"not_picked":["Pandora\u0027s Box","White Beast Statue"],"picked":"Sozu"},{"not_picked":["Calling Bell","Mark of Pain"],"picked":"Snecko Eye"}],"items_purged_floors":[14,19],"is_endless":false,"potions_floor_spawned":[1,2,4,8,10,11,21,27,28,31,37,41,48,54],"ascension_level":15}