{"gold_per_floor":[110,62,62,81,6,44,44,79,79,79,79,104,128,5,5,104,104,122,147,74,97,121,121,135,135,135,156,156,21,21,21,21,21],"floor_reached":33,"playtime":1241,"items_purged":["Strike_R"],"score":490,"play_id":"4014c9f1-7216-421a-89b4-09431ac9b902","local_time":"20181219155329","is_ascension_mode":true,"campfire_choices":[{"floor":10,"key":"REST"},{"data":"Bash","floor":15,"key":"SMITH"},{"data":"Barricade","floor":23,"key":"SMITH"},{"floor":25,"key":"REST"},{"data":"Metallicize","floor":28,"key":"SMITH"},{"data":"Corruption","floor":30,"key":"SMITH"},{"floor":32,"key":"RECALL"}],"neow_cost":"NONE","seed_source_timestamp":102912665925972,"circlet_count":0,"master_deck":["AscendersBane","Strike_R","Strike_R","Strike_R","Strike_R","Defend_R","Defend_R","Defend_R","Defend_R","Bash+1","Armaments","True Grit","Clothesline","Whirlwind","True Grit+1","Flex+1","Corruption+1","Armaments+1","Barricade+1","Havoc+1","Intimidate+1","Power Through+1","Clothesline+1","Shrug It Off+1","Power Through+1","Metallicize+1","Offering+1"],"relics":["Burning Blood","NeowsBlessing","Golden Idol","Torii","Toxic Egg 2","Ice Cream","Runic Dome","Pantograph"],"potions_floor_usage":[16,33],"damage_taken":[{"damage":0,"enemies":"Jaw Worm","floor":1,"turns":1},{"damage":0,"enemies":"2 Louse","floor":4,"turns":1},{"damage":0,"enemies":"Gremlin Nob","floor":6,"turns":1},{"damage":58,"enemies":"Lagavulin","floor":8,"turns":8},{"damage":1,"enemies":"Cultist","floor":12,"turns":4},{"damage":6,"enemies":"Looter","floor":13,"turns":3},{"damage":20,"enemies":"The Guardian","floor":16,"turns":17},{"damage":0,"enemies":"3 Byrds","floor":18,"turns":5},{"damage":14,"enemies":"Spheric Guardian","floor":19,"turns":5},{"damage":14,"enemies":"Centurion and Healer","floor":21,"turns":11},{"damage":28,"enemies":"Cultist and Chosen","floor":22,"turns":8},{"damage":13,"enemies":"Snecko","floor":24,"turns":7},{"damage":7,"enemies":"Centurion and Healer","floor":27,"turns":12},{"damage":76,"enemies":"Collector","floor":33,"turns":20}],"seed_played":"2096158437108608475","potions_obtained":[{"floor":6,"key":"Dexterity Potion"},{"floor":8,"key":"SteroidPotion"},{"floor":19,"key":"Fire Potion"}],"is_trial":false,"path_per_floor":["M","$","?","M","$","E","?","E","T","R","$","M","M","$","R","B",null,"M","M","$","M","M","R","M","R","T","M","R","$","R","$","R","B"],"character_chosen":"IRONCLAD","items_purchased":["True Grit","Corruption","Armaments+1","Power Through+1","Offering+1"],"campfire_rested":2,"item_purchase_floors":[2,14,14,20,29],"current_hp_per_floor":[74,74,48,54,54,60,60,8,8,30,30,35,35,35,35,21,62,68,60,60,52,30,30,23,45,45,44,44,44,44,44,44,0],"gold":21,"neow_bonus":"THREE_ENEMY_KILL","is_prod":false,"is_daily":false,"chose_seed":false,"campfire_upgraded":4,"win_rate":0,"timestamp":1545260009,"path_taken":["M","$","?","M","$","E","?","E","T","R","$","M","M","?","R","BOSS","M","M","$","M","M","R","M","R","T","M","R","$","R","$","R","BOSS"],"build_version":"2018-12-17","purchased_purges":1,"victory":false,"max_hp_per_floor":[75,75,75,75,75,75,75,75,75,75,75,75,75,75,75,75,75,75,75,75,75,75,75,75,75,75,75,75,75,75,75,75,75],"card_choices":[{"not_picked":["Headbutt","Twin Strike"],"picked":"Armaments","floor":1},{"not_picked":["Wild Strike","Anger"],"picked":"Clothesline","floor":4},{"not_picked":["Wild Strike","Combust"],"picked":"Whirlwind","floor":6},{"not_picked":["Wild Strike","Armaments"],"picked":"True Grit","floor":8},{"not_picked":["Headbutt","Dropkick","Blood for Blood"],"picked":"SKIP","floor":12},{"not_picked":["Heavy Blade","Carnage"],"picked":"Flex+1","floor":13},{"not_picked":["Limit Break+1","Juggernaut"],"picked":"Barricade","floor":16},{"not_picked":["Dual Wield+1","Thunderclap+1"],"picked":"Havoc+1","floor":18},{"not_picked":["Clash","Twin Strike"],"picked":"Intimidate+1","floor":19},{"not_picked":["Body Slam","Fire Breathing"],"picked":"Clothesline+1","floor":21},{"not_picked":["Dual Wield+1","Barricade"],"picked":"Shrug It Off+1","floor":22},{"not_picked":["Thunderclap","Blood for Blood"],"picked":"Power Through+1","floor":24},{"not_picked":["Uppercut","Havoc+1"],"picked":"Metallicize","floor":27}],"player_experience":988964,"relics_obtained":[{"floor":6,"key":"Torii"},{"floor":8,"key":"Toxic Egg 2"},{"floor":9,"key":"Ice Cream"},{"floor":26,"key":"Pantograph"}],"event_choices":[{"damage_healed":0,"gold_gain":0,"player_choice":"Take Damage","damage_taken":26,"relics_obtained":["Golden Idol"],"max_hp_gain":0,"max_hp_loss":0,"event_name":"Golden Idol","floor":3,"gold_loss":0},{"damage_healed":0,"gold_gain":0,"player_choice":"Ignored","damage_taken":0,"max_hp_gain":0,"max_hp_loss":0,"event_name":"Liars Game","floor":7,"gold_loss":0}],"is_beta":true,"boss_relics":[{"not_picked":["Coffee Dripper","Calling Bell"],"picked":"Runic Dome"}],"items_purged_floors":[5],"is_endless":false,"potions_floor_spawned":[6,8,19,22,24],"killed_by":"Collector","ascension_level":15}