{"path_per_floor":["M","?","?","?","M","R","E","M","T","M","M","M","E","M","R","B",null,"M","?","?","?","?"],"character_chosen":"THE_SILENT","items_purchased":[],"gold_per_floor":[119,69,69,244,261,261,295,310,310,330,350,360,388,405,405,505,505,525,450,450,450,450,450],"floor_reached":23,"campfire_rested":0,"playtime":1130,"current_hp_per_floor":[63,63,63,63,61,61,52,48,48,48,48,48,48,45,45,14,61,47,47,47,47,47,0],"items_purged":[],"gold":450,"score":312,"play_id":"fbd397db-cbe8-490d-bbe4-2195c0cd8adb","local_time":"20180325155506","is_prod":false,"is_daily":false,"is_ascension_mode":true,"campfire_upgraded":2,"timestamp":1522007706,"path_taken":["M","?","?","?","M","R","E","M","T","?","?","M","E","M","R","BOSS","M","?","?","?","?","E"],"build_version":"2018-03-22v2","purchased_purges":0,"victory":false,"master_deck":["Defend_G","Defend_G","Defend_G","Defend_G","Defend_G","Strike_G","Strike_G","Strike_G","Strike_G","Survivor","Neutralize","AscendersBane","Skewer+1","Doubt","Leg Sweep","Accuracy","Dagger Throw","Predator","Terror","Cloak And Dagger+1","Accuracy","Eviscerate","After Image","Accuracy+1","Writhe","Decay"],"max_hp_per_floor":[70,70,70,70,70,70,70,70,70,70,70,70,77,77,77,77,77,77,77,77,77,77,77],"relics":["Ring of the Snake","Orichalcum","Anchor","Gambling Chip","Strawberry","Black Star","Pantograph"],"card_choices":[{"not_picked":["Deadly Poison","Escape Plan"],"picked":"Skewer","floor":1},{"not_picked":["Poisoned Stab","Sucker Punch"],"picked":"Leg Sweep","floor":5},{"not_picked":["Deflect","Dodge and Roll"],"picked":"Accuracy","floor":7},{"not_picked":["Prepared","PiercingWail"],"picked":"Dagger Throw","floor":8},{"not_picked":["Dodge and Roll","Deadly Poison"],"picked":"Predator","floor":10},{"not_picked":["Masterful Stab","Glass Knife"],"picked":"Terror","floor":11},{"not_picked":["All Out Attack","Prepared"],"picked":"Cloak And Dagger","floor":12},{"not_picked":["Deadly Poison","Reflex"],"picked":"Accuracy","floor":13},{"not_picked":["Quick Slash","Deadly Poison"],"picked":"Eviscerate","floor":14},{"not_picked":["A Thousand Cuts","Envenom"],"picked":"After Image","floor":16},{"not_picked":["Cloak And Dagger","Choke"],"picked":"Accuracy","floor":18}],"player_experience":599658,"potions_floor_usage":[7,13,14,18,23,23],"damage_taken":[{"damage":0,"enemies":"Small Slimes","floor":1,"turns":7},{"damage":2,"enemies":"2 Louse","floor":5,"turns":4},{"damage":9,"enemies":"3 Sentries","floor":7,"turns":9},{"damage":4,"enemies":"Cultist","floor":8,"turns":5},{"damage":0,"enemies":"3 Louse","floor":10,"turns":6},{"damage":0,"enemies":"Blue Slaver","floor":11,"turns":3},{"damage":0,"enemies":"Red Slaver","floor":12,"turns":2},{"damage":7,"enemies":"Gremlin Nob","floor":13,"turns":4},{"damage":3,"enemies":"Gremlin Gang","floor":14,"turns":3},{"damage":31,"enemies":"The Guardian","floor":16,"turns":11},{"damage":14,"enemies":"3 Byrds","floor":18,"turns":8},{"damage":57,"enemies":"Gremlin Leader","floor":23,"turns":6}],"event_choices":[{"event_name":"The Cleric","player_choice":"Card Removal","floor":2,"damage_taken":0},{"event_name":"Big Fish","player_choice":"Box","floor":3,"damage_taken":0},{"event_name":"Liars Game","player_choice":"agreed","floor":4,"damage_taken":0},{"event_name":"Beggar","player_choice":"Gave Gold","floor":19,"damage_taken":0},{"event_name":"The Mausoleum","player_choice":"Yes","floor":20,"damage_taken":0},{"event_name":"Forgotten Altar","player_choice":"Smashed Altar","floor":21,"damage_taken":0},{"event_name":"The Lab","player_choice":"Got Potions","floor":22,"damage_taken":0}],"boss_relics":[{"not_picked":["Orrery","Cursed Key"],"picked":"Black Star"}],"potions_floor_spawned":[1,7,8,10,16],"seed_played":"-3838526287154591773","killed_by":"Gremlin Leader","ascension_level":11,"is_trial":false}