{"gold_per_floor":[360,25,25,41,51,84,84,118,173,173,187,207,237,265,277,289],"floor_reached":16,"playtime":771,"items_purged":[],"score":244,"play_id":"40bfb6fd-32b3-4546-9dba-665a37b4825d","local_time":"20190405163019","is_ascension_mode":true,"campfire_choices":[{"data":"Inflame","floor":10,"key":"SMITH"},{"data":"True Grit","floor":15,"key":"SMITH"}],"neow_cost":"PERCENT_DAMAGE","seed_source_timestamp":367946408652427,"circlet_count":0,"master_deck":["AscendersBane","Strike_R","Strike_R","Strike_R","Strike_R","Strike_R","Defend_R","Defend_R","Defend_R","Defend_R","Bash+1","Inflame+1","Carnage+1","Heavy Blade","Feel No Pain","Reaper","Pommel Strike","Evolve","True Grit+1","Impervious"],"relics":["Burning Blood","Oddly Smooth Stone","Bag of Preparation","Omamori","Tiny Chest","MawBank"],"potions_floor_usage":[6,8,14,16],"damage_taken":[{"damage":9,"enemies":"Jaw Worm","floor":1,"turns":4},{"damage":1,"enemies":"2 Louse","floor":4,"turns":3},{"damage":0,"enemies":"Cultist","floor":5,"turns":3},{"damage":38,"enemies":"3 Sentries","floor":6,"turns":8},{"damage":2,"enemies":"Gremlin Nob","floor":8,"turns":3},{"damage":22,"enemies":"Exordium Wildlife","floor":11,"turns":5},{"damage":11,"enemies":"Exordium Thugs","floor":12,"turns":4},{"damage":34,"enemies":"Lagavulin","floor":13,"turns":5},{"damage":3,"enemies":"Blue Slaver","floor":14,"turns":3},{"damage":22,"enemies":"Hexaghost","floor":16,"turns":9}],"seed_played":"-6646570962659027608","potions_obtained":[{"floor":5,"key":"Regen Potion"},{"floor":6,"key":"SkillPotion"},{"floor":13,"key":"Block Potion"},{"floor":14,"key":"GamblersBrew"}],"is_trial":false,"path_per_floor":["M","$","?","M","M","E","?","E","T","R","M","M","E","M","R","B"],"character_chosen":"IRONCLAD","items_purchased":["Inflame","Oddly Smooth Stone","Carnage"],"campfire_rested":0,"item_purchase_floors":[2,2,2],"current_hp_per_floor":[47,47,47,52,58,41,41,45,45,45,36,37,9,12,12,0],"gold":289,"neow_bonus":"TWO_FIFTY_GOLD","is_prod":false,"is_daily":false,"chose_seed":false,"campfire_upgraded":2,"win_rate":0,"timestamp":1554496219,"path_taken":["M","$","?","M","M","E","?","E","T","R","?","M","E","M","R","BOSS"],"build_version":"2019-01-23","purchased_purges":0,"victory":false,"max_hp_per_floor":[75,75,75,75,75,75,75,75,75,75,75,75,75,75,75,75],"card_choices":[{"not_picked":["Cleave","Infernal Blade","Fire Breathing"],"picked":"SKIP","floor":1},{"not_picked":["Sword Boomerang","Armaments","Flex"],"picked":"SKIP","floor":4},{"not_picked":["Havoc","Perfected Strike"],"picked":"Heavy Blade","floor":5},{"not_picked":["Infernal Blade","Dropkick"],"picked":"Feel No Pain","floor":6},{"not_picked":["Berserk","Warcry"],"picked":"Reaper","floor":8},{"not_picked":["Sever Soul","Second Wind"],"picked":"Pommel Strike","floor":11},{"not_picked":["True Grit","Cleave"],"picked":"Evolve","floor":12},{"not_picked":["Perfected Strike","Rampage"],"picked":"True Grit","floor":13},{"not_picked":["True Grit","Warcry"],"picked":"Impervious","floor":14}],"player_experience":1626852,"relics_obtained":[{"floor":6,"key":"Bag of Preparation"},{"floor":8,"key":"Omamori"},{"floor":9,"key":"Tiny Chest"},{"floor":13,"key":"MawBank"}],"event_choices":[{"damage_healed":0,"gold_gain":0,"player_choice":"Grow","damage_taken":0,"max_hp_gain":0,"max_hp_loss":0,"event_name":"Living Wall","floor":3,"gold_loss":0,"cards_upgraded":["Carnage"]},{"damage_healed":0,"gold_gain":0,"player_choice":"Upgraded","damage_taken":0,"max_hp_gain":0,"max_hp_loss":0,"event_name":"Upgrade Shrine","floor":7,"gold_loss":0,"cards_upgraded":["Bash"]}],"is_beta":false,"boss_relics":[],"items_purged_floors":[],"is_endless":false,"potions_floor_spawned":[5,6,13,14],"killed_by":"Hexaghost","ascension_level":20}