{"gold_per_floor":[119,136,136,154,154,154,187,187,187,187],"floor_reached":10,"playtime":299,"items_purged":[],"score":132,"play_id":"bfe013d0-6110-4026-abef-9c6e6d3410e7","local_time":"20190506183811","is_ascension_mode":true,"campfire_choices":[{"data":"Poisoned Stab","floor":6,"key":"SMITH"},{"data":"Crippling Poison","floor":8,"key":"SMITH"}],"neow_cost":"NONE","seed_source_timestamp":551676025699610,"circlet_count":0,"master_deck":["AscendersBane","Defend_G","Defend_G","Defend_G","Defend_G","Defend_G","Strike_G","Strike_G","Strike_G","Strike_G","Strike_G","Survivor","Neutralize","Poisoned Stab+1","Cloak And Dagger","Backflip","Crippling Poison+1"],"relics":["Ring of the Snake","Meat on the Bone","Kunai","Ice Cream","Frozen Egg 2"],"potions_floor_usage":[7],"damage_taken":[{"damage":2,"enemies":"2 Louse","floor":1,"turns":3},{"damage":3,"enemies":"Cultist","floor":2,"turns":4},{"damage":1,"enemies":"Small Slimes","floor":4,"turns":4},{"damage":23,"enemies":"Lagavulin","floor":7,"turns":7},{"damage":41,"enemies":"Gremlin Nob","floor":10,"turns":4}],"seed_played":"3921417888489294841","potions_obtained":[{"floor":2,"key":"Weak Potion"}],"is_trial":false,"path_per_floor":["M","M","?","M","?","R","E","R","T","E"],"character_chosen":"THE_SILENT","items_purchased":[],"campfire_rested":0,"item_purchase_floors":[],"current_hp_per_floor":[57,54,49,48,48,48,37,37,37,0],"gold":187,"neow_bonus":"THREE_CARDS","is_prod":false,"is_daily":false,"chose_seed":false,"campfire_upgraded":2,"win_rate":0,"timestamp":1557193091,"path_taken":["M","M","?","M","?","R","E","R","T","E"],"build_version":"2019-04-23","purchased_purges":0,"victory":false,"max_hp_per_floor":[66,66,66,66,66,66,66,66,66,66],"card_choices":[{"not_picked":["Outmaneuver","Cloak And Dagger"],"picked":"Poisoned Stab","floor":0},{"not_picked":["Acrobatics","Setup","Underhanded Strike"],"picked":"SKIP","floor":1},{"not_picked":["Outmaneuver","Dagger Spray"],"picked":"Cloak And Dagger","floor":2},{"not_picked":["Slice","Deflect"],"picked":"Backflip","floor":4},{"not_picked":["Burst","Calculated Gamble"],"picked":"Crippling Poison","floor":7}],"player_experience":6218284,"relics_obtained":[{"floor":5,"key":"Kunai"},{"floor":7,"key":"Ice Cream"},{"floor":9,"key":"Frozen Egg 2"}],"event_choices":[{"damage_healed":0,"gold_gain":0,"player_choice":"Success","damage_taken":5,"relics_obtained":["Meat on the Bone"],"max_hp_gain":0,"max_hp_loss":0,"event_name":"Scrap Ooze","floor":3,"gold_loss":0},{"damage_healed":0,"gold_gain":0,"player_choice":"Relic","damage_taken":0,"max_hp_gain":0,"max_hp_loss":0,"event_name":"Wheel of Change","floor":5,"gold_loss":0}],"is_beta":true,"boss_relics":[],"items_purged_floors":[],"is_endless":false,"potions_floor_spawned":[2],"killed_by":"Gremlin Nob","ascension_level":20}