{"path_per_floor":["M","?","M","?","M","R","?","E","T","E","R","?","R","?","R","B",null,"M","M","T","?"],"character_chosen":"IRONCLAD","items_purchased":[],"gold_per_floor":[110,60,72,72,87,87,87,130,130,173,173,173,173,173,173,292,292,315,330,330,255],"floor_reached":22,"campfire_rested":1,"playtime":762,"current_hp_per_floor":[71,71,68,68,67,67,67,26,26,25,25,10,10,10,48,13,61,39,28,28,28],"items_purged":[],"gold":255,"score":295,"play_id":"27949436-e784-444f-ae72-c9518a6afe29","local_time":"20180318152111","is_prod":false,"is_daily":false,"is_ascension_mode":true,"campfire_upgraded":3,"timestamp":1521400871,"path_taken":["M","?","M","?","M","R","?","E","T","E","R","?","R","?","R","BOSS","M","M","?","?","M"],"build_version":"2018-03-15v3","purchased_purges":0,"victory":false,"master_deck":["Strike_R+1","Strike_R","Strike_R","Strike_R","Defend_R","Defend_R","Defend_R","Defend_R","Bash","Dark Embrace+1","Inflame+1","Metallicize+1","Injury","Heavy Blade+1","Decay","Demon Form","Pommel Strike+1","Warcry+1"],"max_hp_per_floor":[80,80,80,77,77,77,77,77,77,77,77,77,77,77,77,77,77,77,77,77,77],"relics":["Burning Blood","Golden Idol","Juzu Bracelet","Du-Vu Doll","Regal Pillow","Sozu","Torii"],"card_choices":[{"not_picked":["Limit Break","Exhume"],"picked":"Dark Embrace"},{"not_picked":["Clash","Fire Breathing"],"picked":"Inflame"},{"not_picked":["Juggernaut","Thunderclap"],"picked":"Metallicize"},{"not_picked":["Warcry","Shrug It Off"],"picked":"Heavy Blade"},{"not_picked":["Impervious","Brutality"],"picked":"Demon Form"},{"not_picked":["Sentinel","Evolve"],"picked":"Pommel Strike"},{"not_picked":["Pommel Strike","Sword Boomerang"],"picked":"Warcry"}],"player_experience":556984,"potions_floor_usage":[8,10,16,18],"damage_taken":[{"damage":7,"enemies":"Small Slimes","floor":1,"turns":4},{"damage":9,"enemies":"Jaw Worm","floor":3,"turns":5},{"damage":7,"enemies":"2 Louse","floor":5,"turns":3},{"damage":47,"enemies":"Gremlin Nob","floor":8,"turns":5},{"damage":19,"enemies":"3 Sentries","floor":10,"turns":8},{"damage":41,"enemies":"Hexaghost","floor":16,"turns":8},{"damage":28,"enemies":"3 Byrds","floor":18,"turns":5},{"damage":17,"enemies":"Shell Parasite","floor":19,"turns":5},{"damage":28,"enemies":"Snake Plant","floor":22,"turns":3}],"event_choices":[{"event_name":"The Cleric","player_choice":"Card Removal","floor":2,"damage_taken":0},{"event_name":"Living Wall","player_choice":"Forget","floor":4,"damage_taken":0},{"event_name":"Golden Idol","player_choice":"Take Wound","floor":7,"damage_taken":0},{"event_name":"Shining Light","player_choice":"Entered Light","floor":12,"damage_taken":0},{"event_name":"Wheel of Change","player_choice":"Curse","floor":14,"damage_taken":0},{"event_name":"Beggar","player_choice":"Gave Gold","floor":21,"damage_taken":0}],"boss_relics":[{"not_picked":["Orrery","Runic Cube"],"picked":"Sozu"}],"potions_floor_spawned":[5,8,10,16,19],"seed_played":"-7002193048328349387","killed_by":"Snake Plant","ascension_level":11,"is_trial":false}