{"gold_per_floor":[117,129,145,105,119,119,145,145,172,197,207,172,172,172,172,251,251,264,264,44,58,68,68,68,68,93,127,42,42,72,85,85,162,162,180,1179,765,765,765,776,806,826,905,905,905,937,937,967,967,967],"floor_reached":50,"playtime":2463,"items_purged":["Normality"],"score":1198,"play_id":"024948cb-e0e9-4df7-a94d-ccb4d21bc692","local_time":"20190502041332","is_ascension_mode":true,"campfire_choices":[{"data":"Phantasmal Killer","floor":6.0,"key":"SMITH"},{"data":"Skewer","floor":8.0,"key":"SMITH"},{"data":"Finisher","floor":13.0,"key":"SMITH"},{"data":"Noxious Fumes","floor":15.0,"key":"SMITH"},{"data":"Backstab","floor":23.0,"key":"SMITH"},{"data":"Glass Knife","floor":25.0,"key":"SMITH"},{"data":"Glass Knife","floor":29.0,"key":"SMITH"},{"data":"Well Laid Plans","floor":32.0,"key":"SMITH"},{"floor":44.0,"key":"RECALL"},{"data":"Mind Blast","floor":47.0,"key":"SMITH"},{"floor":49.0,"key":"REST"}],"neow_cost":"NONE","seed_source_timestamp":812196256476020,"circlet_count":0,"master_deck":["AscendersBane","Defend_G","Defend_G","Defend_G","Defend_G","Defend_G","Survivor","Neutralize","Phantasmal Killer+1","Finisher+1","Flying Knee","Masterful Stab","Skewer+1","Noxious Fumes+1","Die Die Die","Well Laid Plans+1","Glass Knife+1","Slice","Backstab+1","Glass Knife+1","Bite","Bite","Bite","Bite","Bite","Glass Knife","Normality","Mind Blast+1","Writhe","Pain","Cloak And Dagger+1","Secret Technique"],"special_seed":0,"relics":["Ring of the Snake","Vajra","Smiling Mask","Potion Belt","Busted Crown","MutagenicStrength","Bag of Preparation","Ice Cream","Du-Vu Doll","Black Star","Anchor","WarpedTongs","Strawberry","Pen Nib","Bottled Lightning","Art of War","Orichalcum","Oddly Smooth Stone","Bottled Flame"],"potions_floor_usage":[],"damage_taken":[{"damage":1.0,"enemies":"Small Slimes","floor":1.0,"turns":4.0},{"damage":17.0,"enemies":"Cultist","floor":2.0,"turns":5.0},{"damage":3.0,"enemies":"Jaw Worm","floor":3.0,"turns":5.0},{"damage":4.0,"enemies":"Exordium Thugs","floor":5.0,"turns":4.0},{"damage":2.0,"enemies":"3 Sentries","floor":7.0,"turns":6.0},{"damage":15.0,"enemies":"Lagavulin","floor":10.0,"turns":5.0},{"damage":13.0,"enemies":"Blue Slaver","floor":11.0,"turns":4.0},{"damage":9.0,"enemies":"Hexaghost","floor":16.0,"turns":7.0},{"damage":17.0,"enemies":"2 Thieves","floor":18.0,"turns":2.0},{"damage":0.0,"enemies":"Shell Parasite","floor":21.0,"turns":2.0},{"damage":4.0,"enemies":"Chosen and Byrds","floor":22.0,"turns":3.0},{"damage":16.0,"enemies":"Book of Stabbing","floor":27.0,"turns":3.0},{"damage":5.0,"enemies":"Gremlin Leader","floor":30.0,"turns":4.0},{"damage":12.0,"enemies":"Centurion and Healer","floor":31.0,"turns":12.0},{"damage":40.0,"enemies":"Champ","floor":33.0,"turns":7.0},{"damage":0.0,"enemies":"3 Shapes","floor":35.0,"turns":1.0},{"damage":3.0,"enemies":"Orb Walker","floor":40.0,"turns":1.0},{"damage":20.0,"enemies":"Giant Head","floor":41.0,"turns":4.0},{"damage":4.0,"enemies":"Sphere and 2 Shapes","floor":42.0,"turns":1.0},{"damage":5.0,"enemies":"Reptomancer","floor":46.0,"turns":3.0},{"damage":22.0,"enemies":"Nemesis","floor":48.0,"turns":5.0},{"damage":45,"enemies":"Awakened One","floor":50,"turns":5}],"seed_played":"5576523882591991954","potions_obtained":[{"floor":3.0,"key":"Ancient Potion"},{"floor":4.0,"key":"LiquidBronze"},{"floor":4.0,"key":"Fire Potion"},{"floor":7.0,"key":"FearPotion"},{"floor":10.0,"key":"Dexterity Potion"},{"floor":11.0,"key":"Poison Potion"},{"floor":18.0,"key":"Energy Potion"},{"floor":22.0,"key":"Regen Potion"},{"floor":31.0,"key":"LiquidBronze"},{"floor":33.0,"key":"Energy Potion"},{"floor":40.0,"key":"Strength Potion"},{"floor":42.0,"key":"SteroidPotion"}],"is_trial":false,"path_per_floor":["M","M","M","?","M","R","E","R","T","E","M","?","R","?","R","B",null,"M","?","$","M","M","R","?","R","T","E","?","R","E","M","R","B",null,"M","?","$","?","?","M","E","M","T","R","?","E","R","E","R","B"],"character_chosen":"THE_SILENT","items_purchased":["Backstab","Fire Potion","Glass Knife","Anchor","FearPotion","Block Potion","Mind Blast"],"campfire_rested":1,"item_purchase_floors":[20,20,20,37,37,37,37],"current_hp_per_floor":[58,41,38,38,34,34,32,32,32,17,4,20,20,20,20,11,52,35,35,35,35,31,31,31,31,31,21,21,21,24,40,40,27,41,45,45,45,46,46,45,39,35,35,35,35,32,32,21,36,0],"gold":967,"neow_bonus":"ONE_RANDOM_RARE_CARD","is_prod":false,"is_daily":false,"chose_seed":false,"campfire_upgraded":9,"win_rate":0,"timestamp":1556784812,"path_taken":["M","M","M","?","M","R","E","R","T","E","?","?","R","?","R","BOSS","M","?","$","M","M","R","?","R","T","E","?","R","E","M","R","BOSS","M","?","$","?","?","M","E","?","T","R","?","E","R","E","R","BOSS"],"build_version":"2019-01-23","purchased_purges":1,"victory":false,"max_hp_per_floor":[66,66,66,66,66,66,66,66,66,66,66,66,66,66,66,66,66,66,66,66,66,66,66,46,46,46,46,46,46,46,46,46,46,46,46,46,46,46,46,46,53,53,53,53,53,53,53,53,53,53],"card_choices":[{"not_picked":["Underhanded Strike","Expertise"],"picked":"Finisher","floor":1.0},{"not_picked":["Crippling Poison","Well Laid Plans"],"picked":"Flying Knee","floor":2.0},{"not_picked":["Distraction","Flying Knee"],"picked":"Masterful Stab","floor":3.0},{"not_picked":["Terror","PiercingWail"],"picked":"Skewer","floor":5.0},{"not_picked":["Sucker Punch","Dagger Throw"],"picked":"Noxious Fumes","floor":7.0},{"not_picked":["Dagger Spray","Bullet Time"],"picked":"Die Die Die","floor":10.0},{"not_picked":["All Out Attack","Backflip"],"picked":"Well Laid Plans","floor":11.0},{"not_picked":["A Thousand Cuts","Envenom"],"picked":"Glass Knife","floor":16.0},{"not_picked":[],"picked":"Slice","floor":18.0},{"not_picked":["Caltrops"],"picked":"SKIP","floor":21.0},{"not_picked":["Prepared"],"picked":"SKIP","floor":22.0},{"not_picked":["Sucker Punch"],"picked":"SKIP","floor":27.0},{"not_picked":["Setup"],"picked":"SKIP","floor":30.0},{"not_picked":["Bouncing Flask"],"picked":"SKIP","floor":31.0},{"not_picked":[],"picked":"Glass Knife","floor":33.0},{"not_picked":["Dagger Throw+1"],"picked":"SKIP","floor":35.0},{"not_picked":[],"picked":"Cloak And Dagger+1","floor":40.0},{"not_picked":["Dagger Throw"],"picked":"SKIP","floor":41.0},{"not_picked":["Bouncing Flask+1"],"picked":"SKIP","floor":42.0},{"not_picked":[],"picked":"Secret Technique","floor":45.0},{"not_picked":["Blade Dance"],"picked":"SKIP","floor":46.0},{"not_picked":["Choke"],"picked":"SKIP","floor":48.0}],"player_experience":2224641,"relics_obtained":[{"floor":7.0,"key":"Vajra"},{"floor":9.0,"key":"Smiling Mask"},{"floor":10.0,"key":"Potion Belt"},{"floor":27.0,"key":"Bag of Preparation"},{"floor":30.0,"key":"Du-Vu Doll"},{"floor":41.0,"key":"Strawberry"},{"floor":41.0,"key":"Pen Nib"},{"floor":43.0,"key":"Bottled Lightning"},{"floor":46.0,"key":"Art of War"},{"floor":46.0,"key":"Orichalcum"},{"floor":48.0,"key":"Oddly Smooth Stone"},{"floor":48.0,"key":"Bottled Flame"}],"event_choices":[{"damage_healed":0.0,"max_hp_gain":0.0,"max_hp_loss":0.0,"gold_gain":0.0,"event_name":"The Woman in Blue","player_choice":"Bought 3 Potions","floor":4.0,"gold_loss":0.0,"damage_taken":0.0},{"damage_healed":16.0,"max_hp_gain":0.0,"max_hp_loss":0.0,"gold_gain":0.0,"event_name":"The Cleric","player_choice":"Healed","floor":12.0,"gold_loss":35.0,"damage_taken":0.0},{"cards_removed":["Strike_G"],"damage_healed":0.0,"max_hp_gain":0.0,"max_hp_loss":0.0,"gold_gain":0.0,"event_name":"Purifier","player_choice":"Purged","floor":14.0,"gold_loss":0.0,"damage_taken":0.0},{"damage_healed":0.0,"max_hp_gain":0.0,"max_hp_loss":0.0,"gold_gain":0.0,"event_name":"Drug Dealer","player_choice":"Inject Mutagens","floor":19.0,"gold_loss":0.0,"damage_taken":0.0,"relics_obtained":["MutagenicStrength"]},{"damage_healed":0.0,"max_hp_gain":0.0,"max_hp_loss":20.0,"gold_gain":0.0,"event_name":"Vampires","player_choice":"Became a vampire","floor":24.0,"gold_loss":0.0,"damage_taken":0.0,"cards_obtained":["Bite","Bite","Bite","Bite","Bite"]},{"damage_healed":0.0,"max_hp_gain":0.0,"max_hp_loss":0.0,"gold_gain":0.0,"event_name":"Addict","player_choice":"Obtained Relic","floor":28.0,"gold_loss":85.0,"damage_taken":0.0,"relics_obtained":["Ice Cream"]},{"damage_healed":0.0,"max_hp_gain":0.0,"max_hp_loss":0.0,"gold_gain":999.0,"event_name":"MindBloom","player_choice":"Gold","floor":36.0,"gold_loss":0.0,"damage_taken":0.0,"cards_obtained":["Normality","Normality"]},{"damage_healed":9.0,"max_hp_gain":0.0,"max_hp_loss":0.0,"gold_gain":0.0,"event_name":"Winding Halls","player_choice":"Writhe","floor":38.0,"gold_loss":0.0,"damage_taken":0.0,"cards_obtained":["Writhe"]},{"damage_healed":0.0,"max_hp_gain":0.0,"max_hp_loss":0.0,"gold_gain":0.0,"event_name":"Accursed Blacksmith","player_choice":"Rummage","floor":39.0,"gold_loss":0.0,"damage_taken":0.0,"relics_obtained":["WarpedTongs"],"cards_obtained":["Pain"]},{"damage_healed":0.0,"max_hp_gain":0.0,"max_hp_loss":0.0,"gold_gain":0.0,"event_name":"SensoryStone","player_choice":"Memory 1","floor":45.0,"gold_loss":0.0,"damage_taken":0.0}],"is_beta":false,"boss_relics":[{"not_picked":["Ectoplasm","Ring of the Serpent"],"picked":"Busted Crown"},{"not_picked":["WristBlade","Astrolabe"],"picked":"Black Star"}],"items_purged_floors":[37],"is_endless":false,"potions_floor_spawned":[3,7,10,11,18,22,31,33,40,42],"killed_by":"Awakened One","ascension_level":20}