{"gold_per_floor":[19,36,36,56,75,94,94,124,124,124,142,154,154,171,171,250,250,263,263],"floor_reached":19,"playtime":9866,"items_purged":[],"score":346,"play_id":"6c200e69-9786-46ed-a18b-965f6c0b52c4","local_time":"20190509221908","is_ascension_mode":true,"campfire_choices":[{"data":"Barrage","floor":7.0,"key":"SMITH"},{"data":"Zap","floor":10.0,"key":"SMITH"},{"data":"Sweeping Beam","floor":13.0,"key":"SMITH"},{"data":"Sweeping Beam","floor":15.0,"key":"SMITH"}],"neow_cost":"NO_GOLD","seed_source_timestamp":0,"circlet_count":0,"master_deck":["AscendersBane","Strike_B","Strike_B","Strike_B","Strike_B","Defend_B","Defend_B","Defend_B","Defend_B","Zap+1","Dualcast","Cold Snap","Leap","Barrage+1","Sweeping Beam+1","Sweeping Beam+1","Capacitor","Genetic Algorithm","Steam","Echo Form","Hologram"],"special_seed":0,"relics":["Cracked Core","StoneCalendar","Regal Pillow","Lantern","Potion Belt","Fusion Hammer"],"potions_floor_usage":[16,16],"damage_taken":[{"damage":9.0,"enemies":"Jaw Worm","floor":1.0,"turns":4.0},{"damage":2.0,"enemies":"Cultist","floor":2.0,"turns":4.0},{"damage":4.0,"enemies":"Small Slimes","floor":4.0,"turns":4.0},{"damage":2.0,"enemies":"Looter","floor":5.0,"turns":3.0},{"damage":4.0,"enemies":"Red Slaver","floor":6.0,"turns":4.0},{"damage":17.0,"enemies":"Lagavulin","floor":8.0,"turns":7.0},{"damage":0.0,"enemies":"2 Fungi Beasts","floor":11.0,"turns":2.0},{"damage":6.0,"enemies":"Looter","floor":12.0,"turns":2.0},{"damage":14.0,"enemies":"Lots of Slimes","floor":14.0,"turns":3.0},{"damage":8,"enemies":"Slime Boss","floor":16,"turns":7},{"damage":36,"enemies":"Chosen","floor":18,"turns":6},{"damage":25,"enemies":"Masked Bandits","floor":19,"turns":2}],"seed_played":"4557461781143260383","potions_obtained":[{"floor":2.0,"key":"SkillPotion"},{"floor":4.0,"key":"Strength Potion"},{"floor":6.0,"key":"SpeedPotion"},{"floor":14.0,"key":"Regen Potion"}],"is_trial":false,"path_per_floor":["M","M","?","M","M","M","R","E","T","R","M","M","R","M","R","B",null,"M","?"],"character_chosen":"DEFECT","items_purchased":[],"campfire_rested":0,"item_purchase_floors":[],"current_hp_per_floor":[55,53,53,49,47,43,43,26,26,26,26,20,20,6,6,13,57,21,0],"gold":263,"neow_bonus":"ONE_RARE_RELIC","is_prod":false,"is_daily":false,"chose_seed":false,"campfire_upgraded":4,"win_rate":0,"timestamp":1557454748,"path_taken":["M","M","?","M","?","M","R","E","T","R","M","?","R","M","R","BOSS","M","?"],"build_version":"2019-01-23","purchased_purges":0,"victory":false,"max_hp_per_floor":[71,71,71,71,71,71,71,71,71,71,71,71,71,71,71,71,71,71,71],"card_choices":[{"not_picked":["Sweeping Beam","Skim"],"picked":"Cold Snap","floor":1.0},{"not_picked":["Storm","Coolheaded"],"picked":"Hologram","floor":2.0},{"not_picked":["Rebound","Scrape"],"picked":"Leap","floor":4.0},{"not_picked":["Hologram","Sunder"],"picked":"Barrage","floor":5.0},{"not_picked":["Conserve Battery","Turbo"],"picked":"Sweeping Beam","floor":6.0},{"not_picked":["Recycle","Steam"],"picked":"Sweeping Beam","floor":8.0},{"not_picked":["Stack","Creative AI"],"picked":"Capacitor","floor":11.0},{"not_picked":["Conserve Battery","Gash"],"picked":"Genetic Algorithm","floor":12.0},{"not_picked":["Rebound","Gash"],"picked":"Steam","floor":14.0},{"not_picked":["Multi-Cast","Thunder Strike"],"picked":"Echo Form","floor":16},{"not_picked":["Heatsinks","Beam Cell"],"picked":"Hologram","floor":18}],"player_experience":2518256,"relics_obtained":[{"floor":8.0,"key":"Lantern"},{"floor":9.0,"key":"Potion Belt"}],"event_choices":[{"cards_removed":["Hologram"],"damage_healed":0.0,"max_hp_gain":0.0,"max_hp_loss":0.0,"gold_gain":0.0,"event_name":"WeMeetAgain","player_choice":"Gave Card","floor":3.0,"gold_loss":0.0,"damage_taken":0.0,"relics_obtained":["Regal Pillow"]},{"damage_healed":0,"gold_gain":0,"player_choice":"Fought Bandits","damage_taken":0,"max_hp_gain":0,"max_hp_loss":0,"event_name":"Masked Bandits","floor":19,"gold_loss":0}],"is_beta":false,"boss_relics":[{"not_picked":["Pandora\u0027s Box","Orrery"],"picked":"Fusion Hammer"}],"items_purged_floors":[],"is_endless":false,"potions_floor_spawned":[2,4,6,14],"killed_by":"Masked Bandits","ascension_level":20}