{"gold_per_floor":[113,133,146,161,37,37,37,37,37,37,55,55,75,94,94,171,171,183,98,98,98,98,98],"floor_reached":23,"playtime":2236,"items_purged":[],"score":387,"play_id":"adb09894-3964-4c33-8756-9f3dcf42c0a0","local_time":"20190501183803","is_ascension_mode":true,"campfire_choices":[{"data":"Flame Barrier","floor":6.0,"key":"SMITH"},{"data":"Bash","floor":8.0,"key":"SMITH"},{"data":"Feel No Pain","floor":10.0,"key":"SMITH"},{"data":"Carnage","floor":12.0,"key":"SMITH"},{"data":"Metallicize","floor":15.0,"key":"SMITH"}],"neow_cost":"PERCENT_DAMAGE","seed_source_timestamp":778191436750343,"circlet_count":0,"master_deck":["AscendersBane","Defend_R","Defend_R","Defend_R","Defend_R","Bash+1","Twin Strike","Anger","Flame Barrier+1","Disarm","Feel No Pain+1","Carnage+1","Corruption","Metallicize+1","Seeing Red","Limit Break","Sentinel","Bite","Bite","Bite","Bite","Bite","RitualDagger","Regret"],"special_seed":0,"relics":["Burning Blood","Bottled Tornado","Cursed Key","Kunai","FossilizedHelix"],"potions_floor_usage":[23],"damage_taken":[{"damage":7.0,"enemies":"Small Slimes","floor":1.0,"turns":4.0},{"damage":1.0,"enemies":"Cultist","floor":2.0,"turns":3.0},{"damage":9.0,"enemies":"Jaw Worm","floor":3.0,"turns":4.0},{"damage":16.0,"enemies":"Large Slime","floor":4.0,"turns":6.0},{"damage":9.0,"enemies":"3 Louse","floor":11.0,"turns":3.0},{"damage":6.0,"enemies":"Looter","floor":13.0,"turns":3.0},{"damage":6.0,"enemies":"Red Slaver","floor":14.0,"turns":5.0},{"damage":39.0,"enemies":"Slime Boss","floor":16.0,"turns":12.0},{"damage":19.0,"enemies":"3 Byrds","floor":18.0,"turns":5.0},{"damage":89,"enemies":"Gremlin Leader","floor":23,"turns":6}],"seed_played":"1982734502929040425","potions_obtained":[{"floor":2.0,"key":"PowerPotion"},{"floor":4.0,"key":"Energy Potion"},{"floor":11.0,"key":"Fruit Juice"},{"floor":13.0,"key":"FearPotion"},{"floor":18.0,"key":"BloodPotion"}],"is_trial":false,"path_per_floor":["M","M","M","M","$","R","?","R","T","R","M","R","M","M","R","B",null,"M","?","?","?","T","E"],"character_chosen":"IRONCLAD","items_purchased":["Feel No Pain","Carnage"],"campfire_rested":0,"item_purchase_floors":[5,5],"current_hp_per_floor":[63,68,65,55,55,55,55,55,55,55,52,52,57,57,57,24,77,64,64,64,58,58,0],"gold":98,"neow_bonus":"TWENTY_PERCENT_HP_BONUS","is_prod":false,"is_daily":false,"chose_seed":false,"campfire_upgraded":5,"win_rate":0,"timestamp":1556750283,"path_taken":["M","M","M","M","$","R","?","R","T","R","M","R","M","?","R","BOSS","M","?","?","?","?","E"],"build_version":"2019-01-23","purchased_purges":0,"victory":false,"max_hp_per_floor":[89,89,89,89,89,89,89,89,89,89,89,89,94,94,94,94,94,94,94,65,65,65,65],"card_choices":[{"not_picked":["Havoc","Warcry"],"picked":"Twin Strike","floor":1.0},{"not_picked":["Heavy Blade","Twin Strike"],"picked":"Anger","floor":2.0},{"not_picked":["Reaper","True Grit"],"picked":"Flame Barrier","floor":3.0},{"not_picked":["Twin Strike","Infernal Blade"],"picked":"Disarm","floor":4.0},{"not_picked":["Pommel Strike","Body Slam"],"picked":"Corruption","floor":11.0},{"not_picked":["Wild Strike","Sword Boomerang"],"picked":"Metallicize","floor":13.0},{"not_picked":["Evolve","Sever Soul"],"picked":"Seeing Red","floor":14.0},{"not_picked":["Bludgeon","Berserk"],"picked":"Limit Break","floor":16.0},{"not_picked":["Searing Blow","Clash"],"picked":"Sentinel","floor":18.0}],"player_experience":2210279,"relics_obtained":[{"floor":9.0,"key":"Bottled Tornado"},{"floor":22.0,"key":"FossilizedHelix"}],"event_choices":[{"cards_removed":["Strike_R"],"damage_healed":0.0,"max_hp_gain":0.0,"max_hp_loss":0.0,"gold_gain":0.0,"event_name":"Purifier","player_choice":"Purged","floor":7.0,"gold_loss":0.0,"damage_taken":0.0},{"damage_healed":0.0,"max_hp_gain":0.0,"max_hp_loss":0.0,"gold_gain":0.0,"event_name":"Addict","player_choice":"Obtained Relic","floor":19.0,"gold_loss":85.0,"damage_taken":0.0,"relics_obtained":["Kunai"]},{"damage_healed":0.0,"max_hp_gain":0.0,"max_hp_loss":29.0,"gold_gain":0.0,"event_name":"Vampires","player_choice":"Became a vampire","floor":20.0,"gold_loss":0.0,"damage_taken":0.0,"cards_obtained":["Bite","Bite","Bite","Bite","Bite"]},{"damage_healed":0.0,"max_hp_gain":0.0,"max_hp_loss":0.0,"gold_gain":0.0,"event_name":"Nest","player_choice":"Joined the Cult","floor":21.0,"gold_loss":0.0,"damage_taken":6.0,"cards_obtained":["RitualDagger"]}],"is_beta":false,"boss_relics":[{"not_picked":["Runic Cube","Fusion Hammer"],"picked":"Cursed Key"}],"items_purged_floors":[],"is_endless":false,"potions_floor_spawned":[2,4,11,13,18],"killed_by":"Gremlin Leader","ascension_level":20}