{"path_per_floor":["M","?","M","$","?","E","M","R","T","?","M","E","M","?","R"],"character_chosen":"THE_SILENT","items_purchased":["Poisoned Stab","Lantern"],"gold_per_floor":[109,359,374,129,129,158,171,171,171,171,182,209,222,297,297],"floor_reached":16,"campfire_rested":0,"playtime":1809,"current_hp_per_floor":[70,70,70,70,52,38,38,38,38,38,38,36,35,24,24],"items_purged":["Regret"],"gold":297,"play_id":"ca164360-8765-4826-976e-c95d70769373","is_prod":false,"is_daily":false,"is_ascension_mode":false,"campfire_upgraded":2,"path_taken":["M","?","M","$","?","E","?","R","T","?","M","E","M","?","R","BOSS"],"build_version":"2018-02-01-PROD3","purchased_purges":1,"victory":false,"master_deck":["Defend_G","Defend_G","Defend_G+1","Defend_G","Defend_G+1","Strike_G","Strike_G","Strike_G","Strike_G","Strike_G","Survivor","Neutralize","Backstab","Cloak And Dagger","Poisoned Stab","Noxious Fumes+1","Infinite Blades+1","Accuracy+1","Noxious Fumes","Noxious Fumes"],"max_hp_per_floor":[70,70,70,70,70,70,70,70,70,70,70,70,70,70,70],"relics":["Ring of the Snake","Lantern","Orichalcum","Dodecahedron","Tingsha","War Paint"],"card_choices":[{"not_picked":["All Out Attack","Dodge and Roll"],"picked":"Backstab"},{"not_picked":["Malaise","Blade Dance"],"picked":"Cloak And Dagger"},{"not_picked":["Dagger Spray","Deflect"],"picked":"Noxious Fumes"},{"not_picked":["Heel Hook","Cloak And Dagger"],"picked":"Infinite Blades"},{"not_picked":["Poisoned Stab","Sucker Punch"],"picked":"Accuracy"},{"not_picked":["Burst","Flechettes"],"picked":"Noxious Fumes"},{"not_picked":["Underhanded Strike","Outmaneuver"],"picked":"Noxious Fumes"}],"player_experience":107677,"potions_floor_usage":[6,12,13],"damage_taken":[{"damage":0,"enemies":"2 Louse","floor":1,"turns":2},{"damage":0,"enemies":"Blue Slaver","floor":3,"turns":5},{"damage":14,"enemies":"Gremlin Nob","floor":6,"turns":4},{"damage":0,"enemies":"Small Slimes","floor":7,"turns":2},{"damage":0,"enemies":"3 Louse","floor":11,"turns":4},{"damage":2,"enemies":"3 Sentries","floor":12,"turns":4},{"damage":1,"enemies":"Looter","floor":13,"turns":2},{"damage":29,"enemies":"Slime Boss","floor":16,"turns":3}],"event_choices":[{"event_name":"Golden Shrine","player_choice":"Desecrate","floor":2,"damage_taken":0},{"event_name":"Scrap Ooze","player_choice":"success","floor":5,"damage_taken":18},{"event_name":"Living Wall","player_choice":"Grow","floor":10,"damage_taken":0},{"event_name":"World of Goop","player_choice":"Gather Gold","floor":14,"damage_taken":0}],"boss_relics":[],"potions_floor_spawned":[1,3,11,12],"seed_played":"7517973413712535971","killed_by":"Slime Boss","ascension_level":0,"is_trial":false}