{"gold_per_floor":[365,365,376,389,375,375,31,47,119,119,146,146,163,183,183,284,284,294,294,320,333,0,0,33,33,33,33,44,76,76,1,1,103,103,119,119,138,3,20,20,33,63,86,86,86,86,9,42,42,42,42,42,20,47,47],"floor_reached":56,"playtime":2427,"items_purged":["Normality"],"score":1293,"play_id":"11b19263-5d0f-4a1d-aafb-f193b8a7260b","local_time":"20190331053634","is_ascension_mode":false,"campfire_choices":[{"data":"Static Discharge","floor":6,"key":"SMITH"},{"data":"Zap","floor":10,"key":"SMITH"},{"data":"Consume","floor":15,"key":"SMITH"},{"data":"Storm","floor":23,"key":"SMITH"},{"data":"Storm","floor":25,"key":"SMITH"},{"data":"Hologram","floor":27,"key":"SMITH"},{"data":"Loop","floor":32,"key":"SMITH"},{"floor":40,"key":"RECALL"},{"data":"Seek","floor":44,"key":"SMITH"},{"data":"Capacitor","floor":46,"key":"SMITH"},{"data":"Storm","floor":49,"key":"SMITH"},{"data":"Heatsinks","floor":52,"key":"SMITH"}],"neow_cost":"CURSE","seed_source_timestamp":1222346714447140,"circlet_count":0,"master_deck":["Strike_B","Strike_B","Strike_B","Defend_B+1","Defend_B","Defend_B","Defend_B","Zap+1","Dualcast+1","Chill","Static Discharge+1","Hologram+1","Loop+1","Storm+1","Consume+1","Storm+1","Seek+1","Cold Snap+1","Coolheaded+1","Core Surge","Loop+1","Conserve Battery+1","Double Energy+1","Stack+1","Biased Cognition","Fusion+1","Iron Wave","Hologram+1","Biased Cognition","Storm+1","Heatsinks+1","Capacitor+1","Storm+1","Compile Driver+1","Hologram+1","Heatsinks"],"relics":["Cracked Core","Bird Faced Urn","Anchor","Gremlin Horn","Smiling Mask","Sozu","Toxic Egg 2","Red Mask","Mummified Hand","Juzu Bracelet","War Paint","Boot","Inserter","Bag of Preparation","Blood Vial","Bag of Marbles"],"potions_floor_usage":[11,11,16,20,55],"damage_taken":[{"damage":5,"enemies":"Small Slimes","floor":1,"turns":3},{"damage":1,"enemies":"Cultist","floor":3,"turns":3},{"damage":4,"enemies":"Jaw Worm","floor":4,"turns":4},{"damage":7,"enemies":"Exordium Thugs","floor":5,"turns":4},{"damage":0,"enemies":"Exordium Wildlife","floor":8,"turns":5},{"damage":6,"enemies":"Gremlin Nob","floor":11,"turns":3},{"damage":0,"enemies":"3 Louse","floor":13,"turns":3},{"damage":1,"enemies":"Red Slaver","floor":14,"turns":2},{"damage":11,"enemies":"Slime Boss","floor":16,"turns":5},{"damage":13,"enemies":"Shell Parasite","floor":18,"turns":4},{"damage":15,"enemies":"Masked Bandits","floor":20,"turns":4},{"damage":5,"enemies":"2 Thieves","floor":21,"turns":3},{"damage":6,"enemies":"Book of Stabbing","floor":24,"turns":5},{"damage":0,"enemies":"Cultist and Chosen","floor":28,"turns":4},{"damage":21,"enemies":"Gremlin Leader","floor":29,"turns":5},{"damage":7,"enemies":"Champ","floor":33,"turns":10},{"damage":0,"enemies":"3 Darklings","floor":35,"turns":4},{"damage":0,"enemies":"Orb Walker","floor":37,"turns":4},{"damage":0,"enemies":"Sphere and 2 Shapes","floor":39,"turns":3},{"damage":0,"enemies":"Spire Growth","floor":41,"turns":2},{"damage":1,"enemies":"Reptomancer","floor":42,"turns":5},{"damage":12,"enemies":"Nemesis","floor":48,"turns":5},{"damage":24,"enemies":"Donu and Deca","floor":50,"turns":4},{"damage":44,"enemies":"Shield and Spear","floor":54,"turns":3},{"damage":54,"enemies":"The Heart","floor":55,"turns":5}],"seed_played":"2789284452343234231","potions_obtained":[{"floor":3,"key":"Ancient Potion"},{"floor":5,"key":"Block Potion"},{"floor":11,"key":"Poison Potion"},{"floor":14,"key":"FearPotion"},{"floor":16,"key":"SteroidPotion"}],"is_trial":false,"path_per_floor":["M","?","M","M","M","R","$","M","T","R","E","?","M","M","R","B",null,"M","?","?","M","$","R","E","R","T","R","M","E","?","?","R","B",null,"M","?","M","$","M","R","M","E","T","R","?","R","$","E","R","B",null,"R","$","E","B",null],"character_chosen":"DEFECT","items_purchased":["Loop","Anchor","AttackPotion","Mummified Hand","Loop","Conserve Battery+1","Biased Cognition","Storm","Hologram+1"],"campfire_rested":0,"item_purchase_floors":[7,7,7,22,22,22,38,47,53],"current_hp_per_floor":[70,70,69,65,60,60,60,64,64,64,60,85,85,85,85,74,85,72,72,65,68,68,68,72,72,72,72,82,64,64,64,64,67,85,85,85,85,85,85,85,85,85,85,85,85,85,85,73,73,63,85,85,85,47,17],"gold":47,"neow_bonus":"TWO_FIFTY_GOLD","is_prod":false,"is_daily":false,"chose_seed":false,"campfire_upgraded":11,"win_rate":0,"timestamp":1554024994,"path_taken":["M","?","M","?","M","R","$","M","T","R","E","?","M","M","R","BOSS","M","?","?","M","$","R","E","R","T","R","M","E","?","?","R","BOSS","M","?","M","?","M","R","M","E","T","R","?","R","?","E","R","BOSS","R","$","E","BOSS"],"build_version":"2019-01-23","purchased_purges":1,"victory":true,"max_hp_per_floor":[75,75,75,75,75,75,75,75,75,75,75,85,85,85,85,85,85,85,85,85,85,85,85,85,85,85,85,85,85,85,85,85,85,85,85,85,85,85,85,85,85,85,85,85,85,85,85,85,85,85,85,85,85,85,85],"card_choices":[{"not_picked":["Steam Power","Rebound"],"picked":"Gash","floor":1},{"not_picked":["FTL","Heatsinks"],"picked":"Chill","floor":3},{"not_picked":["Beam Cell","Barrage"],"picked":"Static Discharge","floor":4},{"not_picked":["Darkness","Gash"],"picked":"Hologram","floor":5},{"not_picked":["Hello World","Stack"],"picked":"All For One","floor":8},{"not_picked":["Redo","Skim"],"picked":"Storm","floor":11},{"not_picked":["Go for the Eyes","Sweeping Beam"],"picked":"Consume","floor":13},{"not_picked":["Turbo","Stack"],"picked":"Storm","floor":14},{"not_picked":["Rainbow","Multi-Cast"],"picked":"Seek","floor":16},{"not_picked":["Conserve Battery","Go for the Eyes"],"picked":"Cold Snap+1","floor":18},{"not_picked":["Scrape","Leap+1"],"picked":"Coolheaded+1","floor":20},{"not_picked":["Static Discharge","Redo+1"],"picked":"Core Surge","floor":21},{"not_picked":["Barrage","Sweeping Beam"],"picked":"Fission+1","floor":24},{"not_picked":["Conserve Battery+1","Recycle+1"],"picked":"Double Energy+1","floor":28},{"not_picked":["Scrape","Gash+1"],"picked":"Stack+1","floor":29},{"not_picked":["Meteor Strike","Multi-Cast+1"],"picked":"Biased Cognition","floor":33},{"not_picked":["Coolheaded+1","Gash+1"],"picked":"Fusion+1","floor":35},{"not_picked":["Redo+1","Scrape"],"picked":"Hologram+1","floor":37},{"not_picked":["Steam+1","Cold Snap+1"],"picked":"Storm+1","floor":39},{"not_picked":["Streamline+1","Redo+1"],"picked":"Heatsinks","floor":41},{"not_picked":["Coolheaded+1","Hologram+1"],"picked":"Capacitor","floor":42},{"not_picked":["Ball Lightning+1","Hologram+1"],"picked":"Compile Driver+1","floor":48},{"not_picked":["Turbo+1","Auto Shields+1"],"picked":"Heatsinks","floor":54}],"player_experience":1509324,"relics_obtained":[{"floor":9,"key":"Gremlin Horn"},{"floor":11,"key":"Smiling Mask"},{"floor":20,"key":"Red Mask"},{"floor":24,"key":"Juzu Bracelet"},{"floor":26,"key":"War Paint"},{"floor":29,"key":"Boot"},{"floor":42,"key":"Bag of Preparation"},{"floor":48,"key":"Blood Vial"},{"floor":54,"key":"Bag of Marbles"}],"event_choices":[{"cards_removed":["Gash"],"damage_healed":0,"gold_gain":0,"player_choice":"Gave Card","damage_taken":0,"relics_obtained":["Bird Faced Urn"],"max_hp_gain":0,"max_hp_loss":0,"event_name":"WeMeetAgain","floor":2,"gold_loss":0},{"cards_removed":["All For One"],"damage_healed":15,"gold_gain":0,"player_choice":"Offered Rare","damage_taken":0,"max_hp_gain":10,"max_hp_loss":0,"event_name":"Bonfire Elementals","floor":12,"gold_loss":0},{"damage_healed":0,"gold_gain":0,"player_choice":"Opened","damage_taken":0,"relics_obtained":["Toxic Egg 2"],"max_hp_gain":0,"max_hp_loss":0,"event_name":"The Mausoleum","floor":19,"gold_loss":0},{"damage_healed":0,"gold_gain":0,"player_choice":"Fought Bandits","damage_taken":0,"max_hp_gain":0,"max_hp_loss":0,"event_name":"Masked Bandits","floor":20,"gold_loss":0},{"damage_healed":0,"gold_gain":0,"player_choice":"Forge","damage_taken":0,"max_hp_gain":0,"max_hp_loss":0,"event_name":"Accursed Blacksmith","floor":30,"gold_loss":0,"cards_upgraded":["Loop"]},{"cards_removed":["Strike_B"],"damage_healed":0,"gold_gain":0,"player_choice":"Gave Gold","damage_taken":0,"max_hp_gain":0,"max_hp_loss":0,"event_name":"Beggar","floor":31,"gold_loss":75},{"cards_removed":["Fission"],"damage_healed":0,"gold_gain":0,"player_choice":"Took Card","damage_taken":0,"max_hp_gain":0,"max_hp_loss":0,"event_name":"NoteForYourself","floor":36,"gold_loss":0,"cards_obtained":["Iron Wave"]},{"damage_healed":0,"gold_gain":0,"player_choice":"Got Potions","damage_taken":0,"max_hp_gain":0,"max_hp_loss":0,"event_name":"Lab","floor":45,"gold_loss":0}],"is_beta":false,"boss_relics":[{"not_picked":["Snecko Eye","Tiny House"],"picked":"Sozu"},{"not_picked":["Orrery","Cursed Key"],"picked":"Inserter"}],"items_purged_floors":[7],"is_endless":false,"potions_floor_spawned":[3,5,11,14,16,21,28,33,35,41],"ascension_level":0}