{"gold_per_floor":[112,175,191,30,30,60,60,85,110,31,56,56,72,104,104,182,182,201,201,37,37,50,81,81,113,113,123,123,149,176,194,194,271,271,285,285,303,319,42,42,60,60,60,88,88,122,122,136,136,136,136],"floor_reached":51,"playtime":2404,"items_purged":["Strike_R"],"score":1528,"play_id":"dc4b296b-29f0-41eb-a159-b6b407d42204","local_time":"20190423020323","is_ascension_mode":true,"campfire_choices":[{"data":"Combust","floor":7,"key":"SMITH"},{"data":"Clothesline","floor":12,"key":"SMITH"},{"data":"True Grit","floor":15,"key":"SMITH"},{"floor":24,"key":"REST"},{"data":"Demon Form","floor":32,"key":"SMITH"},{"floor":40,"key":"REST"},{"floor":42,"key":"RECALL"},{"floor":45,"key":"REST"},{"floor":49,"key":"REST"}],"neow_cost":"NONE","seed_source_timestamp":27137384257739,"circlet_count":0,"master_deck":["AscendersBane","Strike_R+1","Strike_R+1","Strike_R+1","Strike_R+1","Defend_R+1","Defend_R+1","Defend_R+1","Defend_R+1","Bash+1","Shrug It Off","Clothesline+1","Shrug It Off+1","Combust+1","Offering","Inflame","Inflame","True Grit+1","Impervious","Rupture","Body Slam+1","Demon Form+1","Shockwave","Perfected Strike+1","Offering","True Grit+1","Limit Break","Metallicize+1","Shrug It Off+1"],"relics":["Burning Blood","Orichalcum","Happy Flower","Blood Vial","Thread and Needle","War Paint","Runic Dome","MutagenicStrength","Omamori","Mercury Hourglass","Question Card","Shuriken","Oddly Smooth Stone","Fusion Hammer","Frozen Egg 2","Ice Cream","Kunai","Turnip"],"potions_floor_usage":[6,6,8,16,18,23,23,31,33,44,46,50,51],"damage_taken":[{"damage":0,"enemies":"Small Slimes","floor":1,"turns":4},{"damage":2,"enemies":"Jaw Worm","floor":3,"turns":3},{"damage":19,"enemies":"Gremlin Nob","floor":6,"turns":4},{"damage":28,"enemies":"Lagavulin","floor":8,"turns":5},{"damage":18,"enemies":"Gremlin Nob","floor":11,"turns":4},{"damage":0,"enemies":"2 Louse","floor":13,"turns":3},{"damage":9,"enemies":"Lagavulin","floor":14,"turns":5},{"damage":20,"enemies":"Slime Boss","floor":16,"turns":9},{"damage":10,"enemies":"Chosen","floor":18,"turns":5},{"damage":15,"enemies":"Spheric Guardian","floor":22,"turns":5},{"damage":29,"enemies":"Slavers","floor":23,"turns":6},{"damage":10,"enemies":"Book of Stabbing","floor":25,"turns":5},{"damage":24,"enemies":"Cultist and Chosen","floor":27,"turns":6},{"damage":27,"enemies":"Gremlin Leader","floor":29,"turns":5},{"damage":6,"enemies":"Snecko","floor":31,"turns":6},{"damage":28,"enemies":"Champ","floor":33,"turns":7},{"damage":8,"enemies":"Orb Walker","floor":35,"turns":3},{"damage":16,"enemies":"3 Shapes","floor":37,"turns":5},{"damage":17,"enemies":"Transient","floor":38,"turns":6},{"damage":24,"enemies":"Maw","floor":41,"turns":6},{"damage":34,"enemies":"Nemesis","floor":44,"turns":7},{"damage":27,"enemies":"Reptomancer","floor":46,"turns":5},{"damage":15,"enemies":"Writhing Mass","floor":48,"turns":4},{"damage":55,"enemies":"Time Eater","floor":50,"turns":10},{"damage":38,"enemies":"Donu and Deca","floor":51,"turns":5}],"seed_played":"9129820389991922173","potions_obtained":[{"floor":3,"key":"AttackPotion"},{"floor":6,"key":"BloodPotion"},{"floor":11,"key":"EntropicBrew"},{"floor":13,"key":"Ancient Potion"},{"floor":23,"key":"SkillPotion"},{"floor":29,"key":"Dexterity Potion"},{"floor":31,"key":"BloodPotion"},{"floor":41,"key":"Block Potion"},{"floor":44,"key":"PowerPotion"},{"floor":46,"key":"Dexterity Potion"}],"is_trial":false,"path_per_floor":["M","?","M","$","?","E","R","E","T","$","E","R","M","E","R","B",null,"M","?","$","?","M","E","R","E","T","M","?","E","T","M","R","B",null,"M","?","M","M","$","R","M","R","T","E","R","E","?","M","R","B","B"],"character_chosen":"IRONCLAD","items_purchased":["Shrug It Off","Combust","PowerPotion","Inflame","Rupture","Frozen Egg 2"],"campfire_rested":4,"item_purchase_floors":[4,4,4,10,20,39],"current_hp_per_floor":[74,74,75,75,80,67,67,53,53,53,43,43,51,50,50,38,70,68,68,68,68,61,40,64,62,62,46,46,27,27,29,29,17,64,64,64,56,47,47,71,55,55,55,29,53,34,80,71,80,31,0],"gold":136,"neow_bonus":"UPGRADE_CARD","is_prod":false,"is_daily":false,"chose_seed":false,"campfire_upgraded":4,"win_rate":0,"timestamp":1555999403,"path_taken":["M","?","M","$","?","E","R","E","T","?","E","R","M","E","R","BOSS","M","?","$","?","M","E","R","E","T","M","?","E","?","?","R","BOSS","M","?","M","?","$","R","M","R","T","E","R","E","?","M","R","BOSS","BOSS"],"build_version":"2019-01-23","purchased_purges":1,"victory":false,"max_hp_per_floor":[75,75,75,75,80,80,80,80,80,80,80,80,80,80,80,80,80,80,80,80,80,80,80,80,80,80,80,80,80,80,80,80,80,80,80,80,80,80,80,80,80,80,80,80,80,80,80,80,80,80,80],"card_choices":[{"not_picked":["Spot Weakness","Pummel"],"picked":"Shrug It Off","floor":1},{"not_picked":["Armaments","Perfected Strike"],"picked":"Clothesline","floor":3},{"not_picked":["Sentinel","Havoc"],"picked":"Offering","floor":6},{"not_picked":["Clash","Bloodletting","Warcry"],"picked":"SKIP","floor":8},{"not_picked":["Warcry","Brutality"],"picked":"Inflame","floor":11},{"not_picked":["Anger","Twin Strike"],"picked":"True Grit","floor":13},{"not_picked":["Sword Boomerang","Berserk","Blood for Blood"],"picked":"SKIP","floor":14},{"not_picked":["Bludgeon","Berserk"],"picked":"Impervious","floor":16},{"not_picked":["True Grit","Iron Wave+1","Ghostly Armor"],"picked":"SKIP","floor":18},{"not_picked":["Fire Breathing","Intimidate","Second Wind"],"picked":"SKIP","floor":22},{"not_picked":["Shrug It Off","Carnage"],"picked":"Body Slam+1","floor":23},{"not_picked":["Thunderclap","True Grit"],"picked":"Demon Form","floor":25},{"not_picked":["Body Slam","Rampage","Flex"],"picked":"SKIP","floor":27},{"not_picked":["Carnage","Thunderclap","Uppercut"],"picked":"Shockwave","floor":29},{"not_picked":["Cleave","True Grit","Shockwave"],"picked":"Perfected Strike+1","floor":31},{"not_picked":["Barricade","Demon Form","Immolate"],"picked":"Offering","floor":33},{"not_picked":["Sword Boomerang","Headbutt","True Grit","Intimidate+1"],"picked":"SKIP","floor":35},{"not_picked":["Clash+1","Searing Blow","Body Slam","Anger"],"picked":"SKIP","floor":37},{"not_picked":["Flex","Pommel Strike","Rage"],"picked":"True Grit+1","floor":38},{"not_picked":["Havoc+1","Inflame+1","Warcry+1"],"picked":"Limit Break","floor":41},{"not_picked":["Clothesline","Reckless Charge+1","Carnage+1"],"picked":"Metallicize+1","floor":44},{"not_picked":["Twin Strike","Cleave+1","Infernal Blade"],"picked":"Shrug It Off+1","floor":46},{"not_picked":["Dual Wield","Wild Strike+1","Havoc","Iron Wave"],"picked":"SKIP","floor":48}],"player_experience":1882177,"relics_obtained":[{"floor":6,"key":"Orichalcum"},{"floor":8,"key":"Happy Flower"},{"floor":9,"key":"Blood Vial"},{"floor":11,"key":"Thread and Needle"},{"floor":14,"key":"War Paint"},{"floor":23,"key":"Omamori"},{"floor":25,"key":"Mercury Hourglass"},{"floor":29,"key":"Shuriken"},{"floor":30,"key":"Oddly Smooth Stone"},{"floor":43,"key":"Ice Cream"},{"floor":44,"key":"Kunai"},{"floor":46,"key":"Turnip"}],"event_choices":[{"damage_healed":0,"gold_gain":63,"player_choice":"Gained Gold","damage_taken":0,"max_hp_gain":0,"max_hp_loss":0,"event_name":"Golden Wing","floor":2,"gold_loss":0},{"damage_healed":0,"gold_gain":0,"player_choice":"Donut","damage_taken":0,"max_hp_gain":5,"max_hp_loss":0,"event_name":"Big Fish","floor":5,"gold_loss":0},{"damage_healed":0,"gold_gain":0,"player_choice":"Inject Mutagens","damage_taken":0,"relics_obtained":["MutagenicStrength"],"max_hp_gain":0,"max_hp_loss":0,"event_name":"Drug Dealer","floor":19,"gold_loss":0},{"damage_healed":0,"gold_gain":0,"player_choice":"Simplicity","damage_taken":0,"max_hp_gain":0,"max_hp_loss":0,"event_name":"Back to Basics","floor":21,"gold_loss":0,"cards_upgraded":["Strike_R","Strike_R","Strike_R","Strike_R","Defend_R","Defend_R","Defend_R"]},{"damage_healed":0,"gold_gain":0,"player_choice":"Stole Relic","damage_taken":0,"relics_obtained":["Question Card"],"max_hp_gain":0,"max_hp_loss":0,"event_name":"Addict","floor":28,"gold_loss":0,"cards_obtained":["Shame"]},{"damage_healed":0,"gold_gain":0,"player_choice":"Ignored","damage_taken":0,"max_hp_gain":0,"max_hp_loss":0,"event_name":"SecretPortal","floor":36,"gold_loss":0},{"damage_healed":46,"gold_gain":0,"player_choice":"Heal","damage_taken":0,"max_hp_gain":0,"max_hp_loss":0,"event_name":"MindBloom","floor":47,"gold_loss":0,"cards_obtained":["Doubt"]}],"is_beta":false,"boss_relics":[{"not_picked":["Orrery","White Beast Statue"],"picked":"Runic Dome"},{"not_picked":["Runic Cube","Empty Cage"],"picked":"Fusion Hammer"}],"items_purged_floors":[20],"is_endless":false,"potions_floor_spawned":[3,6,11,13,22,23,29,31,41,44,46],"killed_by":"Donu and Deca","ascension_level":20}