{"gold_per_floor":[115,76,150,169,134,134,154,185,240,265,276,295,295,295,295,393,393,408,408,424,458,256,256,290,309,359,373,385,401,326,183,183,183],"floor_reached":33,"playtime":2839,"items_purged":[],"score":388,"play_id":"ead0a3fa-15d5-481d-ab3c-6a4bfba077de","local_time":"20190430214719","is_ascension_mode":true,"campfire_choices":[{"data":"Crippling Poison","floor":6.0,"key":"SMITH"},{"floor":13,"key":"REST"},{"data":"Leg Sweep","floor":15,"key":"SMITH"},{"floor":23,"key":"REST"},{"floor":32,"key":"REST"}],"neow_cost":"NONE","seed_source_timestamp":0,"circlet_count":0,"master_deck":["Survivor","Neutralize+1","Blur","Crippling Poison+1","Dagger Throw","Leg Sweep+1","Noxious Fumes","Bane","Cloak And Dagger","Skewer","A Thousand Cuts","Calculated Gamble","Bullet Time","Footwork","Crippling Poison","PiercingWail","Doppelganger","Prepared","Choke+1","Leg Sweep","Backstab","Distraction+1","Acrobatics+1"],"special_seed":0,"relics":["Ring of the Snake","Bottled Lightning","Lantern","Bag of Preparation","Question Card","Pandora\u0027s Box","Red Mask","TwistedFunnel","Letter Opener","Whetstone","Snake Skull"],"potions_floor_usage":[21,33,33],"damage_taken":[{"damage":6.0,"enemies":"Cultist","floor":1.0,"turns":5.0},{"damage":8.0,"enemies":"Small Slimes","floor":4.0,"turns":6.0},{"damage":1.0,"enemies":"Jaw Worm","floor":7.0,"turns":4.0},{"damage":58.0,"enemies":"Lagavulin","floor":8.0,"turns":14.0},{"damage":21.0,"enemies":"3 Sentries","floor":10.0,"turns":9.0},{"damage":0.0,"enemies":"Large Slime","floor":11.0,"turns":5.0},{"damage":2,"enemies":"3 Louse","floor":12,"turns":2},{"damage":5,"enemies":"The Guardian","floor":16,"turns":11},{"damage":4,"enemies":"Shell Parasite","floor":18,"turns":6},{"damage":18,"enemies":"Spheric Guardian","floor":20,"turns":10},{"damage":16,"enemies":"Masked Bandits","floor":21,"turns":4},{"damage":41,"enemies":"Book of Stabbing","floor":24,"turns":6},{"damage":0,"enemies":"Centurion and Healer","floor":25,"turns":2},{"damage":4,"enemies":"Snake Plant","floor":27,"turns":4},{"damage":0,"enemies":"3 Cultists","floor":28,"turns":3},{"damage":0,"enemies":"Sentry and Sphere","floor":29,"turns":3},{"damage":27,"enemies":"Automaton","floor":33,"turns":6}],"seed_played":"5667347531326406927","potions_obtained":[{"floor":4.0,"key":"Regen Potion"},{"floor":8.0,"key":"Ancient Potion"},{"floor":12,"key":"SmokeBomb"},{"floor":16,"key":"Dexterity Potion"},{"floor":18,"key":"Strength Potion"},{"floor":21,"key":"Fire Potion"},{"floor":25,"key":"PowerPotion"},{"floor":29,"key":"Block Potion"}],"is_trial":false,"path_per_floor":["M","$","T","M","?","R","M","E","T","E","M","M","R","?","R","B",null,"M","?","M","?","$","R","E","M","T","M","M","M","?","$","R","B"],"character_chosen":"THE_SILENT","items_purchased":["Crippling Poison","TwistedFunnel","Snake Skull"],"campfire_rested":3,"item_purchase_floors":[2,22,31],"current_hp_per_floor":[64,64,64,56,75,75,74,31,31,10,10,8,31,31,31,26,64,60,60,42,26,26,49,8,8,8,4,4,4,4,4,27,0],"gold":183,"neow_bonus":"TEN_PERCENT_HP_BONUS","is_prod":false,"is_daily":false,"chose_seed":false,"campfire_upgraded":2,"win_rate":0,"timestamp":1556657239,"path_taken":["M","?","?","M","?","R","M","E","T","E","M","M","R","?","R","BOSS","M","?","M","?","$","R","E","M","T","M","M","M","?","$","R","BOSS"],"build_version":"2019-01-23","purchased_purges":0,"victory":false,"max_hp_per_floor":[77,77,77,77,77,77,77,77,77,77,77,77,77,77,77,77,77,77,77,77,77,77,77,77,77,77,77,77,77,77,77,77,77],"card_choices":[{"not_picked":["Dodge and Roll","Slice"],"picked":"Blur","floor":1.0},{"not_picked":["Blade Dance","Deadly Poison"],"picked":"Dagger Throw","floor":4.0},{"not_picked":["Dodge and Roll","Dash"],"picked":"Leg Sweep","floor":7.0},{"not_picked":["Backstab","Corpse Explosion"],"picked":"Noxious Fumes","floor":8.0},{"not_picked":["Masterful Stab","Blade Dance"],"picked":"Bane","floor":10.0},{"not_picked":["Quick Slash","Tools of the Trade","Outmaneuver"],"picked":"Cloak And Dagger","floor":11},{"not_picked":["Dagger Spray","Endless Agony","Underhanded Strike"],"picked":"Skewer","floor":12},{"not_picked":["Grand Finale","Storm of Steel","Glass Knife"],"picked":"A Thousand Cuts","floor":16},{"not_picked":["Dagger Spray","Dagger Throw+1","Distraction"],"picked":"Leg Sweep","floor":18},{"not_picked":["Endless Agony","Cloak And Dagger","Terror"],"picked":"Backstab","floor":20},{"not_picked":["Deadly Poison","Flechettes","Caltrops"],"picked":"Distraction+1","floor":21},{"not_picked":["Bane+1","Terror","Backstab"],"picked":"Acrobatics+1","floor":24},{"not_picked":["Quick Slash","Accuracy","Dagger Spray","Slice"],"picked":"SKIP","floor":25},{"not_picked":["Slice+1","Phantasmal Killer","Expertise","Underhanded Strike"],"picked":"SKIP","floor":27},{"not_picked":["Endless Agony+1","Quick Slash","Bane","Poisoned Stab"],"picked":"SKIP","floor":28},{"not_picked":["Outmaneuver","Sucker Punch","Bane","Predator"],"picked":"SKIP","floor":29}],"player_experience":268684,"relics_obtained":[{"floor":3.0,"key":"Bottled Lightning"},{"floor":8.0,"key":"Lantern"},{"floor":9.0,"key":"Bag of Preparation"},{"floor":10.0,"key":"Question Card"},{"floor":21,"key":"Red Mask"},{"floor":24,"key":"Letter Opener"},{"floor":26,"key":"Whetstone"}],"event_choices":[{"damage_healed":19.0,"max_hp_gain":0.0,"max_hp_loss":0.0,"gold_gain":0.0,"event_name":"The Cleric","player_choice":"Healed","floor":5.0,"gold_loss":35.0,"damage_taken":0.0},{"damage_healed":0,"gold_gain":0,"player_choice":"Ignored","damage_taken":0,"max_hp_gain":0,"max_hp_loss":0,"event_name":"Golden Idol","floor":14,"gold_loss":0},{"cards_removed":["Terror"],"damage_healed":0,"gold_gain":0,"player_choice":"Elegance","damage_taken":0,"max_hp_gain":0,"max_hp_loss":0,"event_name":"Back to Basics","floor":19,"gold_loss":0},{"damage_healed":0,"gold_gain":0,"player_choice":"Fought Bandits","damage_taken":0,"max_hp_gain":0,"max_hp_loss":0,"event_name":"Masked Bandits","floor":21,"gold_loss":0},{"cards_removed":["Envenom"],"damage_healed":0,"gold_gain":0,"player_choice":"Gave Gold","damage_taken":0,"max_hp_gain":0,"max_hp_loss":0,"event_name":"Beggar","floor":30,"gold_loss":75}],"is_beta":false,"boss_relics":[{"not_picked":["Calling Bell","Sozu"],"picked":"Pandora\u0027s Box"}],"items_purged_floors":[],"is_endless":false,"potions_floor_spawned":[4,8,12,16,18,20,21,25,29],"killed_by":"Automaton","ascension_level":8}