{"gold_per_floor":[110,285,235,15,25,25,55,65,65,83,102,102,130,130],"floor_reached":14,"playtime":357,"items_purged":[],"score":155,"play_id":"dde213ec-0855-493f-9be7-9bd62a814233","local_time":"20190313143841","is_ascension_mode":true,"campfire_choices":[{"data":"Storm","floor":6,"key":"SMITH"}],"neow_cost":"NONE","seed_source_timestamp":12672360776221,"circlet_count":0,"master_deck":["Strike_B","Strike_B","Strike_B","Strike_B","Defend_B+1","Defend_B","Defend_B+1","Defend_B","Zap","Dualcast","Loop","Storm+1","Dramatic Entrance","Conserve Battery","White Noise","Capacitor","FTL"],"relics":["Cracked Core","NeowsBlessing","Pantograph","Sundial","Odd Mushroom"],"potions_floor_usage":[11,11,13],"damage_taken":[{"damage":0,"enemies":"Jaw Worm","floor":1,"turns":1},{"damage":0,"enemies":"Small Slimes","floor":5,"turns":1},{"damage":0,"enemies":"Gremlin Nob","floor":7,"turns":1},{"damage":8,"enemies":"2 Louse","floor":8,"turns":2},{"damage":1,"enemies":"2 Fungi Beasts","floor":10,"turns":3},{"damage":9,"enemies":"Exordium Wildlife","floor":11,"turns":5},{"damage":20,"enemies":"The Mushroom Lair","floor":13,"turns":4},{"damage":20,"enemies":"Exordium Thugs","floor":14,"turns":1}],"seed_played":"4009975094985407977","potions_obtained":[{"floor":1,"key":"GamblersBrew"},{"floor":8,"key":"Dexterity Potion"},{"floor":10,"key":"SkillPotion"}],"is_trial":false,"path_per_floor":["M","?","?","$","M","R","E","M","T","M","M","?","?","M"],"character_chosen":"DEFECT","items_purchased":["Storm","Dramatic Entrance","Conserve Battery"],"campfire_rested":0,"item_purchase_floors":[4,4,4],"current_hp_per_floor":[68,68,68,68,68,68,68,60,60,59,50,35,15,0],"gold":130,"neow_bonus":"THREE_ENEMY_KILL","is_prod":false,"is_daily":false,"chose_seed":false,"campfire_upgraded":1,"win_rate":0,"timestamp":1552502321,"path_taken":["M","?","?","$","M","R","E","M","T","M","M","?","?","M"],"build_version":"2019-01-23","purchased_purges":0,"victory":false,"max_hp_per_floor":[75,75,75,75,75,75,75,75,75,75,75,75,75,75],"card_choices":[{"not_picked":["Recycle","Conserve Battery"],"picked":"Loop","floor":1},{"not_picked":["Barrage","Gash"],"picked":"White Noise","floor":5},{"not_picked":["Streamline","Turbo","Leap"],"picked":"SKIP","floor":7},{"not_picked":["Steam Power","Aggregate","Redo"],"picked":"SKIP","floor":8},{"not_picked":["Coolheaded","Redo"],"picked":"Capacitor","floor":10},{"not_picked":["Hologram","Fusion","Turbo"],"picked":"SKIP","floor":11},{"not_picked":["Streamline","Biased Cognition"],"picked":"FTL","floor":13}],"player_experience":1083832,"relics_obtained":[{"floor":7,"key":"Pantograph"},{"floor":9,"key":"Sundial"},{"floor":13,"key":"Odd Mushroom"}],"event_choices":[{"damage_healed":0,"gold_gain":175,"player_choice":"AGREE","damage_taken":0,"max_hp_gain":0,"max_hp_loss":0,"event_name":"Liars Game","floor":2,"gold_loss":0,"cards_obtained":["Doubt"]},{"cards_removed":["Doubt"],"damage_healed":0,"gold_gain":0,"player_choice":"Card Removal","damage_taken":0,"max_hp_gain":0,"max_hp_loss":0,"event_name":"The Cleric","floor":3,"gold_loss":50},{"damage_healed":0,"gold_gain":0,"player_choice":"Entered Light","damage_taken":15,"max_hp_gain":0,"max_hp_loss":0,"event_name":"Shining Light","floor":12,"gold_loss":0,"cards_upgraded":["Defend_B","Defend_B"]},{"damage_healed":0,"gold_gain":0,"player_choice":"Fought Mushrooms","damage_taken":0,"max_hp_gain":0,"max_hp_loss":0,"event_name":"Mushrooms","floor":13,"gold_loss":0}],"is_beta":false,"boss_relics":[],"items_purged_floors":[],"is_endless":false,"potions_floor_spawned":[1,8,10],"killed_by":"Exordium Thugs","ascension_level":7}