{"gold_per_floor":[110,126,51,69,85,85,116,116,116,142,156,226,237,269,269,342,342,361,361,169,185,199,228,259,79,79,95,420,420,420,435,435,509,509,527,540,592,611,511,539,138,138,138,157,185,196,196,206,206,206,206,206,46,74,74],"floor_reached":55,"playtime":2857,"items_purged":["Strike_B","Strike_B","Go for the Eyes+1"],"score":1584,"play_id":"a541e86c-7b48-4b0b-80ba-d9b0b6081b2b","local_time":"20190410173632","is_ascension_mode":true,"campfire_choices":[{"data":"Zap","floor":6.0,"key":"SMITH"},{"data":"Buffer","floor":8.0,"key":"SMITH"},{"data":"Hologram","floor":15.0,"key":"SMITH"},{"data":"Loop","floor":29,"key":"SMITH"},{"data":"Biased Cognition","floor":32,"key":"SMITH"},{"floor":42,"key":"RECALL"},{"data":"Parasite","floor":49,"key":"PURGE"},{"data":"Coolheaded","floor":52,"key":"SMITH"}],"neow_cost":"NONE","seed_source_timestamp":8061177866002,"circlet_count":0,"master_deck":["AscendersBane","Defend_B","Defend_B","Defend_B","Defend_B","Zap+1","Dualcast","Coolheaded+1","Sweeping Beam","Ball Lightning","Buffer+1","Cold Snap","Self Repair","Hologram+1","Seek","Glacier","Biased Cognition+1","Fusion","Core Surge+1","All For One+1","Reinforced Body","Loop+1","Blizzard+1","Electrodynamics","Loop","Buffer"],"special_seed":0,"relics":["Orrery","Omamori","Molten Egg 2","Mummified Hand","Meat on the Bone","Pocketwatch","Philosopher\u0027s Stone","ClockworkSouvenir","MawBank","PreservedInsect","Old Coin","Centennial Puzzle","Nuclear Battery","Emotion Chip","Gremlin Horn","Membership Card","Letter Opener","Cables","Peace Pipe","OrangePellets","Bottled Tornado"],"potions_floor_usage":[21,23,27,48,48,55],"damage_taken":[{"damage":2.0,"enemies":"Cultist","floor":1.0,"turns":4.0},{"damage":5.0,"enemies":"Jaw Worm","floor":2.0,"turns":6.0},{"damage":0.0,"enemies":"Small Slimes","floor":4.0,"turns":4.0},{"damage":23.0,"enemies":"Exordium Wildlife","floor":5.0,"turns":4.0},{"damage":30.0,"enemies":"3 Sentries","floor":7.0,"turns":9.0},{"damage":0.0,"enemies":"Lagavulin","floor":10.0,"turns":7.0},{"damage":9.0,"enemies":"3 Louse","floor":11.0,"turns":4.0},{"damage":13.0,"enemies":"Large Slime","floor":13.0,"turns":6.0},{"damage":6.0,"enemies":"3 Sentries","floor":14.0,"turns":9.0},{"damage":0.0,"enemies":"The Guardian","floor":16.0,"turns":16.0},{"damage":0,"enemies":"Spheric Guardian","floor":18,"turns":5},{"damage":4,"enemies":"3 Byrds","floor":21,"turns":4},{"damage":0,"enemies":"Sentry and Sphere","floor":22,"turns":6},{"damage":8,"enemies":"Book of Stabbing","floor":23,"turns":6},{"damage":1,"enemies":"Cultist and Chosen","floor":24,"turns":5},{"damage":6,"enemies":"3 Cultists","floor":27,"turns":7},{"damage":7,"enemies":"Gremlin Leader","floor":28,"turns":7},{"damage":8,"enemies":"Centurion and Healer","floor":31,"turns":6},{"damage":0,"enemies":"Champ","floor":33,"turns":16},{"damage":12,"enemies":"3 Shapes","floor":35,"turns":2},{"damage":0,"enemies":"Orb Walker","floor":36,"turns":4},{"damage":6,"enemies":"2 Orb Walkers","floor":37,"turns":4},{"damage":0,"enemies":"3 Darklings","floor":38,"turns":5},{"damage":1,"enemies":"Reptomancer","floor":40,"turns":6},{"damage":0,"enemies":"Transient","floor":44,"turns":5},{"damage":0,"enemies":"Giant Head","floor":45,"turns":8},{"damage":21,"enemies":"Sphere and 2 Shapes","floor":46,"turns":4},{"damage":10,"enemies":"Writhing Mass","floor":48,"turns":6},{"damage":33,"enemies":"Awakened One","floor":50,"turns":20},{"damage":25,"enemies":"Shield and Spear","floor":54,"turns":5},{"damage":47,"enemies":"The Heart","floor":55,"turns":6}],"seed_played":"8392147123658165480","potions_obtained":[{"floor":2.0,"key":"Ancient Potion"},{"floor":5.0,"key":"Fire Potion"},{"floor":18,"key":"Fire Potion"},{"floor":21,"key":"LiquidBronze"},{"floor":24,"key":"LiquidBronze"},{"floor":33,"key":"Energy Potion"},{"floor":40,"key":"FocusPotion"}],"is_trial":false,"path_per_floor":["M","M","$","M","M","R","E","R","T","E","M","T","M","E","R","B",null,"M","?","$","M","M","E","M","$","T","M","E","R","?","M","R","B",null,"M","M","?","M","$","E","$","R","T","M","E","M","?","M","R","B",null,"R","$","E","B"],"character_chosen":"DEFECT","items_purchased":["ClockworkSouvenir","Loop","PreservedInsect","Membership Card","Letter Opener","OrangePellets","Loop","AttackPotion"],"campfire_rested":0,"item_purchase_floors":[20,25,25,41,41,53,53,53],"current_hp_per_floor":[62,64,64,71,55,55,32,32,32,39,37,37,43,44,44,51,66,71,71,71,71,71,70,71,71,71,71,71,71,71,70,70,71,71,66,71,71,71,71,71,71,71,71,71,71,57,71,68,68,42,62,62,62,44,0],"gold":74,"neow_bonus":"BOSS_RELIC","is_prod":false,"is_daily":false,"chose_seed":false,"campfire_upgraded":6,"win_rate":0,"timestamp":1554932192,"path_taken":["M","?","$","M","M","R","E","R","T","E","M","?","M","E","R","BOSS","M","?","$","M","M","E","M","$","T","M","E","R","?","M","R","BOSS","M","M","?","M","$","E","$","R","T","M","E","M","?","M","R","BOSS","R","$","E","BOSS"],"build_version":"2019-04-04","purchased_purges":3,"victory":false,"max_hp_per_floor":[71,71,71,71,71,71,71,71,71,71,71,71,71,71,71,71,71,71,71,71,71,71,71,71,71,71,71,71,71,71,71,71,71,71,71,71,71,71,71,71,71,71,71,71,71,71,71,71,68,68,68,68,68,68,68],"card_choices":[{"not_picked":["Beam Cell","Compile Driver"],"picked":"Coolheaded","floor":0.0},{"not_picked":["Storm","Compile Driver"],"picked":"Sweeping Beam","floor":0.0},{"not_picked":["Conserve Battery","Steam"],"picked":"Ball Lightning","floor":0.0},{"not_picked":["Sweeping Beam","Streamline"],"picked":"Buffer","floor":0.0},{"not_picked":["Conserve Battery","Beam Cell"],"picked":"Cold Snap","floor":0.0},{"not_picked":["Beam Cell","Reinforced Body"],"picked":"Self Repair","floor":1.0},{"not_picked":["Static Discharge","Go for the Eyes","Barrage"],"picked":"SKIP","floor":2.0},{"not_picked":["Cold Snap","Sweeping Beam","Rebound"],"picked":"SKIP","floor":4.0},{"not_picked":["Go for the Eyes","Skim"],"picked":"Hologram","floor":5.0},{"not_picked":["Hologram","Leap"],"picked":"Seek","floor":7.0},{"not_picked":["Go for the Eyes+1","Stack","Steam"],"picked":"SKIP","floor":10.0},{"not_picked":["Hologram","Barrage+1","Reprogram"],"picked":"SKIP","floor":11.0},{"not_picked":["Sweeping Beam+1","Streamline+1"],"picked":"Glacier","floor":13.0},{"not_picked":["Sweeping Beam+1","Scrape+1","Steam Power"],"picked":"SKIP","floor":14.0},{"not_picked":["Fission","Thunder Strike+1"],"picked":"Biased Cognition","floor":16.0},{"not_picked":["Sunder+1","Consume"],"picked":"Go for the Eyes+1","floor":18},{"not_picked":["Barrage+1","Consume","Steam"],"picked":"SKIP","floor":21},{"not_picked":["Barrage+1","Consume","Steam"],"picked":"SKIP","floor":21},{"not_picked":["Skim","Stack"],"picked":"All For One+1","floor":22},{"not_picked":["Stack","Streamline+1","Redo"],"picked":"SKIP","floor":23},{"not_picked":["Redo","Fusion"],"picked":"Reinforced Body","floor":24},{"not_picked":["Chill","Streamline+1","Reinforced Body"],"picked":"SKIP","floor":27},{"not_picked":["Leap+1","Doom and Gloom+1","Steam Power"],"picked":"SKIP","floor":28},{"not_picked":["Stack","Heatsinks"],"picked":"Blizzard+1","floor":31},{"not_picked":["Thunder Strike+1","Seek"],"picked":"Electrodynamics","floor":33},{"not_picked":["Ball Lightning+1","Conserve Battery","Beam Cell+1"],"picked":"SKIP","floor":35},{"not_picked":["Turbo","Cold Snap+1","Lockon+1"],"picked":"SKIP","floor":36},{"not_picked":["Storm+1","Double Energy","Sweeping Beam+1"],"picked":"SKIP","floor":38},{"not_picked":["Core Surge+1","Blizzard+1","Thunder Strike+1"],"picked":"SKIP","floor":40},{"not_picked":["Turbo","Reinforced Body+1","Go for the Eyes+1"],"picked":"SKIP","floor":44},{"not_picked":["Sweeping Beam+1","Ball Lightning+1","Gash+1"],"picked":"SKIP","floor":45},{"not_picked":["Stack+1","Barrage+1","Steam"],"picked":"SKIP","floor":46},{"not_picked":["BootSequence+1","Go for the Eyes+1","Leap"],"picked":"SKIP","floor":48},{"not_picked":["Steam Power+1","Ball Lightning+1"],"picked":"Buffer","floor":54}],"player_experience":2387674,"relics_obtained":[{"floor":7.0,"key":"Omamori"},{"floor":9.0,"key":"Molten Egg 2"},{"floor":10.0,"key":"Mummified Hand"},{"floor":12.0,"key":"Meat on the Bone"},{"floor":14.0,"key":"Pocketwatch"},{"floor":23,"key":"MawBank"},{"floor":28,"key":"Old Coin"},{"floor":37,"key":"Emotion Chip"},{"floor":40,"key":"Gremlin Horn"},{"floor":43,"key":"Cables"},{"floor":45,"key":"Peace Pipe"},{"floor":54,"key":"Bottled Tornado"}],"event_choices":[{"damage_healed":0,"gold_gain":0,"cards_transformed":["Strike_B","Strike_B"],"player_choice":"Became Test Subject","damage_taken":0,"max_hp_gain":0,"max_hp_loss":0,"event_name":"Drug Dealer","floor":19,"gold_loss":0,"cards_obtained":["Fusion","Core Surge"]},{"damage_healed":0,"gold_gain":0,"player_choice":"Opened","damage_taken":0,"relics_obtained":["Centennial Puzzle"],"max_hp_gain":0,"max_hp_loss":0,"event_name":"The Mausoleum","floor":30,"gold_loss":0,"cards_obtained":["Writhe"]},{"damage_healed":0,"gold_gain":0,"player_choice":"Fight","damage_taken":0,"max_hp_gain":0,"max_hp_loss":0,"event_name":"Mysterious Sphere","floor":37,"gold_loss":0},{"damage_healed":14,"gold_gain":0,"player_choice":"Writhe","damage_taken":0,"max_hp_gain":0,"max_hp_loss":0,"event_name":"Winding Halls","floor":47,"gold_loss":0,"cards_obtained":["Writhe"]}],"is_beta":true,"boss_relics":[{"not_picked":["Ectoplasm","Pandora\u0027s Box"],"picked":"Philosopher\u0027s Stone"},{"not_picked":["Empty Cage","Snecko Eye"],"picked":"Nuclear Battery"}],"items_purged_floors":[3,39,41],"is_endless":false,"potions_floor_spawned":[2,5,7,11,18,21,24,33,36,38,40],"killed_by":"The Heart","ascension_level":15}