{"gold_per_floor":[131,143,167,179,191,203,215,227,288,331,358,389,401,425,437,528,540,525,537,549,574,511,523,535],"floor_reached":24,"playtime":543,"items_purged":[],"score":488,"play_id":"1e4dc58d-70cb-4a01-a0d4-bbacdd601358","local_time":"20190105114723","is_ascension_mode":true,"campfire_choices":[{"data":"Sunder","floor":6.0,"key":"SMITH"},{"data":"Zap","floor":8.0,"key":"SMITH"},{"floor":13.0,"key":"REST"},{"floor":15.0,"key":"REST"},{"floor":23,"key":"REST"}],"neow_cost":"NONE","seed_source_timestamp":303877215179203,"circlet_count":0,"master_deck":["AscendersBane","Strike_B+1","Defend_B","Defend_B","Defend_B","Defend_B","Zap+1","Dualcast","Sunder+1","Compile Driver+1","Stack","Leap","Coolheaded","Biased Cognition+1","Sweeping Beam"],"special_seed":0,"relics":["Cracked Core","MawBank","Bronze Scales","Whetstone","Black Star"],"potions_floor_usage":[16],"damage_taken":[{"damage":7.0,"enemies":"Jaw Worm","floor":1.0,"turns":4.0},{"damage":0.0,"enemies":"Small Slimes","floor":3.0,"turns":3.0},{"damage":30.0,"enemies":"3 Sentries","floor":10.0,"turns":6.0},{"damage":6.0,"enemies":"2 Louse","floor":11.0,"turns":2.0},{"damage":6.0,"enemies":"Blue Slaver","floor":12.0,"turns":3.0},{"damage":21.0,"enemies":"Gremlin Gang","floor":14.0,"turns":4.0},{"damage":0,"enemies":"The Guardian","floor":16,"turns":11},{"damage":14,"enemies":"2 Thieves","floor":18,"turns":4},{"damage":12,"enemies":"Chosen","floor":21,"turns":5},{"damage":56,"enemies":"Slavers","floor":24,"turns":3}],"seed_played":"3004056922701173970","potions_obtained":[{"floor":1.0,"key":"EntropicBrew"}],"is_trial":false,"path_per_floor":["M","?","M","?","?","R","$","R","T","E","M","M","R","M","R","B",null,"M","$","?","M","?","R","E"],"character_chosen":"DEFECT","items_purchased":[],"campfire_rested":3,"item_purchase_floors":[],"current_hp_per_floor":[57,57,57,57,50,50,50,50,50,20,14,8,29,8,29,29,61,47,47,47,35,35,56,0],"gold":535,"neow_bonus":"RANDOM_COMMON_RELIC","is_prod":false,"is_daily":false,"chose_seed":false,"campfire_upgraded":2,"win_rate":0,"timestamp":1546714043,"path_taken":["M","?","M","?","?","R","?","R","T","E","M","M","R","M","R","BOSS","M","$","?","?","?","R","E"],"build_version":"2019-01-03v4","purchased_purges":0,"victory":false,"max_hp_per_floor":[71,71,71,71,71,71,71,71,71,71,71,71,71,71,71,71,71,71,71,71,71,71,71,71],"card_choices":[{"not_picked":["Sweeping Beam","Turbo"],"picked":"Sunder","floor":1.0},{"not_picked":["Blizzard","Consume"],"picked":"Compile Driver","floor":3.0},{"not_picked":["Streamline","Doom and Gloom","Turbo"],"picked":"SKIP","floor":10.0},{"not_picked":["Sweeping Beam","Reprogram"],"picked":"Stack","floor":11.0},{"not_picked":["Compile Driver","Barrage"],"picked":"Leap","floor":12.0},{"not_picked":["Turbo","Cold Snap"],"picked":"Coolheaded","floor":14.0},{"not_picked":["Multi-Cast","Hyperbeam"],"picked":"Biased Cognition","floor":16},{"not_picked":["Steam+1","Turbo","Steam Power"],"picked":"SKIP","floor":18},{"not_picked":["Beam Cell","Turbo"],"picked":"Sweeping Beam","floor":21}],"player_experience":1024476,"relics_obtained":[{"floor":9.0,"key":"Bronze Scales"},{"floor":10.0,"key":"Whetstone"}],"event_choices":[{"damage_healed":0.0,"max_hp_gain":0.0,"max_hp_loss":0.0,"gold_gain":0.0,"event_name":"Liars Game","player_choice":"Ignored","floor":2.0,"gold_loss":0.0,"damage_taken":0.0},{"cards_removed":["Strike_B"],"damage_healed":0.0,"max_hp_gain":0.0,"max_hp_loss":0.0,"gold_gain":0.0,"event_name":"Living Wall","player_choice":"Forget","floor":4.0,"gold_loss":0.0,"damage_taken":0.0},{"cards_removed":["Strike_B"],"damage_healed":0.0,"max_hp_gain":0.0,"max_hp_loss":0.0,"gold_gain":0.0,"event_name":"Golden Wing","player_choice":"Card Removal","floor":5.0,"gold_loss":0.0,"damage_taken":7.0},{"damage_healed":0,"gold_gain":0,"player_choice":"Upgraded","damage_taken":0,"max_hp_gain":0,"max_hp_loss":0,"event_name":"Upgrade Shrine","floor":20,"gold_loss":0,"cards_upgraded":["Biased Cognition"]},{"cards_removed":["Strike_B"],"damage_healed":0,"gold_gain":0,"player_choice":"Gave Gold","damage_taken":0,"max_hp_gain":0,"max_hp_loss":0,"event_name":"Beggar","floor":22,"gold_loss":75}],"is_beta":true,"boss_relics":[{"not_picked":["Tiny House","Empty Cage"],"picked":"Black Star"}],"items_purged_floors":[],"is_endless":false,"potions_floor_spawned":[1,12,14],"killed_by":"Slavers","ascension_level":20}