{"gold_per_floor":[118,118,90,33,33,66,79,79,79,79,108,124,50,50],"floor_reached":14,"playtime":280,"items_purged":[],"score":242,"play_id":"f89af2e5-69d2-4b01-adf7-81e430cfad36","local_time":"20190409030517","is_ascension_mode":true,"campfire_choices":[{"data":"Noxious Fumes","floor":8,"key":"SMITH"}],"neow_cost":"NONE","seed_source_timestamp":665806510619265,"circlet_count":0,"master_deck":["AscendersBane","Defend_G","Defend_G+1","Defend_G","Defend_G","Defend_G","Strike_G","Strike_G+1","Strike_G","Strike_G","Strike_G","Survivor","Neutralize","Poisoned Stab","Dodge and Roll","Dagger Spray","Dodge and Roll","Noxious Fumes+1","Dodge and Roll","Noxious Fumes+1"],"relics":["Ring of the Snake","NeowsBlessing","Darkstone Periapt","Calipers","Omamori","Frozen Egg 2"],"potions_floor_usage":[14,14],"damage_taken":[{"damage":0,"enemies":"Small Slimes","floor":1,"turns":1},{"damage":0,"enemies":"3 Sentries","floor":6,"turns":1},{"damage":0,"enemies":"Jaw Worm","floor":7,"turns":1},{"damage":31,"enemies":"Lagavulin","floor":11,"turns":6},{"damage":0,"enemies":"2 Louse","floor":12,"turns":5},{"damage":10,"enemies":"Gremlin Nob","floor":14,"turns":5}],"seed_played":"5324976748309996122","potions_obtained":[{"floor":1,"key":"GhostInAJar"},{"floor":11,"key":"GhostInAJar"}],"is_trial":false,"path_per_floor":["M","?","$","$","?","E","M","R","T","?","E","M","$","E"],"character_chosen":"THE_SILENT","items_purchased":["Dodge and Roll","Dagger Spray","Noxious Fumes+1"],"campfire_rested":0,"item_purchase_floors":[3,4,13],"current_hp_per_floor":[59,54,54,54,34,34,34,34,34,39,8,8,8,0],"gold":50,"neow_bonus":"THREE_ENEMY_KILL","is_prod":false,"is_daily":false,"chose_seed":false,"campfire_upgraded":1,"win_rate":0,"timestamp":1554793517,"path_taken":["M","?","?","$","?","E","M","R","T","?","E","?","$","E"],"build_version":"2019-01-23","purchased_purges":0,"victory":false,"max_hp_per_floor":[66,66,66,66,66,66,66,66,66,71,71,71,71,71],"card_choices":[{"not_picked":["Flying Knee","Bane"],"picked":"Poisoned Stab","floor":1},{"not_picked":["Phantasmal Killer","Quick Slash"],"picked":"Dodge and Roll","floor":6},{"not_picked":["Cloak And Dagger","Bane"],"picked":"Noxious Fumes","floor":7},{"not_picked":["Bane","Accuracy","Backflip"],"picked":"SKIP","floor":11},{"not_picked":["Skewer","Quick Slash"],"picked":"Dodge and Roll","floor":12}],"player_experience":1764141,"relics_obtained":[{"floor":6,"key":"Calipers"},{"floor":9,"key":"Omamori"},{"floor":11,"key":"Frozen Egg 2"}],"event_choices":[{"damage_healed":0,"gold_gain":0,"player_choice":"Success","damage_taken":5,"relics_obtained":["Darkstone Periapt"],"max_hp_gain":0,"max_hp_loss":0,"event_name":"Scrap Ooze","floor":2,"gold_loss":0},{"damage_healed":0,"gold_gain":0,"player_choice":"Entered Light","damage_taken":20,"max_hp_gain":0,"max_hp_loss":0,"event_name":"Shining Light","floor":5,"gold_loss":0,"cards_upgraded":["Strike_G","Defend_G"]},{"damage_healed":0,"gold_gain":0,"player_choice":"Donut","damage_taken":0,"max_hp_gain":5,"max_hp_loss":0,"event_name":"Big Fish","floor":10,"gold_loss":0}],"is_beta":false,"boss_relics":[],"items_purged_floors":[],"is_endless":false,"potions_floor_spawned":[1,11],"killed_by":"Gremlin Nob","ascension_level":20}