{"gold_per_floor":[114,124,24,99,117,117,117,117,117,136,136,169,169,200,200,296,296,306,231,231,93,93,126,126,155,179,179,179,104,104,120,120,219,219,238,513,527,542,474,474,422,112,112,146,146,159,177,177,177,177],"floor_reached":51,"playtime":4224,"items_purged":["Doubt"],"score":1068,"play_id":"079c8b13-d816-4a2f-9c89-aa0c276f421c","local_time":"20180920231459","is_ascension_mode":true,"campfire_choices":[{"data":"Sweeping Beam","floor":6,"key":"SMITH"},{"data":"Cold Snap","floor":8,"key":"SMITH"},{"floor":15,"key":"REST"},{"floor":24,"key":"REST"},{"floor":28,"key":"REST"},{"data":"Doom and Gloom","floor":30,"key":"SMITH"},{"data":"Beam Cell","floor":32,"key":"SMITH"},{"floor":40,"key":"REST"},{"floor":45,"key":"REST"},{"floor":49,"key":"REST"}],"neow_cost":"CURSE","seed_source_timestamp":1220475385031463,"circlet_count":0,"master_deck":["Strike_B","Strike_B","Strike_B","Strike_B","Defend_B","Defend_B","Defend_B","AscendersBane","White Noise","Heatsinks","BootSequence","Cold Snap+1","Steam","Sweeping Beam+1","Beam Cell+1","Rebound","Turbo","Meteor Strike","Rebound+1","Echo Form","Compile Driver","Impatience","Static Discharge+1","Cold Snap+1","Echo Form","Doom and Gloom+1","Leap+1","Machine Learning","Leap+1","Regret","Undo+1","Seek","Glacier","Sweeping Beam+1","Force Field+1","Sunder"],"special_seed":0,"relics":["Cracked Core","DataDisk","Mango","Potion Belt","WingedGreaves","Ice Cream","Black Star","Orichalcum","Sundial","Blue Candle","Regal Pillow","Art of War","Anchor","Fusion Hammer","Incense Burner","Dodecahedron","Vajra","Strawberry"],"potions_floor_usage":[14,16,23,23,38,38,50,50,50,50],"damage_taken":[{"damage":0,"enemies":"Small Slimes","floor":1,"turns":4},{"damage":4,"enemies":"2 Louse","floor":2,"turns":4},{"damage":0,"enemies":"Jaw Worm","floor":5,"turns":3},{"damage":0,"enemies":"Exordium Wildlife","floor":10,"turns":3},{"damage":21,"enemies":"Gremlin Nob","floor":12,"turns":4},{"damage":20,"enemies":"Lagavulin Event","floor":14,"turns":7},{"damage":27,"enemies":"Slime Boss","floor":16,"turns":9},{"damage":10,"enemies":"Chosen","floor":18,"turns":5},{"damage":14,"enemies":"Book of Stabbing","floor":23,"turns":5},{"damage":45,"enemies":"Gremlin Leader","floor":25,"turns":4},{"damage":1,"enemies":"Spheric Guardian","floor":31,"turns":3},{"damage":5,"enemies":"Champ","floor":33,"turns":8},{"damage":5,"enemies":"3 Shapes","floor":35,"turns":3},{"damage":17,"enemies":"Orb Walker","floor":37,"turns":3},{"damage":11,"enemies":"Sphere and 2 Shapes","floor":38,"turns":3},{"damage":22,"enemies":"2 Orb Walkers","floor":44,"turns":6},{"damage":40,"enemies":"3 Darklings","floor":46,"turns":6},{"damage":7,"enemies":"4 Shapes","floor":47,"turns":5},{"damage":37,"enemies":"Awakened One","floor":50,"turns":11}],"seed_played":"586754413299291790","potions_obtained":[{"floor":10,"key":"Weak Potion"},{"floor":14,"key":"Weak Potion"},{"floor":14,"key":"EssenceOfSteel"},{"floor":18,"key":"LiquidBronze"},{"floor":25,"key":"SkillPotion"},{"floor":31,"key":"Explosive Potion"},{"floor":37,"key":"AttackPotion"},{"floor":44,"key":"Block Potion"},{"floor":46,"key":"PowerPotion"}],"is_trial":false,"path_per_floor":["M","M","$","?","M","R","?","R","T","M","?","E","T","?","R","B",null,"M","?","?","$","T","E","R","E","T","?","R","$","R","M","R","B",null,"M","?","M","M","$","R","$","$","T","E","R","M","M","?","R","B"],"character_chosen":"DEFECT","items_purchased":["Steam","Compile Driver","Impatience","Doom and Gloom","Glacier","Dexterity Potion","Incense Burner"],"campfire_rested":6,"item_purchase_floors":[3,21,21,29,39,41,42],"current_hp_per_floor":[68,64,64,53,53,53,53,53,67,67,67,46,46,26,52,25,73,63,63,63,63,63,49,75,30,30,30,71,71,71,70,70,79,87,82,82,65,54,54,89,89,89,89,74,96,56,49,49,92,55],"gold":177,"neow_bonus":"TRANSFORM_TWO_CARDS","is_prod":false,"is_daily":false,"chose_seed":false,"campfire_upgraded":4,"win_rate":0,"timestamp":1537499699,"path_taken":["M","M","$","?","M","R","?","R","T","M","?","E","?","?","R","BOSS","M","?","?","$","?","E","R","E","T","?","R","$","R","?","R","BOSS","M","?","M","?","$","R","?","$","T","E","R","M","M","?","R","BOSS"],"build_version":"2018-09-20","purchased_purges":1,"victory":true,"max_hp_per_floor":[75,75,75,75,75,75,75,75,89,89,89,89,89,89,89,89,89,89,89,89,89,89,89,89,89,89,89,89,89,89,89,89,89,89,89,89,89,89,89,89,89,89,89,96,96,96,96,96,96,96],"card_choices":[{"not_picked":["Stack","Auto Shields"],"picked":"BootSequence","floor":1},{"not_picked":["Steam","Coolheaded"],"picked":"Cold Snap","floor":2},{"not_picked":["Steam","Self Repair"],"picked":"Sweeping Beam","floor":5},{"not_picked":["Go for the Eyes","Force Field"],"picked":"Beam Cell","floor":10},{"not_picked":["Reboot","Ball Lightning"],"picked":"Rebound","floor":12},{"not_picked":["Tempest","Self Repair"],"picked":"Turbo","floor":14},{"not_picked":["Biased Cognition","Buffer"],"picked":"Meteor Strike","floor":16},{"not_picked":["Reprogram","Chill"],"picked":"Rebound+1","floor":18},{"not_picked":["Lockon+1","Recycle"],"picked":"Static Discharge+1","floor":23},{"not_picked":["Beam Cell","Auto Shields"],"picked":"Cold Snap+1","floor":25},{"not_picked":["Ball Lightning","Rainbow"],"picked":"Leap+1","floor":31},{"not_picked":["Echo Form","Reboot"],"picked":"Machine Learning","floor":33},{"not_picked":["Stack","Defragment"],"picked":"Leap+1","floor":35},{"not_picked":["Barrage+1","Hologram"],"picked":"Undo+1","floor":37},{"not_picked":["Conserve Battery+1","Storm"],"picked":"Seek","floor":38},{"not_picked":["Barrage+1","Capacitor"],"picked":"Sweeping Beam+1","floor":44},{"not_picked":["Hologram","Compile Driver"],"picked":"Force Field+1","floor":46},{"not_picked":["Tempest+1","Stack+1"],"picked":"Sunder","floor":47}],"player_experience":468192,"relics_obtained":[{"floor":9,"key":"Mango"},{"floor":12,"key":"Potion Belt"},{"floor":13,"key":"WingedGreaves"},{"floor":14,"key":"Ice Cream"},{"floor":22,"key":"Orichalcum"},{"floor":23,"key":"Sundial"},{"floor":23,"key":"Blue Candle"},{"floor":25,"key":"Regal Pillow"},{"floor":25,"key":"Art of War"},{"floor":26,"key":"Anchor"},{"floor":43,"key":"Dodecahedron"},{"floor":44,"key":"Vajra"},{"floor":44,"key":"Strawberry"}],"event_choices":[{"event_name":"World of Goop","player_choice":"Gather Gold","floor":4,"damage_taken":0},{"event_name":"Big Fish","player_choice":"Box","floor":7,"damage_taken":0},{"event_name":"Living Wall","player_choice":"Forget","floor":11,"damage_taken":0},{"event_name":"Dead Adventurer","player_choice":"Searched \u00272\u0027 times","floor":14,"damage_taken":0},{"event_name":"Beggar","player_choice":"Gave Gold","floor":19,"damage_taken":0},{"event_name":"Match and Keep!","player_choice":"1 cards matched","floor":20,"damage_taken":0},{"event_name":"Duplicator","player_choice":"One dupe","floor":27,"damage_taken":0},{"event_name":"Golden Shrine","player_choice":"Desecrate","floor":36,"damage_taken":0},{"event_name":"Mysterious Sphere","player_choice":"Ignore","floor":48,"damage_taken":0}],"is_beta":false,"boss_relics":[{"not_picked":["Calling Bell","Ectoplasm"],"picked":"Black Star"},{"not_picked":["Velvet Choker","Astrolabe"],"picked":"Fusion Hammer"}],"items_purged_floors":[3],"is_endless":false,"potions_floor_spawned":[10,14,14,18,25,31,37,44,46,47],"ascension_level":11}