{"gold_per_floor":[111,26,45,59,78,105,105,177,203,168,224,242,242,261,261,338,338,357,37,37,62,62,62,72,92,166,166],"floor_reached":27,"playtime":1089,"items_purged":[],"score":446,"play_id":"34aca72f-a95f-4866-b7d7-18f1d74861a2","local_time":"20190508045654","is_ascension_mode":true,"campfire_choices":[{"floor":7.0,"key":"REST"},{"data":"Bludgeon","floor":13.0,"key":"SMITH"},{"data":"Disarm","floor":15.0,"key":"SMITH"},{"floor":23.0,"key":"REST"}],"neow_cost":"PERCENT_DAMAGE","seed_source_timestamp":1334744196445809,"circlet_count":0,"master_deck":["AscendersBane","Strike_R","Strike_R","Strike_R","Strike_R","Strike_R","Defend_R","Defend_R","Defend_R","Defend_R","Bash","Cleave","Feel No Pain","Iron Wave","Clothesline","Inflame","Bludgeon+1","Armaments","Disarm+1","Demon Form","Cleave+1","Feel No Pain","Seeing Red+1"],"special_seed":0,"relics":["Burning Blood","Oddly Smooth Stone","Orichalcum","Tiny Chest","Sozu","Toxic Egg 2","Kunai","Dodecahedron"],"potions_floor_usage":[],"damage_taken":[{"damage":14.0,"enemies":"Small Slimes","floor":1.0,"turns":4.0},{"damage":4.0,"enemies":"2 Louse","floor":3.0,"turns":3.0},{"damage":21.0,"enemies":"Jaw Worm","floor":4.0,"turns":5.0},{"damage":21.0,"enemies":"Large Slime","floor":5.0,"turns":7.0},{"damage":25.0,"enemies":"Lagavulin","floor":6.0,"turns":7.0},{"damage":38.0,"enemies":"Gremlin Nob","floor":11.0,"turns":5.0},{"damage":4.0,"enemies":"Red Slaver","floor":12.0,"turns":3.0},{"damage":6.0,"enemies":"3 Louse","floor":14.0,"turns":3.0},{"damage":10.0,"enemies":"The Guardian","floor":16.0,"turns":14.0},{"damage":35.0,"enemies":"2 Thieves","floor":18.0,"turns":5.0},{"damage":40.0,"enemies":"Colosseum Slavers","floor":20.0,"turns":5.0},{"damage":10,"enemies":"Spheric Guardian","floor":24,"turns":5},{"damage":21,"enemies":"Chosen and Byrds","floor":25,"turns":7},{"damage":20,"enemies":"Sentry and Sphere","floor":27,"turns":3}],"seed_played":"-730520152670722514","potions_obtained":[{"floor":4.0,"key":"Strength Potion"},{"floor":6.0,"key":"GamblersBrew"},{"floor":12.0,"key":"Poison Potion"},{"floor":16.0,"key":"GamblersBrew"}],"is_trial":false,"path_per_floor":["M","$","M","M","M","E","R","?","T","?","E","M","R","M","R","B",null,"M","$","?","T","?","R","M","M","T","M"],"character_chosen":"IRONCLAD","items_purchased":["Feel No Pain","Feel No Pain","Toxic Egg 2"],"campfire_rested":2,"item_purchase_floors":[2,19,19],"current_hp_per_floor":[56,56,58,43,28,9,35,35,35,57,25,27,27,27,27,23,73,44,44,10,10,10,36,32,17,17,0],"gold":166,"neow_bonus":"TWENTY_PERCENT_HP_BONUS","is_prod":false,"is_daily":false,"chose_seed":false,"campfire_upgraded":2,"win_rate":0,"timestamp":1557305814,"path_taken":["M","$","M","M","M","E","R","?","T","?","E","M","R","M","R","BOSS","M","$","?","?","?","R","M","?","T","M"],"build_version":"2019-01-23","purchased_purges":0,"victory":false,"max_hp_per_floor":[89,89,89,89,89,89,89,89,89,89,89,89,89,89,89,89,89,89,89,89,89,89,89,89,89,89,89],"card_choices":[{"not_picked":["Twin Strike","Warcry"],"picked":"Cleave","floor":1.0},{"not_picked":["Sword Boomerang","Pommel Strike"],"picked":"Iron Wave","floor":3.0},{"not_picked":["Dark Embrace","Body Slam"],"picked":"Clothesline","floor":4.0},{"not_picked":["Bloodletting","Rampage"],"picked":"Inflame","floor":5.0},{"not_picked":["Flex","Dual Wield"],"picked":"Bludgeon","floor":6.0},{"not_picked":["Warcry","Pommel Strike","Flex"],"picked":"SKIP","floor":11.0},{"not_picked":["Anger","Clash"],"picked":"Armaments","floor":12.0},{"not_picked":["Carnage","Perfected Strike"],"picked":"Disarm","floor":14.0},{"not_picked":["Berserk","Double Tap"],"picked":"Demon Form","floor":16.0},{"not_picked":["Perfected Strike","Sword Boomerang"],"picked":"Cleave+1","floor":18.0},{"not_picked":["Sword Boomerang","Rampage","Heavy Blade"],"picked":"SKIP","floor":24},{"not_picked":["Flex+1","Perfected Strike"],"picked":"Seeing Red+1","floor":25}],"player_experience":2452465,"relics_obtained":[{"floor":6.0,"key":"Oddly Smooth Stone"},{"floor":9.0,"key":"Orichalcum"},{"floor":11.0,"key":"Tiny Chest"},{"floor":22.0,"key":"Kunai"},{"floor":26,"key":"Dodecahedron"}],"event_choices":[{"damage_healed":0.0,"max_hp_gain":0.0,"max_hp_loss":0.0,"gold_gain":72.0,"event_name":"Golden Wing","player_choice":"Gained Gold","floor":8.0,"gold_loss":0.0,"damage_taken":0.0},{"damage_healed":22.0,"max_hp_gain":0.0,"max_hp_loss":0.0,"gold_gain":0.0,"event_name":"The Cleric","player_choice":"Healed","floor":10.0,"gold_loss":35.0,"damage_taken":0.0},{"damage_healed":0.0,"max_hp_gain":0.0,"max_hp_loss":0.0,"gold_gain":0.0,"event_name":"Colosseum","player_choice":"Fight","floor":20.0,"gold_loss":0.0,"damage_taken":0.0},{"damage_healed":0.0,"max_hp_gain":0.0,"max_hp_loss":0.0,"gold_gain":0.0,"event_name":"Colosseum","player_choice":"Fled From Nobs","floor":20.0,"gold_loss":0.0,"damage_taken":0.0},{"damage_healed":0.0,"max_hp_gain":0.0,"max_hp_loss":0.0,"gold_gain":0.0,"event_name":"Wheel of Change","player_choice":"Relic","floor":22.0,"gold_loss":0.0,"damage_taken":0.0}],"is_beta":false,"boss_relics":[{"not_picked":["Ectoplasm","White Beast Statue"],"picked":"Sozu"}],"items_purged_floors":[],"is_endless":false,"potions_floor_spawned":[4,6,12,16,18],"killed_by":"Sentry and Sphere","ascension_level":20}