{"gold_per_floor":[116,116,31,46,7,7,39,39,39,56,76,76,109,34,34,105,105,118,135,16,16,16,45,45,80,158,158,172,172],"floor_reached":29,"playtime":993,"items_purged":["Strike_B"],"score":638,"play_id":"df4adc80-8809-42e3-af77-eebdda124062","local_time":"20190430085833","is_ascension_mode":true,"campfire_choices":[{"data":"Loop","floor":6,"key":"SMITH"},{"data":"Defragment","floor":8,"key":"SMITH"},{"data":"Static Discharge","floor":12,"key":"SMITH"},{"data":"Loop","floor":15,"key":"SMITH"},{"data":"Consume","floor":24,"key":"SMITH"}],"neow_cost":"NONE","seed_source_timestamp":658301610310239,"circlet_count":0,"master_deck":["AscendersBane","Strike_B","Strike_B","Defend_B","Defend_B","Defend_B","Defend_B","Zap+1","Dualcast","Ball Lightning","Defragment+1","Sweeping Beam","Loop+1","Echo Form","Static Discharge+1","Ball Lightning","Loop+1","Electrodynamics","Ball Lightning","Capacitor","Consume+1","Steam+1"],"relics":["FrozenCore","NeowsBlessing","Meat on the Bone","Symbiotic Virus","Thread and Needle","Strawberry","Bottled Tornado","Question Card"],"potions_floor_usage":[16,19,23],"damage_taken":[{"damage":0,"enemies":"2 Louse","floor":1,"turns":1},{"damage":0,"enemies":"Jaw Worm","floor":4,"turns":1},{"damage":0,"enemies":"Gremlin Nob","floor":7,"turns":1},{"damage":7,"enemies":"Small Slimes","floor":10,"turns":3},{"damage":13,"enemies":"Blue Slaver","floor":11,"turns":2},{"damage":0,"enemies":"Lagavulin","floor":13,"turns":4},{"damage":39,"enemies":"Slime Boss","floor":16,"turns":7},{"damage":8,"enemies":"Chosen","floor":18,"turns":5},{"damage":14,"enemies":"Shell Parasite","floor":19,"turns":3},{"damage":16,"enemies":"Gremlin Leader","floor":23,"turns":6},{"damage":26,"enemies":"Book of Stabbing","floor":25,"turns":5},{"damage":27,"enemies":"Centurion and Healer","floor":28,"turns":4},{"damage":25,"enemies":"Slavers","floor":29,"turns":1}],"seed_played":"-6419379341531962449","potions_obtained":[{"floor":7,"key":"LiquidBronze"},{"floor":10,"key":"GamblersBrew"},{"floor":16,"key":"AttackPotion"},{"floor":18,"key":"Energy Potion"}],"is_trial":false,"path_per_floor":["M","?","$","M","$","R","E","R","T","M","M","R","E","?","R","B",null,"M","M","$","?","?","E","R","E","T","?","M","E"],"character_chosen":"DEFECT","items_purchased":["Defragment","Loop","Capacitor"],"campfire_rested":0,"item_purchase_floors":[3,5,20],"current_hp_per_floor":[64,64,64,64,64,64,64,64,64,57,44,44,44,44,44,17,58,50,36,36,50,50,53,53,39,39,39,24,0],"gold":172,"neow_bonus":"THREE_ENEMY_KILL","is_prod":false,"is_daily":false,"chose_seed":false,"campfire_upgraded":5,"win_rate":0,"timestamp":1556629113,"path_taken":["M","?","$","M","$","R","E","R","T","M","M","R","E","?","R","BOSS","M","M","$","?","?","E","R","E","T","?","?","E"],"build_version":"2019-01-23","purchased_purges":1,"victory":false,"max_hp_per_floor":[71,71,71,71,71,71,71,71,71,71,71,71,71,71,71,71,71,71,71,71,71,71,78,78,78,78,78,78,78],"card_choices":[{"not_picked":["Beam Cell","Leap"],"picked":"Ball Lightning","floor":1},{"not_picked":["Genetic Algorithm","FTL"],"picked":"Sweeping Beam","floor":4},{"not_picked":["FTL","Fusion"],"picked":"Echo Form","floor":7},{"not_picked":["Rip and Tear","Ball Lightning"],"picked":"Static Discharge","floor":10},{"not_picked":["Steam","Rip and Tear"],"picked":"Ball Lightning","floor":11},{"not_picked":["Force Field","Conserve Battery"],"picked":"Loop","floor":13},{"not_picked":["Meteor Strike","Thunder Strike"],"picked":"Electrodynamics","floor":16},{"not_picked":["Genetic Algorithm","Rip and Tear","Beam Cell"],"picked":"SKIP","floor":18},{"not_picked":["Skim","Rip and Tear"],"picked":"Ball Lightning","floor":19},{"not_picked":["Redo","Stack"],"picked":"Consume","floor":23},{"not_picked":["Double Energy","Go for the Eyes"],"picked":"Steam+1","floor":25},{"not_picked":["Hyperbeam","Beam Cell","Steam","Stack"],"picked":"SKIP","floor":28}],"player_experience":2152159,"relics_obtained":[{"floor":7,"key":"Meat on the Bone"},{"floor":9,"key":"Symbiotic Virus"},{"floor":13,"key":"Thread and Needle"},{"floor":23,"key":"Strawberry"},{"floor":25,"key":"Bottled Tornado"},{"floor":26,"key":"Question Card"}],"event_choices":[{"damage_healed":0,"gold_gain":0,"player_choice":"Grow","damage_taken":0,"max_hp_gain":0,"max_hp_loss":0,"event_name":"Living Wall","floor":2,"gold_loss":0,"cards_upgraded":["Zap"]},{"cards_removed":["Strike_B"],"damage_healed":0,"gold_gain":0,"player_choice":"Card Removal","damage_taken":0,"max_hp_gain":0,"max_hp_loss":0,"event_name":"The Cleric","floor":14,"gold_loss":75},{"damage_healed":14,"gold_gain":0,"player_choice":"Heal","damage_taken":0,"max_hp_gain":0,"max_hp_loss":0,"event_name":"The Library","floor":21,"gold_loss":0},{"damage_healed":0,"gold_gain":0,"player_choice":"Ignored","damage_taken":0,"max_hp_gain":0,"max_hp_loss":0,"event_name":"Ghosts","floor":22,"gold_loss":0},{"damage_healed":0,"gold_gain":0,"player_choice":"Ignored","damage_taken":0,"max_hp_gain":0,"max_hp_loss":0,"event_name":"Vampires","floor":27,"gold_loss":0}],"is_beta":false,"boss_relics":[{"not_picked":["White Beast Statue","Orrery"],"picked":"FrozenCore"}],"items_purged_floors":[20],"is_endless":false,"potions_floor_spawned":[7,10,11,16,18],"killed_by":"Slavers","ascension_level":20}