{"gold_per_floor":[119,130,130,205,42,74,74,87,87,87,119,119,139,157,157,157],"floor_reached":16,"playtime":561,"items_purged":[],"score":270,"play_id":"11e92b61-bc06-43ce-91bc-af576c702cbb","local_time":"20190503002638","is_ascension_mode":true,"campfire_choices":[{"data":"Noxious Fumes","floor":7.0,"key":"SMITH"},{"data":"Deadly Poison","floor":12,"key":"SMITH"},{"floor":15,"key":"REST"}],"neow_cost":"NONE","seed_source_timestamp":887188129303993,"circlet_count":0,"master_deck":["AscendersBane","Defend_G","Defend_G","Defend_G","Defend_G","Defend_G","Strike_G+1","Strike_G","Strike_G","Strike_G","Strike_G+1","Survivor","Neutralize","Deadly Poison+1","Noxious Fumes+1","Corpse Explosion","Backflip","Cloak And Dagger","Well Laid Plans"],"special_seed":0,"relics":["Ring of the Snake","NeowsBlessing","The Courier","Gremlin Horn","Bag of Marbles","Happy Flower"],"potions_floor_usage":[11,11,14,16],"damage_taken":[{"damage":0.0,"enemies":"Cultist","floor":1.0,"turns":1.0},{"damage":0.0,"enemies":"Jaw Worm","floor":2.0,"turns":1.0},{"damage":0.0,"enemies":"3 Sentries","floor":6.0,"turns":2.0},{"damage":0,"enemies":"2 Louse","floor":8,"turns":2},{"damage":17,"enemies":"Lagavulin","floor":11,"turns":8},{"damage":3,"enemies":"Blue Slaver","floor":13,"turns":4},{"damage":17,"enemies":"Exordium Thugs","floor":14,"turns":3},{"damage":25,"enemies":"Slime Boss","floor":16,"turns":5}],"seed_played":"-4083443870437489883","potions_obtained":[{"floor":8,"key":"SkillPotion"},{"floor":13,"key":"Weak Potion"},{"floor":14,"key":"AttackPotion"}],"is_trial":false,"path_per_floor":["M","M","?","?","$","E","R","M","T","T","E","R","M","M","R","B"],"character_chosen":"THE_SILENT","items_purchased":["Noxious Fumes","Regen Potion"],"campfire_rested":1,"item_purchase_floors":[5,5],"current_hp_per_floor":[59,59,39,28,28,28,28,28,28,28,26,26,23,6,25,0],"gold":157,"neow_bonus":"THREE_ENEMY_KILL","is_prod":false,"is_daily":false,"chose_seed":false,"campfire_upgraded":2,"win_rate":0,"timestamp":1556857598,"path_taken":["M","?","?","?","$","E","R","M","T","?","E","R","?","M","R","BOSS"],"build_version":"2019-01-23","purchased_purges":0,"victory":false,"max_hp_per_floor":[66,66,66,66,66,66,66,66,66,66,66,66,66,66,66,66],"card_choices":[{"not_picked":["Flying Knee","Deflect"],"picked":"Deadly Poison","floor":1.0},{"not_picked":["Prepared","Outmaneuver","Deflect"],"picked":"SKIP","floor":2.0},{"not_picked":["Prepared","Flying Knee"],"picked":"Corpse Explosion","floor":6.0},{"not_picked":["Heel Hook","Slice"],"picked":"Backflip","floor":8},{"not_picked":["Phantasmal Killer","Slice"],"picked":"Cloak And Dagger","floor":11},{"not_picked":["Predator","Acrobatics","Blade Dance"],"picked":"SKIP","floor":13},{"not_picked":["Acrobatics","Outmaneuver"],"picked":"Well Laid Plans","floor":14}],"player_experience":2279780,"relics_obtained":[{"floor":6.0,"key":"The Courier"},{"floor":9,"key":"Gremlin Horn"},{"floor":10,"key":"Bag of Marbles"},{"floor":11,"key":"Happy Flower"}],"event_choices":[{"damage_healed":0.0,"max_hp_gain":0.0,"max_hp_loss":0.0,"gold_gain":0.0,"event_name":"Shining Light","player_choice":"Entered Light","floor":3.0,"gold_loss":0.0,"damage_taken":20.0,"cards_upgraded":["Strike_G","Strike_G"]},{"damage_healed":0.0,"max_hp_gain":0.0,"max_hp_loss":0.0,"gold_gain":75.0,"event_name":"World of Goop","player_choice":"Gather Gold","floor":4.0,"gold_loss":0.0,"damage_taken":11.0}],"is_beta":false,"boss_relics":[],"items_purged_floors":[],"is_endless":false,"potions_floor_spawned":[8,13,14],"killed_by":"Slime Boss","ascension_level":20}