{"gold_per_floor":[115,1,1,1,1,34,55,99,99,72,96,96,46,67,67,188,188,203,219,253,253,378,378,421,421,421,460,484,69,90,133,133,259,259,283,283,616,616,634,663,178,205,205,1,1,34,34,60,60,60],"floor_reached":51,"playtime":5478,"items_purged":["Defend_B","Defend_B","Strike_B"],"score":1120,"play_id":"63240757-3b3d-4d02-9c2b-5d68832eacd8","local_time":"20190319034959","is_ascension_mode":true,"campfire_choices":[{"data":"Conserve Battery","floor":12,"key":"SMITH"},{"data":"Glacier","floor":15,"key":"SMITH"},{"data":"Go for the Eyes","floor":23,"key":"SMITH"},{"data":"Capacitor","floor":25,"key":"SMITH"},{"data":"Coolheaded","floor":32,"key":"SMITH"},{"data":"Strike_B","floor":45,"key":"PURGE"},{"data":"Buffer","floor":47,"key":"SMITH"},{"data":"Strike_B","floor":49,"key":"PURGE"}],"neow_cost":"NONE","seed_source_timestamp":470509161749589,"circlet_count":0,"master_deck":["Strike_B","Defend_B+1","Zap","Dualcast+1","Coolheaded+1","Glacier+1","Injury","Cold Snap","Conserve Battery+1","Go for the Eyes+1","Compile Driver","Core Surge","Capacitor+1","Cold Snap+1","Stack+1","Capacitor+1","Ball Lightning+1","Double Energy","Buffer+1","Cold Snap+1","Chill+1","Chill+1","Conserve Battery+1","Turbo+1"],"relics":["Coffee Dripper","Dead Branch","Anchor","Blue Candle","Black Star","Red Mask","Mango","Symbiotic Virus","Blood Vial","Torii","Bag of Preparation","Shuriken","Bottled Tornado","Bird Faced Urn","Potion Belt","Meat on the Bone","Nuclear Battery","Lantern","Peace Pipe","Bottled Lightning","DataDisk","DollysMirror","Ancient Tea Set","StoneCalendar","Du-Vu Doll","Sling","Juzu Bracelet","Bag of Marbles","Singing Bowl","PreservedInsect"],"potions_floor_usage":[6,8,20,20,20,22,40,50,50],"damage_taken":[{"damage":7,"enemies":"Jaw Worm","floor":1,"turns":3},{"damage":11,"enemies":"Gremlin Nob","floor":6,"turns":5},{"damage":0,"enemies":"Small Slimes","floor":7,"turns":4},{"damage":0,"enemies":"3 Sentries","floor":8,"turns":8},{"damage":0,"enemies":"2 Louse","floor":11,"turns":3},{"damage":0,"enemies":"2 Fungi Beasts","floor":14,"turns":4},{"damage":1,"enemies":"The Guardian","floor":16,"turns":16},{"damage":0,"enemies":"Shell Parasite","floor":18,"turns":7},{"damage":1,"enemies":"Chosen","floor":19,"turns":5},{"damage":1,"enemies":"Masked Bandits","floor":20,"turns":2},{"damage":5,"enemies":"Colosseum Slavers","floor":22,"turns":5},{"damage":37,"enemies":"Colosseum Nobs","floor":22,"turns":11},{"damage":21,"enemies":"Gremlin Leader","floor":24,"turns":9},{"damage":1,"enemies":"Book of Stabbing","floor":27,"turns":11},{"damage":2,"enemies":"Snecko","floor":28,"turns":4},{"damage":1,"enemies":"3 Cultists","floor":30,"turns":6},{"damage":2,"enemies":"Slavers","floor":31,"turns":6},{"damage":19,"enemies":"Automaton","floor":33,"turns":9},{"damage":0,"enemies":"Orb Walker","floor":35,"turns":3},{"damage":0,"enemies":"3 Shapes","floor":39,"turns":5},{"damage":1,"enemies":"Nemesis","floor":40,"turns":7},{"damage":1,"enemies":"Giant Head","floor":42,"turns":6},{"damage":1,"enemies":"Reptomancer","floor":46,"turns":7},{"damage":2,"enemies":"Nemesis","floor":48,"turns":5},{"damage":9,"enemies":"Time Eater","floor":50,"turns":11}],"seed_played":"1024895944680128732","potions_obtained":[{"floor":1,"key":"Weak Potion"},{"floor":7,"key":"GamblersBrew"},{"floor":8,"key":"AttackPotion"},{"floor":14,"key":"SkillPotion"},{"floor":18,"key":"Weak Potion"},{"floor":20,"key":"Energy Potion"},{"floor":24,"key":"Weak Potion"},{"floor":31,"key":"Weak Potion"},{"floor":39,"key":"Energy Potion"},{"floor":42,"key":"Fire Potion"}],"is_trial":false,"path_per_floor":["M","$","?","?","?","E","M","E","T","$","M","R","?","M","R","B",null,"M","M","?","?","?","R","E","R","T","E","M","$","M","E","R","B",null,"M","?","?","T","M","E","$","E","T","$","R","E","R","E","R","B",null],"character_chosen":"DEFECT","items_purchased":["Glacier","Go for the Eyes","Bird Faced Urn","DataDisk","DollysMirror","Sling"],"campfire_rested":0,"item_purchase_floors":[2,10,29,41,41,44],"current_hp_per_floor":[68,68,53,53,53,42,42,42,42,42,42,42,42,42,42,41,75,75,74,73,73,45,45,24,24,24,25,25,25,30,34,34,43,89,89,85,85,85,85,85,85,85,85,85,85,85,85,85,85,77],"gold":60,"neow_bonus":"BOSS_RELIC","is_prod":false,"is_daily":false,"chose_seed":false,"campfire_upgraded":6,"win_rate":0,"timestamp":1552981799,"path_taken":["M","$","?","?","?","E","M","E","T","$","M","R","?","?","R","BOSS","M","M","?","?","?","R","E","R","T","E","?","$","M","E","R","BOSS","M","?","?","?","M","E","?","E","T","$","R","E","R","E","R","BOSS"],"build_version":"2019-01-23","purchased_purges":3,"victory":true,"max_hp_per_floor":[75,75,75,75,75,75,75,75,75,75,75,75,75,75,75,75,75,75,75,75,75,89,89,89,89,89,89,89,89,89,89,89,89,89,89,85,85,85,85,85,85,85,85,85,85,85,85,85,85,85],"card_choices":[{"not_picked":["Rip and Tear","Redo"],"picked":"Coolheaded","floor":1},{"not_picked":["Redo","Heatsinks"],"picked":"Cold Snap","floor":6},{"not_picked":["Heatsinks","Static Discharge","Turbo"],"picked":"SKIP","floor":7},{"not_picked":["Beam Cell","Sweeping Beam"],"picked":"Conserve Battery","floor":8},{"not_picked":["Cold Snap","Coolheaded","Barrage"],"picked":"SKIP","floor":11},{"not_picked":["Aggregate","Static Discharge"],"picked":"Compile Driver","floor":14},{"not_picked":["Rainbow","Reboot"],"picked":"Core Surge","floor":16},{"not_picked":["Genetic Algorithm+1","Sweeping Beam+1"],"picked":"Capacitor+1","floor":18},{"not_picked":["Hologram","Rebound+1","Compile Driver"],"picked":"SKIP","floor":19},{"not_picked":["Hello World","Force Field"],"picked":"Cold Snap+1","floor":20},{"not_picked":["Leap","Redo+1"],"picked":"Stack+1","floor":22},{"not_picked":["Cold Snap+1","Glacier+1"],"picked":"Capacitor","floor":24},{"not_picked":["Meteor Strike","Sunder"],"picked":"Ball Lightning+1","floor":27},{"not_picked":["Auto Shields","Recycle+1"],"picked":"Double Energy","floor":28},{"not_picked":["Lockon","Ball Lightning","Reprogram"],"picked":"SKIP","floor":30},{"not_picked":["Sunder","Coolheaded","Compile Driver+1"],"picked":"SKIP","floor":31},{"not_picked":["All For One","Core Surge"],"picked":"Buffer","floor":33},{"not_picked":["Hologram+1","Streamline"],"picked":"Cold Snap+1","floor":35},{"not_picked":["Steam Power","Blizzard"],"picked":"Chill+1","floor":39},{"not_picked":["Storm+1","Rip and Tear+1","Glacier"],"picked":"SKIP","floor":40},{"not_picked":["Skim+1","Stack","Tempest+1"],"picked":"SKIP","floor":42},{"not_picked":["Hologram+1","Electrodynamics"],"picked":"Conserve Battery+1","floor":46},{"not_picked":["Stack+1","Conserve Battery+1"],"picked":"Turbo+1","floor":48}],"player_experience":210117,"relics_obtained":[{"floor":6,"key":"Dead Branch"},{"floor":8,"key":"Anchor"},{"floor":9,"key":"Blue Candle"},{"floor":20,"key":"Red Mask"},{"floor":22,"key":"Mango"},{"floor":22,"key":"Symbiotic Virus"},{"floor":24,"key":"Blood Vial"},{"floor":24,"key":"Torii"},{"floor":26,"key":"Bag of Preparation"},{"floor":27,"key":"Shuriken"},{"floor":27,"key":"Bottled Tornado"},{"floor":31,"key":"Potion Belt"},{"floor":31,"key":"Meat on the Bone"},{"floor":38,"key":"Lantern"},{"floor":40,"key":"Peace Pipe"},{"floor":40,"key":"Bottled Lightning"},{"floor":42,"key":"Ancient Tea Set"},{"floor":42,"key":"StoneCalendar"},{"floor":43,"key":"Du-Vu Doll"},{"floor":46,"key":"Juzu Bracelet"},{"floor":46,"key":"Bag of Marbles"},{"floor":48,"key":"Singing Bowl"},{"floor":48,"key":"PreservedInsect"}],"event_choices":[{"damage_healed":0,"gold_gain":0,"player_choice":"Entered Light","damage_taken":15,"max_hp_gain":0,"max_hp_loss":0,"event_name":"Shining Light","floor":3,"gold_loss":0,"cards_upgraded":["Defend_B","Dualcast"]},{"damage_healed":0,"gold_gain":0,"player_choice":"Ignored","damage_taken":0,"max_hp_gain":0,"max_hp_loss":0,"event_name":"Liars Game","floor":4,"gold_loss":0},{"damage_healed":0,"gold_gain":0,"player_choice":"Take Wound","damage_taken":0,"relics_obtained":["Golden Idol"],"max_hp_gain":0,"max_hp_loss":0,"event_name":"Golden Idol","floor":5,"gold_loss":0,"cards_obtained":["Injury"]},{"cards_removed":["Defend_B"],"damage_healed":0,"gold_gain":0,"player_choice":"Card Removal","damage_taken":0,"max_hp_gain":0,"max_hp_loss":0,"event_name":"The Cleric","floor":13,"gold_loss":50},{"damage_healed":0,"gold_gain":0,"player_choice":"Fought Bandits","damage_taken":0,"max_hp_gain":0,"max_hp_loss":0,"event_name":"Masked Bandits","floor":20,"gold_loss":0},{"damage_healed":0,"gold_gain":0,"player_choice":"Ignored","damage_taken":0,"max_hp_gain":0,"max_hp_loss":0,"event_name":"Vampires","floor":21,"gold_loss":0},{"damage_healed":0,"gold_gain":0,"player_choice":"Fight","damage_taken":0,"max_hp_gain":0,"max_hp_loss":0,"event_name":"Colosseum","floor":22,"gold_loss":0},{"damage_healed":0,"gold_gain":0,"player_choice":"Fought Nobs","damage_taken":0,"max_hp_gain":0,"max_hp_loss":0,"event_name":"Colosseum","floor":22,"gold_loss":0},{"damage_healed":0,"gold_gain":0,"player_choice":"Max HP","damage_taken":0,"max_hp_gain":0,"max_hp_loss":4,"event_name":"Winding Halls","floor":36,"gold_loss":0},{"damage_healed":0,"gold_gain":333,"player_choice":"Gave Idol","damage_taken":0,"max_hp_gain":0,"max_hp_loss":0,"event_name":"The Moai Head","floor":37,"relics_lost":["Golden Idol"],"gold_loss":0}],"is_beta":false,"boss_relics":[{"not_picked":["Astrolabe","Eternal Feather"],"picked":"Black Star"},{"not_picked":["Sozu","Empty Cage"],"picked":"Nuclear Battery"}],"items_purged_floors":[2,29,41],"is_endless":false,"potions_floor_spawned":[1,7,8,14,18,20,22,24,31,39,42],"ascension_level":2}