{"gold_per_floor":[113,113,133,145,70,70,85,85,135,164,215,215,233,263,263,360,360,375,375,388,420,420,445,445,445,445,445,30,130,147,50,50,153,153,169,186,237,247,12,12,12,22,22,22,34,34,54,70,70,70],"floor_reached":51,"playtime":2024,"items_purged":["Defend_R","Clumsy","Defend_R"],"score":1431,"play_id":"224166e7-7613-40b7-88bf-1b802d689bde","local_time":"20190318231713","is_ascension_mode":true,"campfire_choices":[{"data":"Bash","floor":6,"key":"SMITH"},{"data":"Shrug It Off","floor":8,"key":"SMITH"},{"data":"Spot Weakness","floor":15,"key":"SMITH"},{"data":"Shockwave","floor":25,"key":"SMITH"},{"data":"RitualDagger","floor":27,"key":"SMITH"},{"data":"Immolate","floor":32,"key":"SMITH"},{"data":"Armaments","floor":40,"key":"SMITH"},{"data":"Infernal Blade","floor":44,"key":"SMITH"},{"data":"Bludgeon","floor":49,"key":"SMITH"}],"neow_cost":"TEN_PERCENT_HP_LOSS","seed_source_timestamp":0,"circlet_count":0,"master_deck":["AscendersBane","Strike_R","Strike_R","Strike_R","Defend_R","Bash+1","Shrug It Off+1","Armaments+1","Shockwave+1","Iron Wave","Bludgeon+1","Flex","Spot Weakness+1","Immolate+1","Heavy Blade+1","RitualDagger+1","Pommel Strike","Power Through","Necronomicurse","Infernal Blade+1","Flame Barrier","Burning Pact+1","Finesse","Offering","Headbutt+1","Shrug It Off+1","Dropkick","Disarm","Offering","Seeing Red+1","Warcry+1","Whirlwind+1"],"special_seed":0,"relics":["Burning Blood","CultistMask","Lantern","Anchor","WarpedTongs","Nunchaku","Sozu","Red Mask","Vajra","Necronomicon","Gremlin Horn","Meat on the Bone","Ice Cream","Letter Opener","Turnip","Singing Bowl"],"potions_floor_usage":[10,14,16],"damage_taken":[{"damage":7,"enemies":"2 Louse","floor":1,"turns":3},{"damage":6,"enemies":"Cultist","floor":3,"turns":3},{"damage":3,"enemies":"Small Slimes","floor":4,"turns":4},{"damage":11,"enemies":"Blue Slaver","floor":7,"turns":4},{"damage":19,"enemies":"3 Sentries","floor":10,"turns":9},{"damage":4,"enemies":"2 Fungi Beasts","floor":13,"turns":4},{"damage":26,"enemies":"Gremlin Nob","floor":14,"turns":4},{"damage":29,"enemies":"The Guardian","floor":16,"turns":9},{"damage":2,"enemies":"Chosen","floor":18,"turns":3},{"damage":3,"enemies":"2 Thieves","floor":20,"turns":3},{"damage":5,"enemies":"Masked Bandits","floor":21,"turns":2},{"damage":12,"enemies":"Gremlin Leader","floor":23,"turns":5},{"damage":0,"enemies":"Colosseum Slavers","floor":29,"turns":2},{"damage":0,"enemies":"Colosseum Nobs","floor":29,"turns":2},{"damage":24,"enemies":"Snake Plant","floor":30,"turns":3},{"damage":0,"enemies":"Collector","floor":33,"turns":5},{"damage":6,"enemies":"3 Darklings","floor":35,"turns":2},{"damage":0,"enemies":"Orb Walker","floor":36,"turns":2},{"damage":0,"enemies":"2 Orb Walkers","floor":37,"turns":3},{"damage":6,"enemies":"Writhing Mass","floor":38,"turns":2},{"damage":10,"enemies":"4 Shapes","floor":42,"turns":2},{"damage":6,"enemies":"3 Darklings","floor":45,"turns":2},{"damage":3,"enemies":"Maw","floor":47,"turns":5},{"damage":17,"enemies":"Spire Growth","floor":48,"turns":3},{"damage":31,"enemies":"Donu and Deca","floor":50,"turns":5}],"seed_played":"8490339715610314721","potions_obtained":[{"floor":4,"key":"SneckoOil"},{"floor":7,"key":"SteroidPotion"},{"floor":13,"key":"Block Potion"},{"floor":14,"key":"Poison Potion"}],"is_trial":false,"path_per_floor":["M","?","M","M","$","R","M","R","T","E","?","?","M","E","R","B",null,"M","?","M","?","?","E","?","R","T","R","$","?","M","$","R","B",null,"M","M","?","M","$","R","?","M","T","R","M","?","M","M","R","B",null],"character_chosen":"IRONCLAD","items_purchased":["Meat on the Bone","Infernal Blade","Finesse","Dropkick","Disarm"],"campfire_rested":0,"item_purchase_floors":[28,28,31,39,39],"current_hp_per_floor":[71,71,71,72,72,72,67,67,67,54,54,54,56,36,36,13,57,61,55,58,59,59,53,37,37,37,37,37,49,43,43,43,49,66,66,72,72,72,72,72,72,68,68,68,68,68,71,62,62,49],"gold":70,"neow_bonus":"TRANSFORM_TWO_CARDS","is_prod":false,"is_daily":false,"chose_seed":false,"campfire_upgraded":9,"win_rate":0,"timestamp":1552918633,"path_taken":["M","?","?","M","?","R","M","R","T","E","?","?","?","E","R","BOSS","M","?","M","?","?","E","?","R","T","R","$","?","M","?","R","BOSS","M","M","?","M","$","R","?","M","T","R","?","?","?","M","R","BOSS"],"build_version":"2019-01-23","purchased_purges":3,"victory":true,"max_hp_per_floor":[72,72,72,72,72,72,72,72,72,72,72,72,72,72,72,72,72,72,72,72,72,72,72,72,72,72,72,72,72,72,72,72,72,72,72,72,72,72,72,72,72,72,72,72,72,72,72,74,74,74],"card_choices":[{"not_picked":["Body Slam","Headbutt"],"picked":"Shrug It Off","floor":1},{"not_picked":["Rupture","Feel No Pain"],"picked":"Armaments","floor":3},{"not_picked":["Evolve","Combust"],"picked":"Shockwave","floor":4},{"not_picked":["Anger","Twin Strike"],"picked":"Iron Wave","floor":7},{"not_picked":["Clothesline","Wild Strike"],"picked":"Bludgeon","floor":10},{"not_picked":["Corruption","Shockwave"],"picked":"Flex","floor":13},{"not_picked":["Havoc","Iron Wave"],"picked":"Spot Weakness","floor":14},{"not_picked":["Berserk","Feed"],"picked":"Immolate","floor":16},{"not_picked":["Whirlwind+1","Hemokinesis+1"],"picked":"Heavy Blade+1","floor":18},{"not_picked":["Hemokinesis+1","Heavy Blade","Clothesline"],"picked":"SKIP","floor":20},{"not_picked":["Juggernaut","Carnage"],"picked":"Pommel Strike","floor":21},{"not_picked":["Dual Wield","Havoc","Clash+1"],"picked":"SKIP","floor":23},{"not_picked":["Flex","Armaments+1"],"picked":"Flame Barrier","floor":29},{"not_picked":["Flex+1","Searing Blow"],"picked":"Burning Pact+1","floor":30},{"not_picked":["Demon Form","Reaper"],"picked":"Offering","floor":33},{"not_picked":["Clothesline","Twin Strike+1","Havoc"],"picked":"SKIP","floor":35},{"not_picked":["Clash","Fire Breathing+1"],"picked":"Headbutt+1","floor":36},{"not_picked":["Sever Soul","Wild Strike"],"picked":"Shrug It Off+1","floor":38},{"not_picked":["Clothesline+1","Combust"],"picked":"Seeing Red+1","floor":42},{"not_picked":["Brutality","Searing Blow"],"picked":"Warcry+1","floor":45},{"not_picked":["Rage","Thunderclap"],"picked":"Whirlwind+1","floor":47},{"not_picked":["Cleave+1","Entrench","Dropkick"],"picked":"Singing Bowl","floor":48}],"player_experience":557381,"relics_obtained":[{"floor":9,"key":"Lantern"},{"floor":10,"key":"Anchor"},{"floor":14,"key":"Nunchaku"},{"floor":21,"key":"Red Mask"},{"floor":23,"key":"Vajra"},{"floor":24,"key":"Necronomicon"},{"floor":26,"key":"Gremlin Horn"},{"floor":29,"key":"Ice Cream"},{"floor":29,"key":"Letter Opener"},{"floor":37,"key":"Turnip"},{"floor":43,"key":"Singing Bowl"}],"event_choices":[{"damage_healed":0,"gold_gain":0,"player_choice":"Trade","damage_taken":0,"relics_obtained":["CultistMask"],"max_hp_gain":0,"max_hp_loss":0,"event_name":"FaceTrader","floor":2,"gold_loss":0},{"damage_healed":0,"gold_gain":51,"player_choice":"Gained Gold","damage_taken":0,"max_hp_gain":0,"max_hp_loss":0,"event_name":"Golden Wing","floor":11,"gold_loss":0},{"damage_healed":0,"gold_gain":0,"player_choice":"Rummage","damage_taken":0,"relics_obtained":["WarpedTongs"],"max_hp_gain":0,"max_hp_loss":0,"event_name":"Accursed Blacksmith","floor":12,"gold_loss":0,"cards_obtained":["Pain"]},{"damage_healed":0,"gold_gain":0,"player_choice":"Joined the Cult","damage_taken":6,"max_hp_gain":0,"max_hp_loss":0,"event_name":"Nest","floor":19,"gold_loss":0,"cards_obtained":["RitualDagger"]},{"damage_healed":0,"gold_gain":0,"player_choice":"Fought Bandits","damage_taken":0,"max_hp_gain":0,"max_hp_loss":0,"event_name":"Masked Bandits","floor":21,"gold_loss":0},{"damage_healed":0,"gold_gain":0,"cards_transformed":["Pain","Strike_R"],"player_choice":"Became Test Subject","damage_taken":0,"max_hp_gain":0,"max_hp_loss":0,"event_name":"Drug Dealer","floor":22,"gold_loss":0,"cards_obtained":["Clumsy","Power Through"]},{"damage_healed":0,"gold_gain":0,"player_choice":"Obtained Book","damage_taken":16,"max_hp_gain":0,"max_hp_loss":0,"event_name":"Cursed Tome","floor":24,"gold_loss":0},{"damage_healed":0,"gold_gain":0,"player_choice":"Fight","damage_taken":0,"max_hp_gain":0,"max_hp_loss":0,"event_name":"Colosseum","floor":29,"gold_loss":0},{"damage_healed":0,"gold_gain":0,"player_choice":"Fought Nobs","damage_taken":0,"max_hp_gain":0,"max_hp_loss":0,"event_name":"Colosseum","floor":29,"gold_loss":0},{"damage_healed":0,"gold_gain":0,"player_choice":"Fight","damage_taken":0,"max_hp_gain":0,"max_hp_loss":0,"event_name":"Mysterious Sphere","floor":37,"gold_loss":0},{"damage_healed":0,"gold_gain":0,"player_choice":"Copied","damage_taken":0,"max_hp_gain":0,"max_hp_loss":0,"event_name":"Duplicator","floor":41,"gold_loss":0,"cards_obtained":["Offering"]},{"damage_healed":0,"gold_gain":0,"player_choice":"Ignored","damage_taken":0,"max_hp_gain":0,"max_hp_loss":0,"event_name":"SecretPortal","floor":46,"gold_loss":0}],"is_beta":false,"boss_relics":[{"not_picked":["Fusion Hammer","Empty Cage"],"picked":"Sozu"},{"not_picked":["Coffee Dripper","Runic Dome","Snecko Eye"]}],"items_purged_floors":[5,28,39],"is_endless":false,"potions_floor_spawned":[4,7,13,14,18,23,29,30,42,48],"ascension_level":11}