{"gold_per_floor":[109,109,109,129,154,154,174,174,255,325,360,360,385,408,408,537,537,552,602,567,585,484,484,534,534,534,534,569,637,669,681,681,681],"floor_reached":33,"playtime":1286,"items_purged":["Injury"],"score":442,"play_id":"383d2224-0edb-49ef-b1b2-ccf222756d7a","local_time":"20190317221947","is_ascension_mode":true,"campfire_choices":[{"data":"Disarm","floor":6,"key":"SMITH"},{"floor":12,"key":"REST"},{"data":"Armaments","floor":15,"key":"SMITH"},{"data":"Body Slam","floor":23,"key":"SMITH"},{"data":"Uppercut","floor":25,"key":"SMITH"},{"data":"Rampage","floor":27,"key":"SMITH"},{"floor":32,"key":"REST"}],"neow_cost":"NONE","seed_source_timestamp":325846787080390,"circlet_count":0,"master_deck":["AscendersBane","Strike_R","Strike_R","Strike_R","Strike_R","Strike_R","Defend_R","Defend_R","Defend_R","Defend_R","Bash","Cleave","Disarm+1","Shockwave","Uppercut+1","Dropkick","Armaments+1","Sword Boomerang","Offering","Rampage+1","Ghostly Armor","Body Slam+1","Entrench","True Grit","Havoc+1","Flex"],"relics":["Burning Blood","NeowsBlessing","Darkstone Periapt","Bloody Idol","Potion Belt","SsserpentHead","Dodecahedron","FossilizedHelix","Velvet Choker","Bag of Preparation","Enchiridion","Orichalcum","Prayer Wheel","Dead Branch"],"potions_floor_usage":[10,14,18,21,30,33],"damage_taken":[{"damage":0,"enemies":"Small Slimes","floor":1,"turns":1},{"damage":0,"enemies":"Jaw Worm","floor":4,"turns":1},{"damage":0,"enemies":"2 Louse","floor":7,"turns":1},{"damage":13,"enemies":"Lots of Slimes","floor":10,"turns":2},{"damage":52,"enemies":"3 Sentries","floor":11,"turns":9},{"damage":7,"enemies":"Blue Slaver","floor":13,"turns":4},{"damage":3,"enemies":"3 Louse","floor":14,"turns":6},{"damage":21,"enemies":"The Guardian","floor":16,"turns":14},{"damage":19,"enemies":"Spheric Guardian","floor":18,"turns":5},{"damage":9,"enemies":"Shell Parasite","floor":21,"turns":4},{"damage":38,"enemies":"Slavers","floor":28,"turns":7},{"damage":21,"enemies":"Cultist and Chosen","floor":29,"turns":6},{"damage":23,"enemies":"Book of Stabbing","floor":30,"turns":5},{"damage":7,"enemies":"Sentry and Sphere","floor":31,"turns":5},{"damage":68,"enemies":"Collector","floor":33,"turns":6}],"seed_played":"6229033909886830519","potions_obtained":[{"floor":4,"key":"Explosive Potion"},{"floor":13,"key":"BloodPotion"},{"floor":16,"key":"BloodPotion"},{"floor":18,"key":"Block Potion"},{"floor":29,"key":"SteroidPotion"},{"floor":31,"key":"SkillPotion"}],"is_trial":false,"path_per_floor":["M","?","?","M","T","R","M","?","T","M","E","R","M","M","R","B",null,"M","?","?","M","$","R","?","R","T","R","E","M","E","M","R","B"],"character_chosen":"IRONCLAD","items_purchased":["Body Slam"],"campfire_rested":2,"item_purchase_floors":[22],"current_hp_per_floor":[78,60,66,72,72,72,78,78,78,71,25,50,49,60,60,45,76,71,71,76,78,78,78,67,67,67,67,40,35,23,27,52,0],"gold":681,"neow_bonus":"THREE_ENEMY_KILL","is_prod":false,"is_daily":false,"chose_seed":false,"campfire_upgraded":5,"win_rate":0,"timestamp":1552828787,"path_taken":["M","?","?","M","?","R","?","?","T","?","E","R","M","M","R","BOSS","M","?","?","M","$","R","?","R","T","R","E","?","E","M","R","BOSS"],"build_version":"2019-01-23","purchased_purges":1,"victory":false,"max_hp_per_floor":[80,80,86,86,86,86,86,86,86,86,86,86,86,86,86,86,86,86,86,86,86,86,86,86,86,86,86,86,86,86,86,86,86],"card_choices":[{"not_picked":["Perfected Strike","Headbutt"],"picked":"Cleave","floor":1},{"not_picked":["Warcry","Shrug It Off"],"picked":"Disarm","floor":4},{"not_picked":["Battle Trance","Havoc"],"picked":"Shockwave","floor":7},{"not_picked":["Clash","Dual Wield"],"picked":"Uppercut","floor":10},{"not_picked":["Warcry","Fiend Fire"],"picked":"Dropkick","floor":11},{"not_picked":["Perfected Strike","Wild Strike"],"picked":"Armaments","floor":13},{"not_picked":["Blood for Blood","Heavy Blade"],"picked":"Sword Boomerang","floor":14},{"not_picked":["Barricade","Berserk"],"picked":"Offering","floor":16},{"not_picked":["Clothesline","Perfected Strike"],"picked":"Rampage","floor":18},{"not_picked":["Wild Strike","Dual Wield+1"],"picked":"Ghostly Armor","floor":21},{"not_picked":["Havoc","Warcry","Dropkick"],"picked":"SKIP","floor":28},{"not_picked":["Iron Wave","Heavy Blade+1"],"picked":"Entrench","floor":29},{"not_picked":["Wild Strike","Clash"],"picked":"True Grit","floor":29},{"not_picked":["Limit Break","Armaments","Twin Strike"],"picked":"SKIP","floor":30},{"not_picked":["Anger","Clothesline+1"],"picked":"Havoc+1","floor":31},{"not_picked":["Warcry","Armaments"],"picked":"Flex","floor":31}],"player_experience":544756,"relics_obtained":[{"floor":5,"key":"Potion Belt"},{"floor":9,"key":"Dodecahedron"},{"floor":11,"key":"FossilizedHelix"},{"floor":24,"key":"Enchiridion"},{"floor":26,"key":"Orichalcum"},{"floor":28,"key":"Prayer Wheel"},{"floor":30,"key":"Dead Branch"}],"event_choices":[{"damage_healed":0,"gold_gain":0,"player_choice":"Success","damage_taken":18,"relics_obtained":["Darkstone Periapt"],"max_hp_gain":0,"max_hp_loss":0,"event_name":"Scrap Ooze","floor":2,"gold_loss":0},{"damage_healed":0,"gold_gain":0,"player_choice":"Take Wound","damage_taken":0,"relics_obtained":["Golden Idol"],"max_hp_gain":0,"max_hp_loss":0,"event_name":"Golden Idol","floor":3,"gold_loss":0,"cards_obtained":["Injury"]},{"damage_healed":0,"gold_gain":0,"player_choice":"Trade","damage_taken":0,"relics_obtained":["SsserpentHead"],"max_hp_gain":0,"max_hp_loss":0,"event_name":"FaceTrader","floor":8,"gold_loss":0},{"damage_healed":0,"gold_gain":0,"player_choice":"Gave Idol","damage_taken":0,"relics_obtained":["Bloody Idol"],"max_hp_gain":0,"max_hp_loss":0,"event_name":"Forgotten Altar","floor":19,"relics_lost":["Golden Idol"],"gold_loss":0},{"damage_healed":0,"gold_gain":0,"player_choice":"Obtained Relic","damage_taken":0,"relics_obtained":["Bag of Preparation"],"max_hp_gain":0,"max_hp_loss":0,"event_name":"Addict","floor":20,"gold_loss":85},{"damage_healed":0,"gold_gain":0,"player_choice":"Obtained Book","damage_taken":16,"max_hp_gain":0,"max_hp_loss":0,"event_name":"Cursed Tome","floor":24,"gold_loss":0}],"is_beta":false,"boss_relics":[{"not_picked":["Orrery","Runic Dome"],"picked":"Velvet Choker"}],"items_purged_floors":[22],"is_endless":false,"potions_floor_spawned":[4,13,16,18,29,31],"killed_by":"Collector","ascension_level":11}