{"gold_per_floor":[110,123,139,139,152,152,16,26,26,55,230,230,230,247,247,247],"floor_reached":16,"playtime":1189,"items_purged":[],"score":112,"play_id":"608b3e4e-dedd-4538-adc4-a969bdf4081c","local_time":"20190317011538","is_ascension_mode":false,"campfire_choices":[{"floor":13,"key":"REST"},{"data":"Juggernaut","floor":15,"key":"SMITH"}],"neow_cost":"PERCENT_DAMAGE","seed_source_timestamp":13285208263500,"circlet_count":0,"master_deck":["Strike_R","Strike_R","Strike_R","Strike_R","Defend_R","Defend_R","Defend_R","Defend_R","Bash","Brutality","Entrench","Bloodletting","Pommel Strike","Iron Wave","Cleave","Feed","Power Through","Blood for Blood","Juggernaut+1","Doubt","Clothesline","Inflame"],"relics":["Burning Blood","Juzu Bracelet","Anchor","Dream Catcher"],"potions_floor_usage":[6],"damage_taken":[{"damage":2,"enemies":"Cultist","floor":1,"turns":4},{"damage":12,"enemies":"Small Slimes","floor":2,"turns":4},{"damage":14,"enemies":"Jaw Worm","floor":3,"turns":2},{"damage":10,"enemies":"Blue Slaver","floor":5,"turns":4},{"damage":0,"enemies":"Lagavulin","floor":6,"turns":1},{"damage":13,"enemies":"Looter","floor":8,"turns":4},{"damage":17,"enemies":"3 Sentries","floor":10,"turns":8},{"damage":8,"enemies":"Large Slime","floor":14,"turns":5},{"damage":62,"enemies":"Slime Boss","floor":16,"turns":6}],"seed_played":"6839344233539140574","potions_obtained":[{"floor":2,"key":"SmokeBomb"}],"is_trial":false,"path_per_floor":["M","M","M","?","M","E","$","M","T","E","?","T","R","M","R","B"],"character_chosen":"IRONCLAD","items_purchased":["Feed","Power Through"],"campfire_rested":1,"item_purchase_floors":[7,7],"current_hp_per_floor":[60,54,46,46,42,48,48,41,41,30,30,30,54,55,55,0],"gold":247,"neow_bonus":"THREE_RARE_CARDS","is_prod":false,"is_daily":false,"chose_seed":false,"campfire_upgraded":1,"win_rate":0.0,"timestamp":1552796138,"path_taken":["M","?","M","?","?","E","?","?","T","E","?","?","R","M","R","BOSS"],"build_version":"2019-01-23","purchased_purges":0,"victory":false,"max_hp_per_floor":[80,80,80,80,80,80,80,80,80,80,80,80,80,83,83,83],"card_choices":[{"not_picked":["Berserk","Impervious"],"picked":"Brutality","floor":0},{"not_picked":["Iron Wave","Twin Strike"],"picked":"Entrench","floor":1},{"not_picked":["Pommel Strike","Body Slam"],"picked":"Bloodletting","floor":2},{"not_picked":["Clash","Feel No Pain"],"picked":"Pommel Strike","floor":3},{"not_picked":["Armaments","Disarm"],"picked":"Cleave","floor":5},{"not_picked":["Thunderclap","Flame Barrier"],"picked":"Blood for Blood","floor":8},{"not_picked":["Twin Strike","Shrug It Off"],"picked":"Juggernaut","floor":10},{"not_picked":["Clash","Armaments"],"picked":"Clothesline","floor":13},{"not_picked":["Body Slam","Headbutt"],"picked":"Inflame","floor":14}],"player_experience":3300,"relics_obtained":[{"floor":9,"key":"Juzu Bracelet"},{"floor":10,"key":"Anchor"},{"floor":12,"key":"Dream Catcher"}],"event_choices":[{"cards_removed":["Strike_R"],"damage_healed":0,"gold_gain":0,"player_choice":"Took Card","damage_taken":0,"max_hp_gain":0,"max_hp_loss":0,"event_name":"NoteForYourself","floor":4,"gold_loss":0,"cards_obtained":["Iron Wave"]},{"damage_healed":0,"gold_gain":175,"player_choice":"AGREE","damage_taken":0,"max_hp_gain":0,"max_hp_loss":0,"event_name":"Liars Game","floor":11,"gold_loss":0,"cards_obtained":["Doubt"]}],"is_beta":false,"boss_relics":[],"items_purged_floors":[],"is_endless":false,"potions_floor_spawned":[2,6],"killed_by":"Slime Boss","ascension_level":0}