{"gold_per_floor":[111,121,141,159,234,260,275,275,346,372,383,383,401,431,431,529,529,541,560,34,44,143,143,168,180,255,269,298,298,331,351,351,455,455,468,484,91,105,105,105,131,141,141,159,174,209,228,256,256,256],"floor_reached":51,"playtime":5020,"items_purged":[],"score":906,"play_id":"b922486a-3fc0-4f36-bf43-c1ee055ca2de","local_time":"20190308232918","is_ascension_mode":true,"campfire_choices":[{"data":"Beam Cell","floor":8.0,"key":"SMITH"},{"data":"Conserve Battery","floor":12.0,"key":"SMITH"},{"floor":15.0,"key":"REST"},{"data":"Glacier","floor":23.0,"key":"SMITH"},{"data":"Conserve Battery","floor":29,"key":"SMITH"},{"data":"Cold Snap","floor":32,"key":"SMITH"},{"data":"1","floor":40,"key":"LIFT"},{"data":"2","floor":49,"key":"LIFT"}],"neow_cost":"NONE","seed_source_timestamp":0,"circlet_count":0,"master_deck":["Strike_B+1","Strike_B","Strike_B","Strike_B","Defend_B","Defend_B","Defend_B","Zap","Dualcast","Cold Snap+1","Capacitor","Conserve Battery+1","FTL","Beam Cell+1","Turbo","Gash+1","Glacier+1","Stack","Reboot","Go for the Eyes+1","Sweeping Beam+1","Reboot","Conserve Battery+1","Cold Snap+1","Loop+1","Go for the Eyes+1","Rebound+1","Reboot","Stack+1","Sweeping Beam+1","Bandage Up","Compile Driver+1","Auto Shields+1","Hologram+1","Go for the Eyes+1","Streamline+1","Sunder+1"],"special_seed":0,"relics":["Cracked Core","Lantern","Shuriken","Pocketwatch","Odd Mushroom","Inserter","Vajra","Letter Opener","PreservedInsect","Meat on the Bone","Whetstone","Ornamental Fan","Lizard Tail","Girya","Calipers","Bottled Tornado","Boot","Smiling Mask"],"potions_floor_usage":[33,33,41,46,48,50],"damage_taken":[{"damage":6.0,"enemies":"Jaw Worm","floor":1.0,"turns":4.0},{"damage":1.0,"enemies":"Small Slimes","floor":2.0,"turns":3.0},{"damage":0.0,"enemies":"Cultist","floor":3.0,"turns":3.0},{"damage":6.0,"enemies":"Looter","floor":4.0,"turns":3.0},{"damage":29.0,"enemies":"Gremlin Nob","floor":6.0,"turns":5.0},{"damage":12.0,"enemies":"Exordium Wildlife","floor":7.0,"turns":4.0},{"damage":4.0,"enemies":"Lagavulin","floor":10.0,"turns":5.0},{"damage":0.0,"enemies":"Exordium Thugs","floor":11.0,"turns":3.0},{"damage":3.0,"enemies":"Lots of Slimes","floor":13.0,"turns":3.0},{"damage":11.0,"enemies":"The Mushroom Lair","floor":14.0,"turns":4.0},{"damage":29.0,"enemies":"Slime Boss","floor":16.0,"turns":13.0},{"damage":21.0,"enemies":"Chosen","floor":18.0,"turns":5.0},{"damage":23.0,"enemies":"3 Byrds","floor":19.0,"turns":6.0},{"damage":3.0,"enemies":"Sentry and Sphere","floor":21.0,"turns":4.0},{"damage":22.0,"enemies":"Book of Stabbing","floor":24.0,"turns":5.0},{"damage":0.0,"enemies":"3 Cultists","floor":25.0,"turns":4.0},{"damage":1,"enemies":"Shelled Parasite and Fungi","floor":27,"turns":6},{"damage":0,"enemies":"Gremlin Leader","floor":28,"turns":4},{"damage":28,"enemies":"Slavers","floor":30,"turns":3},{"damage":0,"enemies":"Chosen and Byrds","floor":31,"turns":5},{"damage":6,"enemies":"Champ","floor":33,"turns":8},{"damage":3,"enemies":"3 Darklings","floor":35,"turns":5},{"damage":6,"enemies":"3 Shapes","floor":36,"turns":4},{"damage":14,"enemies":"Sphere and 2 Shapes","floor":38,"turns":5},{"damage":15,"enemies":"Nemesis","floor":41,"turns":5},{"damage":0,"enemies":"Writhing Mass","floor":42,"turns":7},{"damage":21,"enemies":"Maw","floor":44,"turns":7},{"damage":13,"enemies":"3 Darklings","floor":45,"turns":5},{"damage":1,"enemies":"Reptomancer","floor":46,"turns":4},{"damage":33,"enemies":"Writhing Mass","floor":47,"turns":6},{"damage":0,"enemies":"Nemesis","floor":48,"turns":5},{"damage":54,"enemies":"Donu and Deca","floor":50,"turns":11}],"seed_played":"-4692783629871623230","potions_obtained":[{"floor":3.0,"key":"Weak Potion"},{"floor":4.0,"key":"Regen Potion"},{"floor":7.0,"key":"Explosive Potion"},{"floor":11.0,"key":"Dexterity Potion"},{"floor":19.0,"key":"FocusPotion"},{"floor":21.0,"key":"PowerPotion"},{"floor":25.0,"key":"Energy Potion"},{"floor":35,"key":"Energy Potion"},{"floor":38,"key":"Swift Potion"},{"floor":42,"key":"FearPotion"},{"floor":47,"key":"SkillPotion"}],"is_trial":false,"path_per_floor":["M","M","M","M","?","E","M","R","T","E","M","R","M","?","R","B",null,"M","M","$","M","?","R","E","M","T","M","E","R","E","M","R","B",null,"M","M","$","M","?","R","E","M","T","M","M","E","M","E","R","B",null],"character_chosen":"DEFECT","items_purchased":["Vajra","Reboot","Letter Opener","Conserve Battery","Girya","Bandage Up"],"campfire_rested":1,"item_purchase_floors":[20,20,20,20,37,37],"current_hp_per_floor":[76,75,75,69,58,43,31,31,31,27,27,27,24,13,37,8,82,61,38,38,35,35,35,13,13,13,24,36,36,20,32,32,38,82,79,73,73,63,63,63,52,56,56,51,42,45,28,44,44,53],"gold":256,"neow_bonus":"TEN_PERCENT_HP_BONUS","is_prod":false,"is_daily":false,"chose_seed":false,"campfire_upgraded":5,"win_rate":0,"timestamp":1552105758,"path_taken":["M","M","M","M","?","E","M","R","T","E","M","R","M","?","R","BOSS","M","M","$","M","?","R","E","M","T","M","E","R","E","M","R","BOSS","M","M","$","M","?","R","E","M","T","M","M","E","?","E","R","BOSS"],"build_version":"2019-01-23","purchased_purges":0,"victory":true,"max_hp_per_floor":[82,82,82,82,82,82,82,82,82,82,82,82,82,82,82,82,82,82,82,82,82,82,82,82,82,82,82,82,82,82,82,82,82,82,82,82,82,82,82,82,82,82,82,82,82,82,82,82,82,82],"card_choices":[{"not_picked":["Ball Lightning","Hello World"],"picked":"Cold Snap","floor":1.0},{"not_picked":["Coolheaded","Force Field","Heatsinks"],"picked":"SKIP","floor":2.0},{"not_picked":["Storm","Beam Cell"],"picked":"Capacitor","floor":3.0},{"not_picked":["Steam","BootSequence"],"picked":"Conserve Battery","floor":4.0},{"not_picked":["Cold Snap","Hyperbeam"],"picked":"FTL","floor":6.0},{"not_picked":["Double Energy","Reprogram"],"picked":"Beam Cell","floor":7.0},{"not_picked":["Ball Lightning","Compile Driver"],"picked":"Turbo","floor":10.0},{"not_picked":["Leap","Auto Shields"],"picked":"Gash","floor":11.0},{"not_picked":["Stack","Chill"],"picked":"Glacier","floor":13.0},{"not_picked":["Leap","Steam"],"picked":"Stack","floor":14.0},{"not_picked":["Fission","Buffer"],"picked":"Reboot","floor":16.0},{"not_picked":["Hello World","Capacitor+1"],"picked":"Go for the Eyes+1","floor":18.0},{"not_picked":["Chaos","White Noise"],"picked":"Sweeping Beam+1","floor":19.0},{"not_picked":["Ball Lightning","Chill"],"picked":"Cold Snap+1","floor":21.0},{"not_picked":["Beam Cell","Undo+1"],"picked":"Loop+1","floor":24.0},{"not_picked":["Sweeping Beam","Double Energy"],"picked":"Go for the Eyes+1","floor":25.0},{"not_picked":["Fusion","Leap","Compile Driver"],"picked":"SKIP","floor":27},{"not_picked":["Sweeping Beam","Turbo"],"picked":"Rebound+1","floor":28},{"not_picked":["Echo Form","Rip and Tear+1","Reprogram+1"],"picked":"SKIP","floor":30},{"not_picked":["Gash","Rebound+1","Beam Cell"],"picked":"SKIP","floor":31},{"not_picked":["Meteor Strike","Core Surge"],"picked":"Reboot","floor":33},{"not_picked":["Streamline+1","Rebound"],"picked":"Stack+1","floor":35},{"not_picked":["Coolheaded+1","Rebound"],"picked":"Sweeping Beam+1","floor":36},{"not_picked":["Redo","Streamline"],"picked":"Compile Driver+1","floor":38},{"not_picked":["Multi-Cast","Rip and Tear+1"],"picked":"Auto Shields+1","floor":41},{"not_picked":["Ball Lightning+1","Sweeping Beam+1"],"picked":"Hologram+1","floor":42},{"not_picked":["Ball Lightning","Coolheaded+1"],"picked":"Go for the Eyes+1","floor":44},{"not_picked":["Reinforced Body+1","Rebound","Coolheaded+1"],"picked":"SKIP","floor":45},{"not_picked":["Go for the Eyes+1","Hologram+1"],"picked":"Streamline+1","floor":46},{"not_picked":["Fission","Streamline+1"],"picked":"Sunder+1","floor":47},{"not_picked":["Coolheaded+1","Hologram","Cold Snap"],"picked":"SKIP","floor":48}],"player_experience":176214,"relics_obtained":[{"floor":6.0,"key":"Lantern"},{"floor":9.0,"key":"Shuriken"},{"floor":10.0,"key":"Pocketwatch"},{"floor":14.0,"key":"Odd Mushroom"},{"floor":24.0,"key":"PreservedInsect"},{"floor":26,"key":"Meat on the Bone"},{"floor":28,"key":"Whetstone"},{"floor":30,"key":"Ornamental Fan"},{"floor":41,"key":"Calipers"},{"floor":43,"key":"Bottled Tornado"},{"floor":46,"key":"Boot"},{"floor":48,"key":"Smiling Mask"}],"event_choices":[{"damage_healed":0.0,"max_hp_gain":0.0,"max_hp_loss":0.0,"gold_gain":75.0,"event_name":"World of Goop","player_choice":"Gather Gold","floor":5.0,"gold_loss":0.0,"damage_taken":11.0},{"damage_healed":0.0,"max_hp_gain":0.0,"max_hp_loss":0.0,"gold_gain":0.0,"event_name":"Mushrooms","player_choice":"Fought Mushrooms","floor":14.0,"gold_loss":0.0,"damage_taken":0.0},{"damage_healed":0.0,"max_hp_gain":0.0,"max_hp_loss":0.0,"gold_gain":99.0,"event_name":"Nest","player_choice":"Stole From Cult","floor":22.0,"gold_loss":0.0,"damage_taken":0.0},{"cards_removed":["Defend_B"],"damage_healed":0,"gold_gain":0,"player_choice":"Card Removal","damage_taken":0,"max_hp_gain":0,"max_hp_loss":0,"event_name":"Wheel of Change","floor":39,"gold_loss":0}],"is_beta":false,"boss_relics":[{"not_picked":["Cursed Key","White Beast Statue"],"picked":"Inserter"},{"not_picked":["Philosopher\u0027s Stone","Eternal Feather"],"picked":"Lizard Tail"}],"items_purged_floors":[],"is_endless":false,"potions_floor_spawned":[3,4,7,11,19,21,25,35,38,42,47],"ascension_level":1}