{"gold_per_floor":[111,121,121,46,57,88,40,52,52,52,85,85,95,115,115,218,218,229,229,239,63,63,105,117,163,175,187,214,252,264,294,306,417,429,453,483,495,517,152,152,2,32,32,65,65,85,96,113,113,113],"floor_reached":51,"playtime":2824,"items_purged":["Defend_G","Strike_G","Shame","Clumsy"],"score":1098,"play_id":"cd54d913-ba84-420c-8e94-1bc5340086fd","local_time":"20190319005042","is_ascension_mode":true,"campfire_choices":[{"data":"Phantasmal Killer","floor":10,"key":"SMITH"},{"data":"Terror","floor":12,"key":"SMITH"},{"data":"Neutralize","floor":15,"key":"SMITH"},{"data":"Tactician","floor":27,"key":"SMITH"},{"data":"Storm of Steel","floor":30,"key":"SMITH"},{"data":"Setup","floor":32,"key":"SMITH"},{"data":"Distraction","floor":40,"key":"SMITH"},{"data":"Blade Dance","floor":49,"key":"SMITH"}],"neow_cost":"NONE","seed_source_timestamp":419754244840719,"circlet_count":0,"master_deck":["Defend_G","Defend_G","Defend_G","Strike_G","Strike_G","Strike_G","Strike_G","Survivor","Neutralize+1","Phantasmal Killer+1","PiercingWail","Terror+1","Backstab","Burst","Backflip","Dagger Spray","Calculated Gamble","Flying Knee","Outmaneuver","Storm of Steel+1","Tactician+1","Well Laid Plans+1","Prepared+1","Setup+1","Distraction+1","Expertise+1","Injury","Escape Plan","Cloak And Dagger+1","Blade Dance+1"],"relics":["Ring of the Serpent","Dead Branch","Ninja Scroll","Shuriken","Bag of Marbles","Regal Pillow","MawBank","Boot","FaceOfCleric","Centennial Puzzle","Torii","Vajra","Cursed Key","Pocketwatch","Bottled Lightning","Unceasing Top","Bag of Preparation","Dodecahedron"],"potions_floor_usage":[11,16,16,25,33,33,50,50,50],"damage_taken":[{"damage":3,"enemies":"Jaw Worm","floor":1,"turns":3},{"damage":6,"enemies":"Cultist","floor":2,"turns":4},{"damage":4,"enemies":"Small Slimes","floor":5,"turns":5},{"damage":16,"enemies":"3 Sentries","floor":6,"turns":7},{"damage":0,"enemies":"Blue Slaver","floor":8,"turns":1},{"damage":0,"enemies":"Gremlin Nob","floor":11,"turns":3},{"damage":0,"enemies":"Red Slaver","floor":13,"turns":1},{"damage":0,"enemies":"Large Slime","floor":14,"turns":1},{"damage":0,"enemies":"Slime Boss","floor":16,"turns":4},{"damage":0,"enemies":"3 Byrds","floor":18,"turns":2},{"damage":0,"enemies":"Chosen","floor":20,"turns":2},{"damage":0,"enemies":"Gremlin Leader","floor":23,"turns":4},{"damage":0,"enemies":"Book of Stabbing","floor":25,"turns":2},{"damage":1,"enemies":"Centurion and Healer","floor":28,"turns":4},{"damage":0,"enemies":"Gremlin Leader","floor":29,"turns":5},{"damage":0,"enemies":"Sentry and Sphere","floor":31,"turns":3},{"damage":27,"enemies":"Collector","floor":33,"turns":7},{"damage":1,"enemies":"Orb Walker","floor":35,"turns":2},{"damage":0,"enemies":"3 Shapes","floor":36,"turns":2},{"damage":0,"enemies":"3 Darklings","floor":38,"turns":1},{"damage":7,"enemies":"Giant Head","floor":42,"turns":5},{"damage":0,"enemies":"Reptomancer","floor":44,"turns":2},{"damage":0,"enemies":"Transient","floor":46,"turns":5},{"damage":14,"enemies":"Writhing Mass","floor":47,"turns":2},{"damage":2,"enemies":"4 Shapes","floor":48,"turns":2},{"damage":11,"enemies":"Donu and Deca","floor":50,"turns":3}],"seed_played":"-5856383975440028712","potions_obtained":[{"floor":2,"key":"Ancient Potion"},{"floor":8,"key":"GhostInAJar"},{"floor":11,"key":"Swift Potion"},{"floor":13,"key":"Fire Potion"},{"floor":16,"key":"FearPotion"},{"floor":20,"key":"SteroidPotion"},{"floor":23,"key":"Block Potion"},{"floor":29,"key":"AttackPotion"},{"floor":33,"key":"FearPotion"},{"floor":35,"key":"PowerPotion"},{"floor":42,"key":"Swift Potion"},{"floor":48,"key":"Fire Potion"}],"is_trial":false,"path_per_floor":["M","M","?","$","M","E","$","M","T","R","E","R","M","M","R","B",null,"M","?","M","$","?","E","?","E","T","R","M","E","R","M","R","B",null,"M","M","T","M","$","R","$","E","T","E","?","M","M","M","R","B",null],"character_chosen":"THE_SILENT","items_purchased":["Backflip","Tactician","Bottled Lightning"],"campfire_rested":0,"item_purchase_floors":[7,21,39],"current_hp_per_floor":[67,61,61,61,57,41,41,41,41,41,41,41,41,41,41,41,70,70,70,70,70,70,70,70,71,71,71,71,72,72,73,73,47,75,75,76,76,77,77,77,77,71,71,72,72,73,60,59,59,49],"gold":113,"neow_bonus":"ONE_RANDOM_RARE_CARD","is_prod":false,"is_daily":false,"chose_seed":false,"campfire_upgraded":8,"win_rate":0,"timestamp":1552924242,"path_taken":["M","M","?","?","?","E","$","M","T","R","E","R","M","?","R","BOSS","M","?","M","$","?","E","?","E","T","R","M","E","R","M","R","BOSS","M","M","?","M","$","R","$","E","T","E","?","M","M","M","R","BOSS"],"build_version":"2019-01-23","purchased_purges":4,"victory":true,"max_hp_per_floor":[70,70,70,70,70,70,70,70,70,70,70,70,70,70,70,70,70,70,70,70,70,70,70,70,71,71,71,72,73,73,74,74,75,75,76,77,77,78,78,78,78,79,79,80,80,81,82,83,83,84],"card_choices":[{"not_picked":["Acrobatics","Blade Dance"],"picked":"PiercingWail","floor":1},{"not_picked":["Calculated Gamble","Deflect"],"picked":"Terror","floor":2},{"not_picked":["Deflect","Sucker Punch"],"picked":"Backstab","floor":5},{"not_picked":["Noxious Fumes","All Out Attack"],"picked":"Burst","floor":6},{"not_picked":["Skewer","Underhanded Strike"],"picked":"Dagger Spray","floor":8},{"not_picked":["Skewer","Deflect"],"picked":"Calculated Gamble","floor":11},{"not_picked":["Reflex","Setup"],"picked":"Flying Knee","floor":13},{"not_picked":["Acrobatics","Flying Knee"],"picked":"Outmaneuver","floor":14},{"not_picked":["After Image","Glass Knife"],"picked":"Storm of Steel","floor":16},{"not_picked":["Riddle With Holes+1","Finisher","Deflect"],"picked":"SKIP","floor":18},{"not_picked":["Bane+1","Poisoned Stab","Dagger Spray+1"],"picked":"SKIP","floor":20},{"not_picked":["Slice","Acrobatics"],"picked":"Well Laid Plans+1","floor":23},{"not_picked":["Quick Slash","Deadly Poison+1","Prepared"],"picked":"SKIP","floor":25},{"not_picked":["Grand Finale","Backflip"],"picked":"Prepared+1","floor":28},{"not_picked":["Deadly Poison","PiercingWail"],"picked":"Setup","floor":29},{"not_picked":["Deadly Poison","Quick Slash","Dodge and Roll"],"picked":"SKIP","floor":31},{"not_picked":["Calculated Gamble","Choke+1","Riddle With Holes"],"picked":"SKIP","floor":35},{"not_picked":["Prepared","Poisoned Stab"],"picked":"Distraction","floor":36},{"not_picked":["Dagger Spray+1","Deadly Poison+1","Deflect+1"],"picked":"SKIP","floor":38},{"not_picked":["Heel Hook+1","Slice"],"picked":"Expertise+1","floor":42},{"not_picked":["Tactician","Deadly Poison"],"picked":"Escape Plan","floor":44},{"not_picked":["Dodge and Roll","Reflex"],"picked":"Cloak And Dagger+1","floor":46},{"not_picked":["PiercingWail","Calculated Gamble+1"],"picked":"Blade Dance","floor":47},{"not_picked":["Underhanded Strike+1","Deflect+1","Cloak And Dagger"],"picked":"SKIP","floor":48}],"player_experience":562135,"relics_obtained":[{"floor":6,"key":"Ninja Scroll"},{"floor":9,"key":"Shuriken"},{"floor":11,"key":"Bag of Marbles"},{"floor":23,"key":"Boot"},{"floor":25,"key":"Centennial Puzzle"},{"floor":26,"key":"Torii"},{"floor":29,"key":"Vajra"},{"floor":37,"key":"Pocketwatch"},{"floor":42,"key":"Unceasing Top"},{"floor":43,"key":"Bag of Preparation"},{"floor":44,"key":"Dodecahedron"}],"event_choices":[{"damage_healed":0,"gold_gain":0,"player_choice":"Gave Potion","damage_taken":0,"relics_obtained":["Dead Branch"],"max_hp_gain":0,"max_hp_loss":0,"event_name":"WeMeetAgain","floor":3,"gold_loss":0},{"damage_healed":0,"gold_gain":0,"player_choice":"Opened","damage_taken":0,"relics_obtained":["Regal Pillow"],"max_hp_gain":0,"max_hp_loss":0,"event_name":"The Mausoleum","floor":19,"gold_loss":0},{"damage_healed":0,"gold_gain":0,"player_choice":"Stole Relic","damage_taken":0,"relics_obtained":["MawBank"],"max_hp_gain":0,"max_hp_loss":0,"event_name":"Addict","floor":22,"gold_loss":0,"cards_obtained":["Shame"]},{"damage_healed":0,"gold_gain":0,"player_choice":"Trade","damage_taken":0,"relics_obtained":["FaceOfCleric"],"max_hp_gain":0,"max_hp_loss":0,"event_name":"FaceTrader","floor":24,"gold_loss":0},{"cards_removed":["Defend_G"],"damage_healed":0,"gold_gain":0,"player_choice":"Removed Skill","damage_taken":0,"max_hp_gain":0,"max_hp_loss":0,"event_name":"Falling","floor":45,"gold_loss":0}],"is_beta":false,"boss_relics":[{"not_picked":["Velvet Choker","Runic Pyramid"],"picked":"Ring of the Serpent"},{"not_picked":["Lizard Tail","Runic Dome"],"picked":"Cursed Key"}],"items_purged_floors":[4,21,39,41],"is_endless":false,"potions_floor_spawned":[2,8,11,13,16,20,23,29,33,35,42,47,48],"ascension_level":1}