{"gold_per_floor":[112,112,112,130,50,50,69,87,87,87,11,43,43,60,60,155,155,155,155,155,105,105,105,37,37,37,37,37,37,37,37,37,37,37,37,37,37,37,37,37,37,37,37,37,37],"floor_reached":45,"playtime":3801,"items_purged":[],"score":644,"play_id":"f3245b93-ea26-4ee7-b94a-657560904fe4","local_time":"20190310144022","is_ascension_mode":true,"campfire_choices":[{"data":"Sunder","floor":6.0,"key":"SMITH"},{"data":"Beam Cell","floor":10.0,"key":"SMITH"},{"data":"Zap","floor":13.0,"key":"SMITH"},{"data":"Go for the Eyes","floor":15.0,"key":"SMITH"},{"floor":23.0,"key":"REST"},{"data":"Machine Learning","floor":25.0,"key":"SMITH"},{"floor":29.0,"key":"REST"},{"floor":32.0,"key":"REST"},{"floor":40.0,"key":"REST"},{"floor":42,"key":"DIG"},{"floor":44,"key":"DIG"}],"neow_cost":"NONE","seed_source_timestamp":573601853923731,"circlet_count":0,"master_deck":["Strike_B","Strike_B","Defend_B","Defend_B","Defend_B","Zap+1","Dualcast","Beam Cell+1","Ball Lightning","Sunder+1","Rebound","Go for the Eyes+1","Scrape","Compile Driver","Gash","Machine Learning+1","Glacier","Scrape+1","Redo+1","Fusion+1","Glacier+1","Redo+1","Redo+1","Beam Cell","RitualDagger","Rainbow+1","Beam Cell","Rainbow+1","Gash","Lockon+1","FTL"],"special_seed":0,"relics":["Cracked Core","Kunai","Art of War","Dodecahedron","Ectoplasm","Shovel","Toxic Egg 2","Bag of Marbles","Empty Cage","Mummified Hand","Singing Bowl","Happy Flower"],"potions_floor_usage":[41],"damage_taken":[{"damage":5.0,"enemies":"Small Slimes","floor":1.0,"turns":4.0},{"damage":0.0,"enemies":"Cultist","floor":4.0,"turns":3.0},{"damage":7.0,"enemies":"Jaw Worm","floor":7.0,"turns":3.0},{"damage":5.0,"enemies":"3 Louse","floor":8.0,"turns":2.0},{"damage":0.0,"enemies":"Gremlin Nob","floor":12.0,"turns":2.0},{"damage":1.0,"enemies":"2 Fungi Beasts","floor":14.0,"turns":2.0},{"damage":30.0,"enemies":"The Guardian","floor":16.0,"turns":9.0},{"damage":11.0,"enemies":"Shell Parasite","floor":18.0,"turns":4.0},{"damage":0.0,"enemies":"3 Byrds","floor":19.0,"turns":4.0},{"damage":22.0,"enemies":"Colosseum Slavers","floor":20.0,"turns":3.0},{"damage":25.0,"enemies":"Colosseum Nobs","floor":20.0,"turns":5.0},{"damage":3.0,"enemies":"Snake Plant","floor":22.0,"turns":5.0},{"damage":0.0,"enemies":"Chosen and Byrds","floor":27.0,"turns":4.0},{"damage":16.0,"enemies":"Shelled Parasite and Fungi","floor":28.0,"turns":4.0},{"damage":0.0,"enemies":"Snecko","floor":30.0,"turns":4.0},{"damage":29.0,"enemies":"Collector","floor":33.0,"turns":12.0},{"damage":4.0,"enemies":"3 Shapes","floor":35.0,"turns":11.0},{"damage":18.0,"enemies":"3 Darklings","floor":36.0,"turns":7.0},{"damage":24.0,"enemies":"Spire Growth","floor":37.0,"turns":5.0},{"damage":0.0,"enemies":"Transient","floor":38.0,"turns":5.0},{"damage":5.0,"enemies":"Sphere and 2 Shapes","floor":39.0,"turns":5.0},{"damage":17,"enemies":"Spire Growth","floor":41,"turns":4},{"damage":21,"enemies":"3 Darklings","floor":45,"turns":2}],"seed_played":"551260042075140994","potions_obtained":[{"floor":4.0,"key":"Regen Potion"},{"floor":7.0,"key":"SkillPotion"},{"floor":19.0,"key":"SpeedPotion"},{"floor":27.0,"key":"GamblersBrew"},{"floor":28.0,"key":"Strength Potion"},{"floor":30.0,"key":"Block Potion"},{"floor":35.0,"key":"Weak Potion"},{"floor":36.0,"key":"Energy Potion"}],"is_trial":false,"path_per_floor":["M","?","?","M","$","R","M","M","T","R","$","E","R","M","R","B",null,"M","M","?","?","M","R","$","R","T","M","M","R","M","?","R","B",null,"M","M","M","M","M","R","M","R","T","R","M"],"character_chosen":"DEFECT","items_purchased":["Sunder","Scrape","Glacier+1"],"campfire_rested":4,"item_purchase_floors":[5,11,24],"current_hp_per_floor":[63,63,63,63,63,63,56,51,51,51,51,51,51,50,50,20,61,50,50,12,12,9,31,31,31,31,31,15,37,37,31,53,24,62,58,40,16,16,11,33,16,16,16,16,0],"gold":37,"neow_bonus":"REMOVE_CARD","is_prod":false,"is_daily":false,"chose_seed":false,"campfire_upgraded":5,"win_rate":0,"timestamp":1552254022,"path_taken":["M","?","?","M","?","R","M","M","T","R","?","E","R","M","R","BOSS","M","M","?","?","?","R","$","R","T","M","M","R","M","?","R","BOSS","M","M","M","M","M","R","M","R","T","R","M"],"build_version":"2019-01-23","purchased_purges":0,"victory":false,"max_hp_per_floor":[75,75,75,75,75,75,75,75,75,75,75,75,75,75,75,75,75,75,75,75,75,75,75,75,75,75,75,75,75,75,75,75,75,75,75,75,75,75,75,75,75,75,75,75,75],"card_choices":[{"not_picked":["Streamline","Recycle"],"picked":"Beam Cell","floor":1.0},{"not_picked":["Barrage","Double Energy"],"picked":"Ball Lightning","floor":4.0},{"not_picked":["Redo","Consume"],"picked":"Rebound","floor":7.0},{"not_picked":["Steam","Chaos"],"picked":"Go for the Eyes","floor":8.0},{"not_picked":["Lockon","Hyperbeam"],"picked":"Compile Driver","floor":12.0},{"not_picked":["Compile Driver","White Noise"],"picked":"Gash","floor":14.0},{"not_picked":["Creative AI","Seek"],"picked":"Machine Learning","floor":16.0},{"not_picked":["Stack","Ball Lightning"],"picked":"Glacier","floor":18.0},{"not_picked":["Go for the Eyes","Barrage"],"picked":"Scrape+1","floor":19.0},{"not_picked":["Darkness","Compile Driver"],"picked":"Redo","floor":20.0},{"not_picked":["Sweeping Beam","Barrage+1"],"picked":"Fusion+1","floor":22.0},{"not_picked":["Ball Lightning","Sweeping Beam"],"picked":"Redo+1","floor":27.0},{"not_picked":["Rebound+1","Double Energy+1"],"picked":"Redo+1","floor":28.0},{"not_picked":["Sweeping Beam","Static Discharge"],"picked":"Beam Cell","floor":30.0},{"not_picked":["Seek+1","Electrodynamics"],"picked":"Rainbow+1","floor":33.0},{"not_picked":["BootSequence+1","Ball Lightning+1"],"picked":"Beam Cell","floor":35.0},{"not_picked":["Streamline","Reinforced Body+1"],"picked":"Rainbow+1","floor":36.0},{"not_picked":["Rebound+1","Barrage+1"],"picked":"Gash","floor":37.0},{"not_picked":["Cold Snap+1","Coolheaded+1"],"picked":"Lockon+1","floor":38.0},{"not_picked":["Go for the Eyes","Streamline"],"picked":"FTL","floor":39.0},{"not_picked":["Steam Power+1","Turbo+1","Thunder Strike"],"picked":"SKIP","floor":41}],"player_experience":441327,"relics_obtained":[{"floor":9.0,"key":"Art of War"},{"floor":12.0,"key":"Dodecahedron"},{"floor":20.0,"key":"Shovel"},{"floor":20.0,"key":"Toxic Egg 2"},{"floor":26.0,"key":"Bag of Marbles"},{"floor":42,"key":"Mummified Hand"},{"floor":43,"key":"Singing Bowl"},{"floor":44,"key":"Happy Flower"}],"event_choices":[{"damage_healed":0.0,"max_hp_gain":0.0,"max_hp_loss":0.0,"gold_gain":0.0,"event_name":"Big Fish","player_choice":"Box","floor":2.0,"gold_loss":0.0,"damage_taken":0.0,"relics_obtained":["Kunai"],"cards_obtained":["Regret"]},{"cards_removed":["Regret"],"damage_healed":0.0,"max_hp_gain":0.0,"max_hp_loss":0.0,"gold_gain":0.0,"event_name":"Purifier","player_choice":"Purged","floor":3.0,"gold_loss":0.0,"damage_taken":0.0},{"damage_healed":0.0,"max_hp_gain":0.0,"max_hp_loss":0.0,"gold_gain":0.0,"event_name":"Colosseum","player_choice":"Fight","floor":20.0,"gold_loss":0.0,"damage_taken":0.0},{"damage_healed":0.0,"max_hp_gain":0.0,"max_hp_loss":0.0,"gold_gain":0.0,"event_name":"Colosseum","player_choice":"Fought Nobs","floor":20.0,"gold_loss":0.0,"damage_taken":0.0},{"damage_healed":0.0,"max_hp_gain":0.0,"max_hp_loss":0.0,"gold_gain":100.0,"event_name":"The Joust","player_choice":"Bet on Murderer","floor":21.0,"gold_loss":50.0,"damage_taken":0.0},{"damage_healed":0.0,"max_hp_gain":0.0,"max_hp_loss":0.0,"gold_gain":0.0,"event_name":"Nest","player_choice":"Joined the Cult","floor":31.0,"gold_loss":0.0,"damage_taken":6.0,"cards_obtained":["RitualDagger"]}],"is_beta":false,"boss_relics":[{"not_picked":["Fusion Hammer","Astrolabe"],"picked":"Ectoplasm"},{"not_picked":["Runic Pyramid","Philosopher\u0027s Stone"],"picked":"Empty Cage"}],"items_purged_floors":[],"is_endless":false,"potions_floor_spawned":[4,7,19,20,27,28,30,35,36],"killed_by":"3 Darklings","ascension_level":9}