{"gold_per_floor":[118,118,118,130,147,147,165,165,165,165,71,91,102,112,112,217,217,234,248,248,248,248],"floor_reached":22,"playtime":1362,"items_purged":[],"score":267,"play_id":"d6dfd337-47eb-4dbd-833c-7fb007eac724","local_time":"20190312000545","is_ascension_mode":true,"campfire_choices":[{"floor":6.0,"key":"DIG"},{"floor":8.0,"key":"DIG"},{"floor":10.0,"key":"DIG"},{"floor":15.0,"key":"REST"}],"neow_cost":"NONE","seed_source_timestamp":696295423760984,"circlet_count":0,"master_deck":["AscendersBane","Defend_G+1","Defend_G","Defend_G","Defend_G","Defend_G","Strike_G","Strike_G","Strike_G","Strike_G","Strike_G","Survivor+1","Neutralize","Distraction","Flying Knee","Unload","Dagger Spray","Cloak And Dagger","Infinite Blades","Blur","Quick Slash","Tools of the Trade","Die Die Die","Backstab","Footwork","Noxious Fumes","Backflip","Underhanded Strike","Dodge and Roll","Calculated Gamble"],"special_seed":0,"relics":["Eternal Feather","Shovel","Vajra","War Paint","Pear","Art of War","Orrery","Frozen Egg 2"],"potions_floor_usage":[],"damage_taken":[{"damage":2.0,"enemies":"Small Slimes","floor":1.0,"turns":7.0},{"damage":13.0,"enemies":"Cultist","floor":4.0,"turns":7.0},{"damage":7.0,"enemies":"Jaw Worm","floor":5.0,"turns":4.0},{"damage":25.0,"enemies":"Gremlin Gang","floor":7.0,"turns":8.0},{"damage":16.0,"enemies":"Lots of Slimes","floor":12.0,"turns":4.0},{"damage":8.0,"enemies":"Large Slime","floor":13.0,"turns":5.0},{"damage":2.0,"enemies":"Exordium Wildlife","floor":14.0,"turns":3.0},{"damage":42.0,"enemies":"The Guardian","floor":16.0,"turns":15.0},{"damage":25.0,"enemies":"Chosen","floor":18.0,"turns":5.0},{"damage":0.0,"enemies":"3 Byrds","floor":19.0,"turns":3.0},{"damage":37,"enemies":"Snake Plant","floor":22,"turns":5}],"seed_played":"-5915812645572808580","potions_obtained":[{"floor":3.0,"key":"GhostInAJar"},{"floor":3.0,"key":"Weak Potion"},{"floor":3.0,"key":"SpeedPotion"},{"floor":7.0,"key":"AttackPotion"},{"floor":13.0,"key":"SteroidPotion"},{"floor":16.0,"key":"Swift Potion"}],"is_trial":false,"path_per_floor":["M","?","?","M","M","R","M","R","T","R","$","M","M","M","R","B",null,"M","M","?","T","M"],"character_chosen":"THE_SILENT","items_purchased":["Cloak And Dagger","Infinite Blades"],"campfire_rested":1,"item_purchase_floors":[11,11],"current_hp_per_floor":[61,49,49,36,29,38,13,22,32,41,41,25,17,15,51,9,62,37,37,37,37,0],"gold":248,"neow_bonus":"BOSS_RELIC","is_prod":false,"is_daily":false,"chose_seed":false,"campfire_upgraded":0,"win_rate":0,"timestamp":1552374345,"path_taken":["M","?","?","M","M","R","?","R","T","R","$","M","M","M","R","BOSS","M","M","?","?","M"],"build_version":"2019-01-23","purchased_purges":0,"victory":false,"max_hp_per_floor":[70,70,70,70,70,70,70,70,80,80,80,80,80,80,80,80,80,80,80,80,80,80],"card_choices":[{"not_picked":["Bane","Poisoned Stab"],"picked":"Distraction","floor":1.0},{"not_picked":["Prepared","Slice"],"picked":"Flying Knee","floor":4.0},{"not_picked":["Cloak And Dagger","Flechettes"],"picked":"Unload","floor":5.0},{"not_picked":["Blade Dance","PiercingWail"],"picked":"Dagger Spray","floor":7.0},{"not_picked":["PiercingWail","Bane"],"picked":"Blur","floor":12.0},{"not_picked":["Concentrate","Dagger Spray"],"picked":"Quick Slash","floor":13.0},{"not_picked":["PiercingWail","Well Laid Plans"],"picked":"Tools of the Trade","floor":14.0},{"not_picked":["Venomology","Unload"],"picked":"Die Die Die","floor":16.0},{"not_picked":["Poisoned Stab","Flying Knee"],"picked":"Backstab","floor":17.0},{"not_picked":["Flying Knee","Cloak And Dagger"],"picked":"Footwork","floor":17.0},{"not_picked":["Tactician","Deflect"],"picked":"Noxious Fumes","floor":17.0},{"not_picked":["Tactician","Concentrate"],"picked":"Backflip","floor":17.0},{"not_picked":["Predator","Tactician"],"picked":"Underhanded Strike","floor":17.0},{"not_picked":["Poisoned Stab","Slice"],"picked":"Dodge and Roll","floor":18.0},{"not_picked":["Prepared","Masterful Stab+1"],"picked":"Calculated Gamble","floor":19.0}],"player_experience":458855,"relics_obtained":[{"floor":6.0,"key":"Vajra"},{"floor":8.0,"key":"War Paint"},{"floor":9.0,"key":"Pear"},{"floor":10.0,"key":"Art of War"},{"floor":21.0,"key":"Frozen Egg 2"}],"event_choices":[{"damage_healed":0.0,"max_hp_gain":0.0,"max_hp_loss":0.0,"gold_gain":0.0,"event_name":"Scrap Ooze","player_choice":"Success","floor":2.0,"gold_loss":0.0,"damage_taken":12.0,"relics_obtained":["Shovel"]},{"damage_healed":0.0,"max_hp_gain":0.0,"max_hp_loss":0.0,"gold_gain":0.0,"event_name":"Lab","player_choice":"Got Potions","floor":3.0,"gold_loss":0.0,"damage_taken":0.0},{"damage_healed":0.0,"max_hp_gain":0.0,"max_hp_loss":0.0,"gold_gain":0.0,"event_name":"Cursed Tome","player_choice":"Ignored","floor":20.0,"gold_loss":0.0,"damage_taken":0.0}],"is_beta":false,"boss_relics":[{"not_picked":["Ectoplasm","Lizard Tail"],"picked":"Orrery"}],"items_purged_floors":[],"is_endless":false,"potions_floor_spawned":[7,13,16],"killed_by":"Snake Plant","ascension_level":10}