{"gold_per_floor":[113,113,188,188,206,237,237,247,247,247,197,213,245,261,261,261],"floor_reached":16,"playtime":896,"items_purged":[],"score":132,"play_id":"a6bcfefb-10dc-41f0-976f-603184cd3a83","local_time":"20190214205020","is_ascension_mode":true,"campfire_choices":[{"floor":7,"key":"REST"},{"data":"Zap","floor":10,"key":"SMITH"},{"floor":15,"key":"REST"}],"neow_cost":"CURSE","seed_source_timestamp":38306639123019,"circlet_count":0,"master_deck":["Strike_B","Defend_B","Defend_B","Defend_B","Defend_B","Zap+1","Dualcast","Compile Driver","Creative AI","Beam Cell","Self Repair","Fission","Ball Lightning","Electrodynamics","BootSequence"],"relics":["Cracked Core","Bottled Flame","Juzu Bracelet","Ornamental Fan","Bottled Lightning"],"potions_floor_usage":[8,13],"damage_taken":[{"damage":11,"enemies":"2 Louse","floor":1,"turns":3},{"damage":0,"enemies":"Small Slimes","floor":5,"turns":2},{"damage":35,"enemies":"Gremlin Nob","floor":6,"turns":5},{"damage":2,"enemies":"Jaw Worm","floor":8,"turns":3},{"damage":25,"enemies":"Gremlin Gang","floor":12,"turns":8},{"damage":8,"enemies":"Lagavulin","floor":13,"turns":7},{"damage":2,"enemies":"Exordium Wildlife","floor":14,"turns":3},{"damage":63,"enemies":"The Guardian","floor":16,"turns":10}],"seed_played":"-5301375403834655503","potions_obtained":[{"floor":6,"key":"Fruit Juice"},{"floor":8,"key":"EssenceOfSteel"}],"is_trial":false,"path_per_floor":["M","?","?","T","M","E","R","M","T","R","?","M","E","M","R","B"],"character_chosen":"DEFECT","items_purchased":[],"campfire_rested":2,"item_purchase_floors":[],"current_hp_per_floor":[64,64,53,53,53,18,40,50,50,50,50,32,31,36,60,0],"gold":261,"neow_bonus":"TRANSFORM_TWO_CARDS","is_prod":false,"is_daily":false,"chose_seed":false,"campfire_upgraded":1,"win_rate":0,"timestamp":1550206220,"path_taken":["M","?","?","?","M","E","R","M","T","R","?","M","E","M","R","BOSS"],"build_version":"2019-01-23","purchased_purges":0,"victory":false,"max_hp_per_floor":[75,75,75,75,75,75,75,80,80,80,80,80,80,80,80,80],"card_choices":[{"not_picked":["Stack","Redo"],"picked":"Beam Cell","floor":1},{"not_picked":["Stack","Turbo","Barrage"],"picked":"SKIP","floor":5},{"not_picked":["Coolheaded","Stack"],"picked":"Self Repair","floor":6},{"not_picked":["Leap","Turbo"],"picked":"Fission","floor":8},{"not_picked":["Hologram","Steam"],"picked":"Ball Lightning","floor":12},{"not_picked":["Coolheaded","Stack"],"picked":"Electrodynamics","floor":13},{"not_picked":["Blizzard","Go for the Eyes"],"picked":"BootSequence","floor":14}],"player_experience":269463,"relics_obtained":[{"floor":4,"key":"Bottled Flame"},{"floor":6,"key":"Juzu Bracelet"},{"floor":9,"key":"Ornamental Fan"},{"floor":13,"key":"Bottled Lightning"}],"event_choices":[{"cards_removed":["Decay"],"damage_healed":0,"gold_gain":0,"player_choice":"Forget","damage_taken":0,"max_hp_gain":0,"max_hp_loss":0,"event_name":"Living Wall","floor":2,"gold_loss":0},{"damage_healed":0,"gold_gain":75,"player_choice":"Gather Gold","damage_taken":11,"max_hp_gain":0,"max_hp_loss":0,"event_name":"World of Goop","floor":3,"gold_loss":0},{"cards_removed":["Strike_B"],"damage_healed":0,"gold_gain":0,"player_choice":"Card Removal","damage_taken":0,"max_hp_gain":0,"max_hp_loss":0,"event_name":"The Cleric","floor":11,"gold_loss":50}],"is_beta":false,"boss_relics":[],"items_purged_floors":[],"is_endless":false,"potions_floor_spawned":[6,8],"killed_by":"The Guardian","ascension_level":4}