{"gold_per_floor":[111,111,127,127,48,80,80,94,94,120,120,136,152,185,185,281,281,301,301,321,321,341,341,368,368,368,368,381,400,417,82,82,182,182,195,212,112,22,36,36,56,56,56,56,70,80,80,92,92,92,92,92,66,91,91],"floor_reached":55,"playtime":3002,"items_purged":["Strike_B+1","Defend_B"],"score":745,"play_id":"13887805-7762-41b5-8bca-4b7771c75ba7","local_time":"20190319012936","is_ascension_mode":true,"campfire_choices":[{"data":"Zap","floor":7.0,"key":"SMITH"},{"data":"Defragment","floor":11,"key":"SMITH"},{"data":"Coolheaded","floor":15,"key":"SMITH"},{"data":"Fission","floor":23,"key":"SMITH"},{"floor":25,"key":"RECALL"},{"data":"Self Repair","floor":27,"key":"SMITH"},{"floor":32,"key":"REST"},{"data":"Blind","floor":40,"key":"SMITH"},{"data":"Electrodynamics","floor":42,"key":"SMITH"},{"data":"Leap","floor":49,"key":"SMITH"},{"data":"Sunder","floor":52,"key":"SMITH"}],"neow_cost":"NONE","seed_source_timestamp":0,"circlet_count":0,"master_deck":["Defend_B+1","Defend_B+1","Zap+1","Dualcast+1","Blind+1","Self Repair+1","Ball Lightning","Sunder+1","Coolheaded+1","Defragment+1","Ball Lightning","Fission+1","Genetic Algorithm+1","Capacitor+1","All For One+1","Loop+1","Conserve Battery+1","Static Discharge+1","Leap+1","Cold Snap","Hologram+1","Electrodynamics+1","Leap+1","Leap+1","Decay","Undo+1","Leap"],"special_seed":0,"relics":["Cracked Core","Pantograph","Art of War","Bottled Lightning","Bottled Tornado","Astrolabe","Symbiotic Virus","Cables","Velvet Choker","Oddly Smooth Stone","War Paint"],"potions_floor_usage":[13,24,24,41,55],"damage_taken":[{"damage":0.0,"enemies":"Small Slimes","floor":1.0,"turns":3.0},{"damage":1.0,"enemies":"Jaw Worm","floor":3.0,"turns":4.0},{"damage":11.0,"enemies":"Lagavulin","floor":6.0,"turns":5.0},{"damage":0.0,"enemies":"2 Louse","floor":8.0,"turns":1.0},{"damage":6.0,"enemies":"3 Sentries","floor":10.0,"turns":8.0},{"damage":2,"enemies":"Gremlin Gang","floor":12,"turns":3},{"damage":2,"enemies":"Exordium Wildlife","floor":13,"turns":3},{"damage":9,"enemies":"Lagavulin","floor":14,"turns":5},{"damage":16,"enemies":"The Guardian","floor":16,"turns":9},{"damage":1,"enemies":"Spheric Guardian","floor":18,"turns":3},{"damage":5,"enemies":"Shell Parasite","floor":20,"turns":4},{"damage":23,"enemies":"Snecko","floor":22,"turns":5},{"damage":41,"enemies":"Slavers","floor":24,"turns":5},{"damage":27,"enemies":"Shelled Parasite and Fungi","floor":28,"turns":5},{"damage":17,"enemies":"Sentry and Sphere","floor":29,"turns":4},{"damage":3,"enemies":"Centurion and Healer","floor":30,"turns":4},{"damage":13,"enemies":"Champ","floor":33,"turns":11},{"damage":7,"enemies":"3 Shapes","floor":35,"turns":4},{"damage":9,"enemies":"3 Darklings","floor":36,"turns":3},{"damage":10,"enemies":"Spire Growth","floor":39,"turns":4},{"damage":8,"enemies":"Writhing Mass","floor":41,"turns":6},{"damage":8,"enemies":"3 Darklings","floor":45,"turns":2},{"damage":0,"enemies":"Jaw Worm Horde","floor":46,"turns":3},{"damage":21,"enemies":"Spire Growth","floor":48,"turns":5},{"damage":41,"enemies":"Donu and Deca","floor":50,"turns":11},{"damage":34,"enemies":"Shield and Spear","floor":54,"turns":7},{"damage":81,"enemies":"The Heart","floor":55,"turns":11}],"seed_played":"3813369084252015392","potions_obtained":[{"floor":1.0,"key":"Dexterity Potion"},{"floor":3.0,"key":"Energy Potion"},{"floor":8.0,"key":"Swift Potion"},{"floor":16,"key":"Weak Potion"},{"floor":18,"key":"Regen Potion"},{"floor":20,"key":"SteroidPotion"},{"floor":28,"key":"SteroidPotion"},{"floor":36,"key":"Dexterity Potion"},{"floor":39,"key":"Swift Potion"},{"floor":41,"key":"FearPotion"}],"is_trial":false,"path_per_floor":["M","?","M","?","$","E","R","M","T","E","R","M","M","E","R","B",null,"M","?","M","?","M","R","E","R","T","R","M","M","M","$","R","B",null,"M","M","$","?","M","R","M","R","T","?","M","M","$","M","R","B",null,"R","$","E","B"],"character_chosen":"DEFECT","items_purchased":["Sunder","Cables","Leap"],"campfire_rested":1,"item_purchase_floors":[5,31,53],"current_hp_per_floor":[75,80,80,64,64,60,60,60,60,61,61,66,64,62,62,71,80,79,79,80,72,56,56,36,36,36,36,19,12,19,19,43,65,80,80,80,80,80,80,80,80,80,80,80,72,80,80,69,69,49,80,80,80,56,0],"gold":91,"neow_bonus":"RANDOM_COLORLESS","is_prod":false,"is_daily":false,"chose_seed":false,"campfire_upgraded":9,"win_rate":0,"timestamp":1552984176,"path_taken":["M","?","M","?","$","E","R","M","T","E","R","M","M","E","R","BOSS","M","?","M","?","M","R","E","R","T","R","?","M","M","$","R","BOSS","M","M","$","?","?","R","M","R","T","?","M","M","?","M","R","BOSS","R","$","E","BOSS"],"build_version":"2019-01-23","purchased_purges":2,"victory":false,"max_hp_per_floor":[75,80,80,80,80,80,80,80,80,80,80,80,80,80,80,80,80,80,80,80,80,80,80,80,80,80,80,80,80,80,80,80,80,80,80,80,80,80,80,80,80,80,80,80,80,80,80,80,80,80,80,80,80,80,80],"card_choices":[{"not_picked":["Tempest","Beam Cell"],"picked":"Self Repair","floor":1.0},{"not_picked":["Go for the Eyes","Coolheaded"],"picked":"Ball Lightning","floor":3.0},{"not_picked":["Cold Snap","Double Energy"],"picked":"Coolheaded","floor":6.0},{"not_picked":["Gash","Turbo"],"picked":"Defragment","floor":8.0},{"not_picked":["Gash","Fusion","Stack"],"picked":"SKIP","floor":10.0},{"not_picked":["Go for the Eyes","Gash"],"picked":"Ball Lightning","floor":12},{"not_picked":["Gash","Blizzard","Sweeping Beam"],"picked":"SKIP","floor":13},{"not_picked":["Hologram","Streamline","Scrape"],"picked":"SKIP","floor":14},{"not_picked":["Rainbow","Amplify"],"picked":"Fission","floor":16},{"not_picked":["Coolheaded","Hologram"],"picked":"Loop+1","floor":18},{"not_picked":["Fusion","Stack","Consume"],"picked":"SKIP","floor":20},{"not_picked":["Steam Power+1","Compile Driver"],"picked":"Conserve Battery","floor":22},{"not_picked":["Chill","Cold Snap"],"picked":"Static Discharge+1","floor":24},{"not_picked":["Heatsinks","Turbo"],"picked":"Leap+1","floor":28},{"not_picked":["Turbo","Go for the Eyes"],"picked":"Cold Snap","floor":29},{"not_picked":["Double Energy","Beam Cell"],"picked":"Hologram+1","floor":30},{"not_picked":["Buffer","Fission"],"picked":"Electrodynamics","floor":33},{"not_picked":["Ball Lightning","Darkness+1"],"picked":"Leap","floor":35},{"not_picked":["Lockon","Conserve Battery+1","Hello World"],"picked":"SKIP","floor":36},{"not_picked":["Steam+1","Blizzard"],"picked":"Leap+1","floor":39},{"not_picked":["Cold Snap","BootSequence+1","Sunder+1"],"picked":"SKIP","floor":41},{"not_picked":["Storm+1","Skim","Double Energy"],"picked":"SKIP","floor":45},{"not_picked":["Reinforced Body+1","Turbo+1"],"picked":"Undo+1","floor":46},{"not_picked":["Turbo+1","Hello World","Tempest+1"],"picked":"SKIP","floor":48},{"not_picked":["Chill","BootSequence+1","Rebound+1"],"picked":"SKIP","floor":54}],"player_experience":500274,"relics_obtained":[{"floor":6.0,"key":"Pantograph"},{"floor":9.0,"key":"Art of War"},{"floor":10.0,"key":"Bottled Lightning"},{"floor":14,"key":"Bottled Tornado"},{"floor":24,"key":"Symbiotic Virus"},{"floor":43,"key":"Oddly Smooth Stone"},{"floor":54,"key":"War Paint"}],"event_choices":[{"damage_healed":0.0,"max_hp_gain":5.0,"max_hp_loss":0.0,"gold_gain":0.0,"event_name":"Big Fish","player_choice":"Donut","floor":2.0,"gold_loss":0.0,"damage_taken":0.0},{"damage_healed":0.0,"max_hp_gain":0.0,"max_hp_loss":0.0,"gold_gain":0.0,"event_name":"Shining Light","player_choice":"Entered Light","floor":4.0,"gold_loss":0.0,"damage_taken":16.0,"cards_upgraded":["Strike_B","Dualcast"]},{"damage_healed":0,"gold_gain":0,"player_choice":"Ignored","damage_taken":0,"max_hp_gain":0,"max_hp_loss":0,"event_name":"Vampires","floor":19,"gold_loss":0},{"damage_healed":0,"gold_gain":0,"player_choice":"","damage_taken":8,"max_hp_gain":0,"max_hp_loss":0,"event_name":"Knowing Skull","floor":21,"potions_obtained":[],"gold_loss":0,"cards_obtained":[]},{"cards_removed":["Defend_B"],"damage_healed":0,"gold_gain":0,"player_choice":"Upgrade and Remove","damage_taken":0,"max_hp_gain":0,"max_hp_loss":0,"event_name":"Designer","floor":38,"gold_loss":90,"cards_upgraded":["Conserve Battery"]},{"damage_healed":0,"gold_gain":0,"player_choice":"Cursed","damage_taken":0,"max_hp_gain":0,"max_hp_loss":0,"event_name":"Wheel of Change","floor":44,"gold_loss":0,"cards_obtained":["Decay"]}],"is_beta":false,"boss_relics":[{"not_picked":["White Beast Statue","Empty Cage"],"picked":"Astrolabe"},{"not_picked":["Tiny House","Black Star"],"picked":"Velvet Choker"}],"items_purged_floors":[31,37],"is_endless":false,"potions_floor_spawned":[1,3,8,16,18,20,28,36,39,41],"killed_by":"The Heart","ascension_level":1}