{"gold_per_floor":[109,109,129,148,148,183,183,183,183,183,183,195,85,101,101,198,198,210,309,325,325,325,325],"floor_reached":23,"playtime":878,"items_purged":["Tempest"],"score":208,"play_id":"79880521-c92f-47dc-b52d-7e8ed3b47382","local_time":"20190319052243","is_ascension_mode":true,"campfire_choices":[{"data":"Zap","floor":7,"key":"SMITH"},{"data":"Fusion","floor":11,"key":"SMITH"},{"floor":15,"key":"REST"}],"neow_cost":"TEN_PERCENT_HP_LOSS","seed_source_timestamp":438029910340897,"circlet_count":0,"master_deck":["Strike_B","Strike_B","Defend_B","Defend_B","Defend_B","Zap+1","Dualcast","Core Surge","Stack","Conserve Battery","Discovery","Gash","Fusion+1","Go for the Eyes","Sunder","Hologram","All For One","Go for the Eyes+1","J.A.X."],"relics":["Cracked Core","WingedGreaves","Pear","Turnip","Busted Crown"],"potions_floor_usage":[6,16],"damage_taken":[{"damage":1,"enemies":"Cultist","floor":1,"turns":4},{"damage":0,"enemies":"Jaw Worm","floor":3,"turns":3},{"damage":1,"enemies":"2 Louse","floor":4,"turns":3},{"damage":7,"enemies":"Lagavulin","floor":6,"turns":5},{"damage":5,"enemies":"Exordium Wildlife","floor":12,"turns":4},{"damage":13,"enemies":"Large Slime","floor":14,"turns":4},{"damage":14,"enemies":"The Guardian","floor":16,"turns":12},{"damage":15,"enemies":"Shell Parasite","floor":18,"turns":4},{"damage":22,"enemies":"Spheric Guardian","floor":20,"turns":4},{"damage":70,"enemies":"Gremlin Leader","floor":23,"turns":7}],"seed_played":"6446025407336122795","potions_obtained":[{"floor":4,"key":"Weak Potion"},{"floor":14,"key":"Dexterity Potion"},{"floor":20,"key":"FairyPotion"}],"is_trial":false,"path_per_floor":["M","?","M","M","?","E","R","?","T","?","R","M","$","M","R","B",null,"M","?","M","?","?","E"],"character_chosen":"DEFECT","items_purchased":["Sunder"],"campfire_rested":1,"item_purchase_floors":[13],"current_hp_per_floor":[67,67,67,66,59,52,52,52,62,55,55,50,50,37,60,46,78,63,63,41,41,41,0],"gold":325,"neow_bonus":"TRANSFORM_TWO_CARDS","is_prod":false,"is_daily":false,"chose_seed":false,"campfire_upgraded":2,"win_rate":0,"timestamp":1552940563,"path_taken":["M","?","?","M","?","E","R","?","T","?","R","M","$","M","R","BOSS","M","?","M","?","?","E"],"build_version":"2019-01-23","purchased_purges":1,"victory":false,"max_hp_per_floor":[68,68,68,68,68,68,68,68,78,78,78,78,78,78,78,78,78,78,78,78,78,78,78],"card_choices":[{"not_picked":["Darkness","Compile Driver"],"picked":"Conserve Battery","floor":1},{"not_picked":["Cold Snap","Lockon"],"picked":"Storm","floor":3},{"not_picked":["Ball Lightning","Conserve Battery"],"picked":"Gash","floor":4},{"not_picked":["Tempest","Amplify"],"picked":"Fusion","floor":6},{"not_picked":["Rebound","Cold Snap"],"picked":"Go for the Eyes","floor":12},{"not_picked":["Chaos","Ball Lightning"],"picked":"Hologram","floor":14},{"not_picked":["Thunder Strike","Fission"],"picked":"All For One","floor":16},{"not_picked":["Conserve Battery"],"picked":"SKIP","floor":18},{"not_picked":[],"picked":"Go for the Eyes+1","floor":20}],"player_experience":573377,"relics_obtained":[{"floor":6,"key":"WingedGreaves"},{"floor":9,"key":"Pear"}],"event_choices":[{"damage_healed":0,"gold_gain":0,"player_choice":"1 cards matched","damage_taken":0,"max_hp_gain":0,"max_hp_loss":0,"event_name":"Match and Keep!","floor":2,"gold_loss":0,"cards_obtained":["Discovery"]},{"cards_removed":["Storm"],"damage_healed":0,"gold_gain":0,"player_choice":"Card Removal","damage_taken":7,"max_hp_gain":0,"max_hp_loss":0,"event_name":"Golden Wing","floor":5,"gold_loss":0},{"damage_healed":0,"gold_gain":0,"cards_transformed":["Strike_B"],"player_choice":"Change","damage_taken":0,"max_hp_gain":0,"max_hp_loss":0,"event_name":"Living Wall","floor":8,"gold_loss":0,"cards_obtained":["Tempest"]},{"damage_healed":0,"gold_gain":0,"player_choice":"Success","damage_taken":7,"relics_obtained":["Turnip"],"max_hp_gain":0,"max_hp_loss":0,"event_name":"Scrap Ooze","floor":10,"gold_loss":0},{"damage_healed":0,"gold_gain":99,"player_choice":"Stole From Cult","damage_taken":0,"max_hp_gain":0,"max_hp_loss":0,"event_name":"Nest","floor":19,"gold_loss":0},{"damage_healed":0,"gold_gain":0,"player_choice":"Obtain J.A.X.","damage_taken":0,"max_hp_gain":0,"max_hp_loss":0,"event_name":"Drug Dealer","floor":21,"gold_loss":0,"cards_obtained":["J.A.X."]},{"damage_healed":0,"gold_gain":0,"player_choice":"Ignored","damage_taken":0,"max_hp_gain":0,"max_hp_loss":0,"event_name":"Ghosts","floor":22,"gold_loss":0}],"is_beta":false,"boss_relics":[{"not_picked":["Velvet Choker","Ectoplasm"],"picked":"Busted Crown"}],"items_purged_floors":[13],"is_endless":false,"potions_floor_spawned":[4,14,20],"killed_by":"Gremlin Leader","ascension_level":2}