{"gold_per_floor":[110,126,126,144,160,160,186,28,52,65,65,13,13,27,27,27],"floor_reached":16,"playtime":1936,"items_purged":[],"score":189,"play_id":"c5c1de19-9882-4f8e-bbb7-1c1922bff268","local_time":"20190303205517","is_ascension_mode":true,"campfire_choices":[{"data":"Zap","floor":6,"key":"SMITH"},{"floor":11,"key":"REST"},{"data":"Coolheaded","floor":15,"key":"SMITH"}],"neow_cost":"NONE","seed_source_timestamp":177942109561400,"circlet_count":0,"master_deck":["AscendersBane","Strike_B","Strike_B","Strike_B","Strike_B","Defend_B","Defend_B","Defend_B","Defend_B","Zap+1","Dualcast","Coolheaded+1","Glacier","Doom and Gloom","Coolheaded","FTL","Go for the Eyes+1","Ball Lightning"],"relics":["Cracked Core","Oddly Smooth Stone","Lantern","Potion Belt"],"potions_floor_usage":[7,16,16],"damage_taken":[{"damage":3,"enemies":"2 Louse","floor":1,"turns":3},{"damage":1,"enemies":"Cultist","floor":2,"turns":4},{"damage":5,"enemies":"Jaw Worm","floor":4,"turns":3},{"damage":18,"enemies":"Exordium Wildlife","floor":5,"turns":3},{"damage":23,"enemies":"Gremlin Nob","floor":7,"turns":4},{"damage":0,"enemies":"2 Fungi Beasts","floor":10,"turns":3},{"damage":5,"enemies":"Exordium Thugs","floor":14,"turns":4},{"damage":45,"enemies":"Slime Boss","floor":16,"turns":9}],"seed_played":"7631163610971680199","potions_obtained":[{"floor":2,"key":"Fire Potion"},{"floor":3,"key":"SneckoOil"},{"floor":10,"key":"Weak Potion"}],"is_trial":false,"path_per_floor":["M","M","?","M","M","R","E","$","T","M","R","$","?","M","R","B"],"character_chosen":"DEFECT","items_purchased":["Lantern","Go for the Eyes"],"campfire_rested":1,"item_purchase_floors":[8,12],"current_hp_per_floor":[68,67,67,62,44,44,21,21,21,21,44,44,44,39,39,0],"gold":27,"neow_bonus":"TEN_PERCENT_HP_BONUS","is_prod":false,"is_daily":false,"chose_seed":false,"campfire_upgraded":2,"win_rate":0,"timestamp":1551675317,"path_taken":["M","M","?","?","M","R","E","$","T","?","R","$","?","M","R","BOSS"],"build_version":"2019-01-23","purchased_purges":0,"victory":false,"max_hp_per_floor":[78,78,78,78,78,78,78,78,78,78,78,78,78,78,78,78],"card_choices":[{"not_picked":["Compile Driver","Streamline"],"picked":"Coolheaded","floor":1},{"not_picked":["Recycle","Auto Shields"],"picked":"Glacier","floor":2},{"not_picked":["Reprogram","Melter"],"picked":"Doom and Gloom","floor":4},{"not_picked":["Sweeping Beam","Gash"],"picked":"Coolheaded","floor":5},{"not_picked":["Compile Driver","Coolheaded"],"picked":"FTL","floor":7},{"not_picked":["Doom and Gloom","Sweeping Beam","Reprogram"],"picked":"SKIP","floor":10},{"not_picked":["Steam Power","Genetic Algorithm"],"picked":"Ball Lightning","floor":14}],"player_experience":1243265,"relics_obtained":[{"floor":7,"key":"Oddly Smooth Stone"},{"floor":9,"key":"Potion Belt"}],"event_choices":[{"damage_healed":0,"gold_gain":0,"player_choice":"Got Potions","damage_taken":0,"max_hp_gain":0,"max_hp_loss":0,"event_name":"Lab","floor":3,"gold_loss":0},{"damage_healed":0,"gold_gain":0,"player_choice":"Grow","damage_taken":0,"max_hp_gain":0,"max_hp_loss":0,"event_name":"Living Wall","floor":13,"gold_loss":0,"cards_upgraded":["Go for the Eyes"]}],"is_beta":false,"boss_relics":[],"items_purged_floors":[],"is_endless":false,"potions_floor_spawned":[2,4,10],"killed_by":"Slime Boss","ascension_level":17}