{"gold_per_floor":[119,130,52,72,72,72,100,100,100,100,118,118,132,147,147,251,251,251],"floor_reached":18,"playtime":963,"items_purged":[],"score":162,"play_id":"3d8ba9fc-80e1-488a-aa30-2022d5e4fa0a","local_time":"20190316121140","is_ascension_mode":false,"campfire_choices":[{"data":"Zap","floor":6,"key":"SMITH"},{"data":"Self Repair","floor":8,"key":"SMITH"},{"data":"Coolheaded","floor":12,"key":"SMITH"},{"data":"Dualcast","floor":15,"key":"SMITH"}],"neow_cost":"NONE","seed_source_timestamp":260906535378564,"circlet_count":0,"master_deck":["Strike_B","Strike_B","Strike_B","Defend_B","Defend_B","Defend_B","Defend_B","Zap+1","Dualcast+1","Compile Driver","Self Repair+1","Conserve Battery","Coolheaded+1","Ball Lightning","Recycle","Creative AI"],"relics":["Cracked Core","Unceasing Top","Eternal Feather"],"potions_floor_usage":[7,16,16],"damage_taken":[{"damage":1,"enemies":"Jaw Worm","floor":1,"turns":4},{"damage":5,"enemies":"Small Slimes","floor":2,"turns":3},{"damage":0,"enemies":"Cultist","floor":4,"turns":4},{"damage":37,"enemies":"3 Sentries","floor":7,"turns":9},{"damage":2,"enemies":"Large Slime","floor":11,"turns":6},{"damage":6,"enemies":"Exordium Thugs","floor":13,"turns":4},{"damage":0,"enemies":"Blue Slaver","floor":14,"turns":3},{"damage":5,"enemies":"The Guardian","floor":16,"turns":12},{"damage":5,"enemies":"3 Byrds","floor":18,"turns":2}],"seed_played":"-1656026997701170662","potions_obtained":[{"floor":4,"key":"AttackPotion"},{"floor":7,"key":"FocusPotion"},{"floor":11,"key":"GamblersBrew"},{"floor":13,"key":"Dexterity Potion"},{"floor":16,"key":"SneckoOil"}],"is_trial":false,"path_per_floor":["M","M","$","M","$","R","E","R","T","?","M","R","M","M","R","B",null,"M"],"character_chosen":"DEFECT","items_purchased":["Self Repair"],"campfire_rested":0,"item_purchase_floors":[3],"current_hp_per_floor":[74,69,69,75,75,75,45,45,45,45,53,53,57,57,57,62,75,70],"gold":251,"neow_bonus":"REMOVE_CARD","is_prod":false,"is_daily":false,"chose_seed":false,"campfire_upgraded":4,"win_rate":0,"timestamp":1552763500,"path_taken":["M","M","$","M","$","R","E","R","T","?","M","R","M","M","R","BOSS","M"],"build_version":"2019-01-23","purchased_purges":0,"victory":false,"max_hp_per_floor":[75,75,75,75,75,75,75,75,75,75,75,75,75,75,75,75,75,75],"card_choices":[{"not_picked":["Barrage","Rebound","Redo"],"picked":"SKIP","floor":1},{"not_picked":["Leap","Rip and Tear"],"picked":"Compile Driver","floor":2},{"not_picked":["Chill","Steam Power"],"picked":"Conserve Battery","floor":4},{"not_picked":["Barrage","FTL","Turbo"],"picked":"SKIP","floor":7},{"not_picked":["Conserve Battery","Streamline"],"picked":"Coolheaded","floor":11},{"not_picked":["Hologram","FTL"],"picked":"Ball Lightning","floor":13},{"not_picked":["Heatsinks","Compile Driver"],"picked":"Recycle","floor":14},{"not_picked":["Machine Learning","Core Surge"],"picked":"Creative AI","floor":16}],"player_experience":489454,"relics_obtained":[{"floor":7,"key":"Unceasing Top"}],"event_choices":[{"damage_healed":0,"gold_gain":0,"player_choice":"Ignored","damage_taken":0,"max_hp_gain":0,"max_hp_loss":0,"event_name":"Shining Light","floor":10,"gold_loss":0}],"is_beta":false,"boss_relics":[{"not_picked":["Calling Bell","Tiny House"],"picked":"Eternal Feather"}],"items_purged_floors":[],"is_endless":false,"potions_floor_spawned":[4,7,11,13,16],"killed_by":"3 Byrds","ascension_level":0}