{"gold_per_floor":[110,126,126,140,151,151,171,171,197,224,244,263,278,289,289,387,387,406,59,71,71,71,102,102,102,102,122,134,147,159,84,84,186,186,199,299,47,61,0,34,34,49,49,49,62,81,93,107,107,107],"floor_reached":51,"playtime":2710,"items_purged":[],"score":743,"play_id":"ebac90ad-165e-42e9-b807-ee74dfe7111a","local_time":"20190318140550","is_ascension_mode":true,"campfire_choices":[{"data":"Dropkick","floor":6.0,"key":"SMITH"},{"data":"Shrug It Off","floor":8.0,"key":"SMITH"},{"data":"Armaments","floor":15.0,"key":"SMITH"},{"data":"Reaper","floor":24.0,"key":"SMITH"},{"floor":32.0,"key":"REST"},{"floor":41.0,"key":"REST"},{"floor":44.0,"key":"REST"},{"floor":49.0,"key":"REST"}],"neow_cost":"NONE","seed_source_timestamp":762660793175724,"circlet_count":0,"master_deck":["Strike_R","Strike_R","Strike_R","Defend_R","Defend_R","Defend_R","Defend_R","Bash","Flame Barrier+1","Dropkick+1","Pommel Strike","Shrug It Off+1","Rage","Anger","Entrench","Armaments+1","Reaper+1","Decay","Perfected Strike","Offering","Flex","Corruption+1","Pommel Strike+1","Perfected Strike+1","Spot Weakness","Spot Weakness","Demon Form","Heavy Blade+1","Shrug It Off+1","Dark Embrace","Feel No Pain"],"special_seed":0,"relics":["Burning Blood","Happy Flower","Omamori","Potion Belt","Calling Bell","Vajra","Question Card","Calipers","Sling","Enchiridion","Pen Nib","Lantern","Fusion Hammer","Gambling Chip","Singing Bowl","Red Mask","Kunai","The Courier"],"potions_floor_usage":[50],"damage_taken":[{"damage":4.0,"enemies":"2 Louse","floor":1.0,"turns":4.0},{"damage":0.0,"enemies":"Cultist","floor":2.0,"turns":3.0},{"damage":0.0,"enemies":"Jaw Worm","floor":4.0,"turns":2.0},{"damage":0.0,"enemies":"Large Slime","floor":5.0,"turns":5.0},{"damage":0.0,"enemies":"Looter","floor":7.0,"turns":2.0},{"damage":10.0,"enemies":"Lagavulin","floor":10.0,"turns":7.0},{"damage":1.0,"enemies":"Red Slaver","floor":11.0,"turns":4.0},{"damage":7.0,"enemies":"3 Louse","floor":12.0,"turns":4.0},{"damage":3.0,"enemies":"2 Fungi Beasts","floor":13.0,"turns":3.0},{"damage":2.0,"enemies":"Large Slime","floor":14.0,"turns":7.0},{"damage":53.0,"enemies":"Hexaghost","floor":16.0,"turns":9.0},{"damage":13.0,"enemies":"Spheric Guardian","floor":18.0,"turns":5.0},{"damage":39.0,"enemies":"2 Thieves","floor":20.0,"turns":4.0},{"damage":21.0,"enemies":"Colosseum Slavers","floor":21.0,"turns":7.0},{"damage":33.0,"enemies":"Gremlin Leader","floor":23.0,"turns":5.0},{"damage":24.0,"enemies":"Snake Plant","floor":27.0,"turns":3.0},{"damage":6.0,"enemies":"Cultist and Chosen","floor":28.0,"turns":6.0},{"damage":16.0,"enemies":"3 Cultists","floor":29.0,"turns":5.0},{"damage":11.0,"enemies":"Snake Plant","floor":30.0,"turns":3.0},{"damage":51.0,"enemies":"Automaton","floor":33.0,"turns":8.0},{"damage":5.0,"enemies":"Orb Walker","floor":35.0,"turns":3.0},{"damage":13.0,"enemies":"Mind Bloom Boss Battle","floor":36.0,"turns":6.0},{"damage":24.0,"enemies":"3 Darklings","floor":38.0,"turns":3.0},{"damage":46.0,"enemies":"Reptomancer","floor":40.0,"turns":5.0},{"damage":29.0,"enemies":"Maw","floor":42.0,"turns":5.0},{"damage":32.0,"enemies":"Spire Growth","floor":45.0,"turns":3.0},{"damage":6.0,"enemies":"Transient","floor":46.0,"turns":5.0},{"damage":10.0,"enemies":"Maw","floor":47.0,"turns":5.0},{"damage":44.0,"enemies":"Writhing Mass","floor":48.0,"turns":7.0},{"damage":73,"enemies":"Time Eater","floor":50,"turns":9}],"seed_played":"-403112272987650415","potions_obtained":[{"floor":1.0,"key":"Ancient Potion"},{"floor":4.0,"key":"Poison Potion"},{"floor":5.0,"key":"Fire Potion"},{"floor":7.0,"key":"SpeedPotion"},{"floor":14.0,"key":"BloodPotion"},{"floor":16.0,"key":"Swift Potion"},{"floor":18.0,"key":"FearPotion"},{"floor":35.0,"key":"Block Potion"},{"floor":38.0,"key":"BloodPotion"},{"floor":47.0,"key":"Block Potion"},{"floor":48.0,"key":"LiquidBronze"}],"is_trial":false,"path_per_floor":["M","M","?","M","M","R","M","R","T","E","M","M","M","M","R","B",null,"M","$","M","?","?","E","R","?","T","M","M","M","M","?","R","B",null,"M","?","$","M","?","E","R","M","T","R","M","M","M","M","R","B",null],"character_chosen":"IRONCLAD","items_purchased":["Offering","Sling","Singing Bowl"],"campfire_rested":4,"item_purchase_floors":[19,19,37],"current_hp_per_floor":[80,80,80,80,80,80,80,80,80,76,80,79,80,80,80,41,80,78,78,45,39,23,42,42,42,42,24,28,36,33,33,57,28,80,80,80,80,82,82,42,66,64,64,84,58,64,73,37,63,17],"gold":107,"neow_bonus":"RANDOM_COMMON_RELIC","is_prod":false,"is_daily":false,"chose_seed":false,"campfire_upgraded":4,"win_rate":0,"timestamp":1552917950,"path_taken":["M","M","?","M","M","R","M","R","T","E","M","?","M","M","R","BOSS","M","$","M","?","?","E","R","?","T","M","M","?","M","?","R","BOSS","M","?","$","M","?","E","R","M","T","R","M","M","M","M","R","BOSS"],"build_version":"2019-01-23","purchased_purges":0,"victory":true,"max_hp_per_floor":[80,80,80,80,80,80,80,80,80,80,80,80,80,80,80,80,80,80,80,80,80,80,80,80,80,80,80,80,80,80,80,80,80,80,80,80,80,82,82,82,82,84,84,84,84,84,86,88,88,88],"card_choices":[{"not_picked":["Sever Soul","Sword Boomerang"],"picked":"Flame Barrier","floor":1.0},{"not_picked":["Entrench","Second Wind"],"picked":"Dropkick","floor":2.0},{"not_picked":["Carnage","Rupture"],"picked":"Pommel Strike","floor":4.0},{"not_picked":["Warcry","Clash"],"picked":"Shrug It Off","floor":5.0},{"not_picked":["Sword Boomerang","Iron Wave"],"picked":"Rage","floor":7.0},{"not_picked":["Pommel Strike","Burning Pact","Evolve"],"picked":"SKIP","floor":10.0},{"not_picked":["Cleave","Wild Strike"],"picked":"Anger","floor":11.0},{"not_picked":["Clash","Shrug It Off"],"picked":"Entrench","floor":12.0},{"not_picked":["Combust","Brutality"],"picked":"Armaments","floor":13.0},{"not_picked":["Wild Strike","Havoc","Fire Breathing"],"picked":"SKIP","floor":14.0},{"not_picked":["Dark Embrace","Exhume"],"picked":"Reaper","floor":16.0},{"not_picked":["Carnage","Armaments","Shrug It Off"],"picked":"Perfected Strike","floor":18.0},{"not_picked":["Iron Wave","Sword Boomerang","Warcry"],"picked":"Flex","floor":20.0},{"not_picked":["Shrug It Off","Reaper","Pummel"],"picked":"Corruption+1","floor":23.0},{"not_picked":["Flex","Whirlwind","Warcry+1"],"picked":"Pommel Strike+1","floor":27.0},{"not_picked":["Thunderclap","Intimidate","Shockwave"],"picked":"Perfected Strike+1","floor":28.0},{"not_picked":["Thunderclap+1","Fire Breathing","Heavy Blade"],"picked":"Spot Weakness","floor":29.0},{"not_picked":["True Grit+1","Searing Blow","Perfected Strike"],"picked":"Spot Weakness","floor":30.0},{"not_picked":["Reaper","Offering","Limit Break"],"picked":"Demon Form","floor":33.0},{"not_picked":["Sword Boomerang+1","Flex","Anger"],"picked":"Heavy Blade+1","floor":35.0},{"not_picked":["Heavy Blade+1","Hemokinesis","Uppercut","Body Slam"],"picked":"Singing Bowl","floor":38.0},{"not_picked":["Warcry+1","Intimidate+1","Power Through+1"],"picked":"Shrug It Off+1","floor":40.0},{"not_picked":["Fire Breathing+1","Anger+1","Rage","Havoc"],"picked":"Singing Bowl","floor":42.0},{"not_picked":["Anger","Dual Wield+1","Intimidate+1"],"picked":"Dark Embrace","floor":45.0},{"not_picked":["Thunderclap+1","Warcry+1","Combust+1"],"picked":"Feel No Pain","floor":46.0},{"not_picked":["Sword Boomerang+1","Blood for Blood+1","Corruption","Uppercut+1"],"picked":"Singing Bowl","floor":47.0},{"not_picked":["Disarm+1","Dual Wield","Headbutt+1","Shrug It Off"],"picked":"Singing Bowl","floor":48.0}],"player_experience":129194,"relics_obtained":[{"floor":9.0,"key":"Omamori"},{"floor":10.0,"key":"Potion Belt"},{"floor":17.0,"key":"Vajra"},{"floor":17.0,"key":"Question Card"},{"floor":17.0,"key":"Calipers"},{"floor":22.0,"key":"Enchiridion"},{"floor":23.0,"key":"Pen Nib"},{"floor":26.0,"key":"Lantern"},{"floor":36.0,"key":"Gambling Chip"},{"floor":40.0,"key":"Kunai"},{"floor":43.0,"key":"The Courier"}],"event_choices":[{"cards_removed":["Strike_R"],"damage_healed":0.0,"max_hp_gain":0.0,"max_hp_loss":0.0,"gold_gain":0.0,"event_name":"Purifier","player_choice":"Purged","floor":3.0,"gold_loss":0.0,"damage_taken":0.0},{"damage_healed":0.0,"max_hp_gain":0.0,"max_hp_loss":0.0,"gold_gain":0.0,"event_name":"Colosseum","player_choice":"Fight","floor":21.0,"gold_loss":0.0,"damage_taken":0.0},{"damage_healed":0.0,"max_hp_gain":0.0,"max_hp_loss":0.0,"gold_gain":0.0,"event_name":"Colosseum","player_choice":"Fled From Nobs","floor":21.0,"gold_loss":0.0,"damage_taken":0.0},{"damage_healed":0.0,"max_hp_gain":0.0,"max_hp_loss":0.0,"gold_gain":0.0,"event_name":"Cursed Tome","player_choice":"Obtained Book","floor":22.0,"gold_loss":0.0,"damage_taken":16.0},{"damage_healed":0.0,"max_hp_gain":0.0,"max_hp_loss":0.0,"gold_gain":0.0,"event_name":"Accursed Blacksmith","player_choice":"Forge","floor":25.0,"gold_loss":0.0,"damage_taken":0.0,"cards_upgraded":["Flame Barrier"]},{"cards_removed":["Strike_R"],"damage_healed":0.0,"max_hp_gain":0.0,"max_hp_loss":0.0,"gold_gain":0.0,"event_name":"Beggar","player_choice":"Gave Gold","floor":31.0,"gold_loss":75.0,"damage_taken":0.0},{"damage_healed":0.0,"max_hp_gain":0.0,"max_hp_loss":0.0,"gold_gain":0.0,"event_name":"MindBloom","player_choice":"Fight","floor":36.0,"gold_loss":0.0,"damage_taken":0.0},{"damage_healed":0.0,"max_hp_gain":0.0,"max_hp_loss":0.0,"gold_gain":0.0,"event_name":"Tomb of Lord Red Mask","player_choice":"Paid","floor":39.0,"gold_loss":61.0,"damage_taken":0.0,"relics_obtained":["Red Mask"]}],"is_beta":false,"boss_relics":[{"not_picked":["Mark of Pain","Coffee Dripper"],"picked":"Calling Bell"},{"not_picked":["Philosopher\u0027s Stone","Astrolabe"],"picked":"Fusion Hammer"}],"items_purged_floors":[],"is_endless":false,"potions_floor_spawned":[1,4,5,7,14,16,18,21,35,38,47,48],"ascension_level":1}