{"gold_per_floor":[117,42,60,70,70,102,102,117,194,194,369,386,404,354,354,452,452,468,484,409,272,272,272,272,303,303,5,5,17,17,42,42,42],"floor_reached":33,"playtime":2584,"items_purged":["Parasite","Strike_B"],"score":350,"play_id":"9a83d5fa-bcda-459d-9043-08b9a18ae317","local_time":"20190130193722","is_ascension_mode":true,"campfire_choices":[{"data":"Zap","floor":7,"key":"SMITH"},{"data":"Electrodynamics","floor":10,"key":"SMITH"},{"data":"Leap","floor":15,"key":"SMITH"},{"data":"Thunder Strike","floor":23,"key":"SMITH"},{"data":"Madness","floor":28,"key":"SMITH"},{"data":"Loop","floor":30,"key":"SMITH"},{"floor":32,"key":"REST"}],"neow_cost":"CURSE","seed_source_timestamp":799581812807123,"circlet_count":0,"master_deck":["Strike_B","Defend_B","Zap+1","Dualcast","Reprogram","Sunder","Undo","Streamline","Electrodynamics+1","Leap+1","FTL","Loop+1","Chaos","Thunder Strike+1","Genetic Algorithm+1","Sweeping Beam","Genetic Algorithm","Hologram","Lockon","Madness+1","Chaos","Coolheaded","Barrage"],"relics":["Cracked Core","Ginger","Oddly Smooth Stone","Mummified Hand","Inserter","Happy Flower","Dream Catcher","Bronze Scales","Regal Pillow","Mercury Hourglass"],"potions_floor_usage":[16,25],"damage_taken":[{"damage":0,"enemies":"Small Slimes","floor":1,"turns":2},{"damage":1,"enemies":"Jaw Worm","floor":3,"turns":4},{"damage":0,"enemies":"2 Louse","floor":4,"turns":1},{"damage":28,"enemies":"Lagavulin","floor":6,"turns":6},{"damage":0,"enemies":"2 Fungi Beasts","floor":8,"turns":3},{"damage":0,"enemies":"Lots of Slimes","floor":12,"turns":2},{"damage":4,"enemies":"Looter","floor":13,"turns":3},{"damage":0,"enemies":"Slime Boss","floor":16,"turns":7},{"damage":4,"enemies":"Spheric Guardian","floor":18,"turns":3},{"damage":0,"enemies":"Shell Parasite","floor":19,"turns":4},{"damage":15,"enemies":"Book of Stabbing","floor":25,"turns":4},{"damage":4,"enemies":"3 Cultists","floor":29,"turns":3},{"damage":15,"enemies":"Slavers","floor":31,"turns":3},{"damage":62,"enemies":"Automaton","floor":33,"turns":6}],"seed_played":"-2435994784966722839","potions_obtained":[{"floor":1,"key":"SpeedPotion"},{"floor":3,"key":"SteroidPotion"},{"floor":4,"key":"Strength Potion"},{"floor":13,"key":"Energy Potion"},{"floor":16,"key":"AttackPotion"}],"is_trial":false,"path_per_floor":["M","$","M","M","?","E","R","M","T","R","?","M","M","?","R","B",null,"M","M","?","$","?","R","?","E","T","$","R","M","R","E","R","B"],"character_chosen":"DEFECT","items_purchased":["Genetic Algorithm","Bronze Scales","Regal Pillow"],"campfire_rested":1,"item_purchase_floors":[21,27,27],"current_hp_per_floor":[75,72,71,71,68,40,40,40,40,40,40,40,36,36,36,36,72,68,68,68,68,68,68,54,39,39,39,39,35,35,20,56,0],"gold":42,"neow_bonus":"TRANSFORM_TWO_CARDS","is_prod":false,"is_daily":false,"chose_seed":false,"campfire_upgraded":6,"win_rate":0,"timestamp":1548905842,"path_taken":["M","$","M","M","?","E","R","M","T","R","?","M","M","?","R","BOSS","M","M","?","$","?","R","?","E","T","$","R","M","R","E","R","BOSS"],"build_version":"2019-01-23","purchased_purges":2,"victory":false,"max_hp_per_floor":[75,72,72,72,72,72,72,72,72,72,72,72,72,72,72,72,72,72,72,72,72,72,72,72,72,72,72,72,72,72,72,72,72],"card_choices":[{"not_picked":["Cold Snap","Compile Driver"],"picked":"Undo","floor":1},{"not_picked":["Beam Cell","BootSequence"],"picked":"Streamline","floor":3},{"not_picked":["Ball Lightning","Melter"],"picked":"Electrodynamics","floor":4},{"not_picked":["Gash","Steam"],"picked":"Leap","floor":6},{"not_picked":["Hyperbeam","Beam Cell"],"picked":"FTL","floor":8},{"not_picked":["BootSequence","Aggregate"],"picked":"Loop","floor":12},{"not_picked":["Undo","Consume"],"picked":"Chaos","floor":13},{"not_picked":["Machine Learning","Multi-Cast"],"picked":"Thunder Strike","floor":16},{"not_picked":["Recycle","Capacitor"],"picked":"Genetic Algorithm+1","floor":18},{"not_picked":["Skim","Go for the Eyes"],"picked":"Sweeping Beam","floor":19},{"not_picked":["Creative AI","Coolheaded"],"picked":"Chaos","floor":25},{"not_picked":["Turbo","Lockon","Streamline"],"picked":"SKIP","floor":29},{"not_picked":["Stack","Rip and Tear"],"picked":"Coolheaded","floor":31},{"not_picked":["Streamline","Compile Driver+1"],"picked":"Barrage","floor":32}],"player_experience":201086,"relics_obtained":[{"floor":6,"key":"Oddly Smooth Stone"},{"floor":9,"key":"Mummified Hand"},{"floor":25,"key":"Happy Flower"},{"floor":26,"key":"Dream Catcher"},{"floor":31,"key":"Mercury Hourglass"}],"event_choices":[{"damage_healed":0,"gold_gain":0,"player_choice":"Success","damage_taken":3,"relics_obtained":["Ginger"],"max_hp_gain":0,"max_hp_loss":0,"event_name":"Scrap Ooze","floor":5,"gold_loss":0},{"damage_healed":0,"gold_gain":175,"player_choice":"AGREE","damage_taken":0,"max_hp_gain":0,"max_hp_loss":0,"event_name":"Liars Game","floor":11,"gold_loss":0,"cards_obtained":["Doubt"]},{"cards_removed":["Doubt"],"damage_healed":0,"gold_gain":0,"player_choice":"Card Removal","damage_taken":0,"max_hp_gain":0,"max_hp_loss":0,"event_name":"The Cleric","floor":14,"gold_loss":50},{"cards_removed":["Defend_B"],"damage_healed":0,"gold_gain":0,"player_choice":"Gave Gold","damage_taken":0,"max_hp_gain":0,"max_hp_loss":0,"event_name":"Beggar","floor":20,"gold_loss":75},{"damage_healed":0,"gold_gain":0,"cards_transformed":["Defend_B","Defend_B"],"player_choice":"Became Test Subject","damage_taken":0,"max_hp_gain":0,"max_hp_loss":0,"event_name":"Drug Dealer","floor":22,"gold_loss":0,"cards_obtained":["Hologram","Lockon"]},{"damage_healed":0,"gold_gain":0,"player_choice":"CARD ","damage_taken":14,"max_hp_gain":0,"max_hp_loss":0,"event_name":"Knowing Skull","floor":24,"potions_obtained":[],"gold_loss":0,"cards_obtained":["Madness"]}],"is_beta":false,"boss_relics":[{"not_picked":["FrozenCore","White Beast Statue"],"picked":"Inserter"}],"items_purged_floors":[2,21],"is_endless":false,"potions_floor_spawned":[1,3,4,8,13,16,19],"killed_by":"Automaton","ascension_level":1}