{"gold_per_floor":[116,127,147,160,160,160,187,187,187,202,232,250,250,285,285,388,388,388,388,388,388,388,388,388,388,388,388,388,388,388,388,388,388],"floor_reached":33,"playtime":2156,"items_purged":[],"score":356,"play_id":"a0362298-feb9-4203-ad5a-c10970f71900","local_time":"20190215004133","is_ascension_mode":true,"campfire_choices":[{"data":"Zap","floor":6,"key":"SMITH"},{"floor":8,"key":"REST"},{"floor":15,"key":"REST"},{"floor":23,"key":"REST"},{"data":"Loop","floor":25,"key":"SMITH"},{"data":"Static Discharge","floor":27,"key":"SMITH"},{"data":"Hologram","floor":29,"key":"SMITH"},{"floor":32,"key":"REST"}],"neow_cost":"TEN_PERCENT_HP_LOSS","seed_source_timestamp":50919305392828,"circlet_count":0,"master_deck":["Strike_B","Strike_B","Strike_B+1","Defend_B","Defend_B","Defend_B","Defend_B","Zap+1","Dualcast","Static Discharge+1","Go for the Eyes","Rip and Tear","Loop+1","Chill","Compile Driver","Streamline","White Noise+1","Machine Learning","BootSequence","Conserve Battery","Hologram+1","Compile Driver+1","Beam Cell+1","Melter"],"relics":["Cracked Core","Nunchaku","Letter Opener","Pantograph","Odd Mushroom","Darkstone Periapt","Ectoplasm","Red Mask","PreservedInsect","Bronze Scales","Gremlin Horn"],"potions_floor_usage":[4,11,11,19,24,33,33,33],"damage_taken":[{"damage":10,"enemies":"Small Slimes","floor":1,"turns":3},{"damage":0,"enemies":"2 Louse","floor":2,"turns":2},{"damage":1,"enemies":"Cultist","floor":3,"turns":4},{"damage":10,"enemies":"Gremlin Gang","floor":4,"turns":3},{"damage":20,"enemies":"Lagavulin","floor":7,"turns":5},{"damage":0,"enemies":"3 Louse","floor":10,"turns":3},{"damage":1,"enemies":"The Mushroom Lair","floor":11,"turns":3},{"damage":12,"enemies":"Blue Slaver","floor":12,"turns":3},{"damage":10,"enemies":"3 Sentries","floor":14,"turns":6},{"damage":13,"enemies":"Slime Boss","floor":16,"turns":7},{"damage":0,"enemies":"Chosen","floor":18,"turns":3},{"damage":15,"enemies":"Masked Bandits","floor":19,"turns":4},{"damage":21,"enemies":"Spheric Guardian","floor":21,"turns":3},{"damage":14,"enemies":"Snake Plant","floor":22,"turns":4},{"damage":9,"enemies":"Slavers","floor":24,"turns":6},{"damage":3,"enemies":"Gremlin Leader","floor":28,"turns":4},{"damage":2,"enemies":"3 Cultists","floor":30,"turns":5},{"damage":22,"enemies":"Snecko","floor":31,"turns":4},{"damage":54,"enemies":"Champ","floor":33,"turns":8}],"seed_played":"-6136010858296033292","potions_obtained":[{"floor":1,"key":"PowerPotion"},{"floor":7,"key":"Explosive Potion"},{"floor":10,"key":"Ancient Potion"},{"floor":14,"key":"Explosive Potion"},{"floor":16,"key":"FearPotion"},{"floor":18,"key":"SpeedPotion"},{"floor":19,"key":"SkillPotion"},{"floor":24,"key":"Energy Potion"},{"floor":31,"key":"Fire Potion"}],"is_trial":false,"path_per_floor":["M","M","M","M","?","R","E","R","T","M","?","M","?","E","R","B",null,"M","?","?","M","M","R","E","R","T","R","E","R","M","M","R","B"],"character_chosen":"DEFECT","items_purchased":[],"campfire_rested":4,"item_purchase_floors":[],"current_hp_per_floor":[58,58,57,47,47,47,27,47,47,47,46,34,20,10,30,42,68,68,53,53,32,18,38,29,29,29,29,26,26,24,2,22,0],"gold":388,"neow_bonus":"ONE_RARE_RELIC","is_prod":false,"is_daily":false,"chose_seed":false,"campfire_upgraded":4,"win_rate":0,"timestamp":1550220093,"path_taken":["M","M","M","M","?","R","E","R","T","M","?","M","?","E","R","BOSS","M","?","?","?","M","R","E","R","T","R","E","R","M","?","R","BOSS"],"build_version":"2019-01-23","purchased_purges":0,"victory":false,"max_hp_per_floor":[68,68,68,68,68,68,68,68,68,68,68,68,68,68,68,68,68,68,68,68,68,68,68,68,68,68,68,68,68,68,68,68,68],"card_choices":[{"not_picked":["Rebound","Conserve Battery"],"picked":"Static Discharge","floor":1},{"not_picked":["Scrape","Aggregate"],"picked":"Go for the Eyes","floor":2},{"not_picked":["Barrage","Turbo"],"picked":"Rip and Tear","floor":3},{"not_picked":["Turbo","Skim"],"picked":"Loop","floor":4},{"not_picked":["Doom and Gloom","Redo"],"picked":"Chill","floor":7},{"not_picked":["Steam Power","Hologram"],"picked":"Compile Driver","floor":10},{"not_picked":["Coolheaded","Steam"],"picked":"Streamline","floor":11},{"not_picked":["Sweeping Beam","Heatsinks"],"picked":"White Noise","floor":12},{"not_picked":["Multi-Cast","Heatsinks","Force Field"],"picked":"SKIP","floor":14},{"not_picked":["Hyperbeam","Reboot"],"picked":"Machine Learning","floor":16},{"not_picked":["Beam Cell","Sweeping Beam"],"picked":"BootSequence","floor":18},{"not_picked":["Leap","Ball Lightning"],"picked":"Conserve Battery","floor":19},{"not_picked":["Turbo","Darkness"],"picked":"Hologram","floor":21},{"not_picked":["Recycle+1","Sunder"],"picked":"Compile Driver+1","floor":22},{"not_picked":["Cold Snap","Chill"],"picked":"Beam Cell+1","floor":24},{"not_picked":["Static Discharge","Leap"],"picked":"Melter","floor":28},{"not_picked":["Redo+1","Conserve Battery","Genetic Algorithm+1"],"picked":"SKIP","floor":30},{"not_picked":["Hologram","Genetic Algorithm","Reprogram"],"picked":"SKIP","floor":31}],"player_experience":281976,"relics_obtained":[{"floor":7,"key":"Letter Opener"},{"floor":9,"key":"Pantograph"},{"floor":11,"key":"Odd Mushroom"},{"floor":14,"key":"Darkstone Periapt"},{"floor":19,"key":"Red Mask"},{"floor":24,"key":"PreservedInsect"},{"floor":26,"key":"Bronze Scales"},{"floor":28,"key":"Gremlin Horn"}],"event_choices":[{"cards_removed":["Strike_B"],"damage_healed":0,"gold_gain":0,"player_choice":"Forget","damage_taken":0,"max_hp_gain":0,"max_hp_loss":0,"event_name":"Living Wall","floor":5,"gold_loss":0},{"damage_healed":0,"gold_gain":0,"player_choice":"Fought Mushrooms","damage_taken":0,"max_hp_gain":0,"max_hp_loss":0,"event_name":"Mushrooms","floor":11,"gold_loss":0},{"damage_healed":0,"gold_gain":0,"player_choice":"Entered Light","damage_taken":14,"max_hp_gain":0,"max_hp_loss":0,"event_name":"Shining Light","floor":13,"gold_loss":0,"cards_upgraded":["Strike_B","White Noise"]},{"damage_healed":0,"gold_gain":0,"player_choice":"Fought Bandits","damage_taken":0,"max_hp_gain":0,"max_hp_loss":0,"event_name":"Masked Bandits","floor":19,"gold_loss":0},{"damage_healed":0,"gold_gain":0,"player_choice":"Bought 0 Potions","damage_taken":0,"max_hp_gain":0,"max_hp_loss":0,"event_name":"The Woman in Blue","floor":20,"gold_loss":0}],"is_beta":false,"boss_relics":[{"not_picked":["Runic Pyramid","Snecko Eye"],"picked":"Ectoplasm"}],"items_purged_floors":[],"is_endless":false,"potions_floor_spawned":[1,7,10,14,16,18,19,24,31],"killed_by":"Champ","ascension_level":4}