{"gold_per_floor":[116,132,132,57,57,57,101,124,124,124,138,138,152,152,152,278,278,296,296,221,221,239,272,292,292,292,310,310,321,339,355,355,452,452,466,466,466,480,233,233,253,253],"floor_reached":42,"playtime":3982,"items_purged":["Regret","Regret"],"score":550,"play_id":"0d0d2840-e198-4fd9-b2e5-156e2f153651","local_time":"20190223230952","is_ascension_mode":true,"campfire_choices":[{"floor":6.0,"key":"REST"},{"data":"Zap","floor":10.0,"key":"SMITH"},{"floor":12.0,"key":"REST"},{"data":"Storm","floor":15.0,"key":"SMITH"},{"floor":25.0,"key":"REST"},{"floor":28.0,"key":"REST"},{"floor":32.0,"key":"REST"},{"floor":40,"key":"REST"}],"neow_cost":"PERCENT_DAMAGE","seed_source_timestamp":688986350780872,"circlet_count":0,"master_deck":["Strike_B","Strike_B","Defend_B","Defend_B","Defend_B","Defend_B","Zap+1","Dualcast","Cold Snap","Genetic Algorithm","Beam Cell","Self Repair","Undo","Fusion","Leap","Fusion","Storm+1","Electrodynamics","Rebound+1","Scrape+1","Amplify","Rainbow","Conserve Battery+1","Buffer","Leap","Barrage","Barrage","Ball Lightning","Ball Lightning","Loop","Reinforced Body","Self Repair","Conserve Battery+1","Doom and Gloom+1","Echo Form","Clumsy","Decay","Tempest+1","Chill+1","Hello World+1"],"special_seed":0,"relics":["Cracked Core","Prayer Wheel","Turnip","Bloody Idol","Lantern","Pear","Gambling Chip","Fusion Hammer","Bottled Flame","Matryoshka","Calling Bell","Torii","Cables","DataDisk","Happy Flower"],"potions_floor_usage":[42,42],"damage_taken":[{"damage":4.0,"enemies":"Small Slimes","floor":1.0,"turns":3.0},{"damage":6.0,"enemies":"Jaw Worm","floor":2.0,"turns":4.0},{"damage":50.0,"enemies":"3 Sentries","floor":7.0,"turns":9.0},{"damage":0.0,"enemies":"2 Louse","floor":8.0,"turns":2.0},{"damage":11.0,"enemies":"Exordium Wildlife","floor":11.0,"turns":4.0},{"damage":0.0,"enemies":"Looter","floor":13.0,"turns":3.0},{"damage":40.0,"enemies":"Slime Boss","floor":16.0,"turns":14.0},{"damage":3.0,"enemies":"Spheric Guardian","floor":18.0,"turns":4.0},{"damage":7.0,"enemies":"Chosen","floor":22.0,"turns":5.0},{"damage":47.0,"enemies":"Slavers","floor":23.0,"turns":6.0},{"damage":14.0,"enemies":"Sentry and Sphere","floor":24.0,"turns":6.0},{"damage":9.0,"enemies":"Cultist and Chosen","floor":27.0,"turns":6.0},{"damage":25.0,"enemies":"Snake Plant","floor":29.0,"turns":4.0},{"damage":18.0,"enemies":"Shelled Parasite and Fungi","floor":30.0,"turns":3.0},{"damage":18.0,"enemies":"3 Cultists","floor":31.0,"turns":5.0},{"damage":68.0,"enemies":"Collector","floor":33.0,"turns":10.0},{"damage":50.0,"enemies":"3 Darklings","floor":35.0,"turns":5.0},{"damage":1,"enemies":"3 Shapes","floor":38,"turns":3},{"damage":15,"enemies":"Jaw Worm Horde","floor":41,"turns":5},{"damage":80,"enemies":"Giant Head","floor":42,"turns":7}],"seed_played":"5856885989276582568","potions_obtained":[{"floor":7.0,"key":"AttackPotion"},{"floor":11.0,"key":"SteroidPotion"},{"floor":18.0,"key":"Poison Potion"},{"floor":24.0,"key":"Strength Potion"},{"floor":30.0,"key":"GamblersBrew"},{"floor":41,"key":"FearPotion"}],"is_trial":false,"path_per_floor":["M","M","?","$","?","R","E","M","T","R","M","R","M","?","R","B",null,"M","?","?","?","M","E","M","R","T","M","R","M","M","M","R","B",null,"M","?","?","M","$","R","M","E"],"character_chosen":"DEFECT","items_purchased":["Happy Flower"],"campfire_rested":6,"item_purchase_floors":[39],"current_hp_per_floor":[50,44,44,44,44,66,23,30,40,40,36,61,61,43,43,10,66,70,70,70,70,75,40,38,63,63,66,85,72,59,60,85,36,73,35,35,35,39,39,64,68,0],"gold":253,"neow_bonus":"ONE_RARE_RELIC","is_prod":false,"is_daily":false,"chose_seed":false,"campfire_upgraded":2,"win_rate":0,"timestamp":1550992192,"path_taken":["M","M","?","$","?","R","E","?","T","R","M","R","M","?","R","BOSS","M","?","?","?","M","E","M","R","T","M","R","M","M","M","R","BOSS","M","?","?","M","$","R","M","E"],"build_version":"2019-01-23","purchased_purges":2,"victory":false,"max_hp_per_floor":[75,75,75,75,75,75,75,75,85,85,85,85,85,85,85,85,85,85,85,85,85,85,85,85,85,85,85,85,85,85,85,85,85,85,85,85,85,85,85,85,85,85],"card_choices":[{"not_picked":["Compile Driver","Coolheaded"],"picked":"Cold Snap","floor":1.0},{"not_picked":["Leap","Force Field"],"picked":"Genetic Algorithm","floor":1.0},{"not_picked":["Cold Snap","Compile Driver"],"picked":"Beam Cell","floor":2.0},{"not_picked":["Cold Snap","Sweeping Beam"],"picked":"Self Repair","floor":2.0},{"not_picked":["Streamline","Tempest"],"picked":"Undo","floor":7.0},{"not_picked":["Hello World","Ball Lightning"],"picked":"Fusion","floor":8.0},{"not_picked":["Streamline","Rebound","Turbo"],"picked":"SKIP","floor":8.0},{"not_picked":["Hello World","Tempest"],"picked":"Leap","floor":11.0},{"not_picked":["Gash","Undo","Turbo"],"picked":"SKIP","floor":11.0},{"not_picked":["Steam Power","Heatsinks"],"picked":"Fusion","floor":13.0},{"not_picked":["Fusion","Turbo"],"picked":"Storm","floor":13.0},{"not_picked":["Hyperbeam","Biased Cognition"],"picked":"Electrodynamics","floor":16.0},{"not_picked":["Steam Power","Stack"],"picked":"Rebound+1","floor":18.0},{"not_picked":["Go for the Eyes","Sunder"],"picked":"Scrape+1","floor":18.0},{"not_picked":["Undo","Go for the Eyes+1"],"picked":"Conserve Battery+1","floor":22.0},{"not_picked":["Turbo","Steam"],"picked":"Buffer","floor":22.0},{"not_picked":["Sweeping Beam","Go for the Eyes"],"picked":"Leap","floor":23.0},{"not_picked":["Compile Driver","Beam Cell"],"picked":"Barrage","floor":24.0},{"not_picked":["Redo","Scrape"],"picked":"Barrage","floor":24.0},{"not_picked":["Go for the Eyes","Hologram"],"picked":"Ball Lightning","floor":27.0},{"not_picked":["Redo","Sunder"],"picked":"Ball Lightning","floor":27.0},{"not_picked":["Multi-Cast","Chill"],"picked":"Loop","floor":29.0},{"not_picked":["Streamline","Stack"],"picked":"Reinforced Body","floor":29.0},{"not_picked":["Rebound+1","Compile Driver"],"picked":"Self Repair","floor":30.0},{"not_picked":["Lockon+1","Recycle+1","Redo"],"picked":"SKIP","floor":30.0},{"not_picked":["Streamline","Recycle"],"picked":"Conserve Battery+1","floor":31.0},{"not_picked":["Blizzard","Go for the Eyes"],"picked":"Doom and Gloom+1","floor":31.0},{"not_picked":["Amplify","Machine Learning"],"picked":"Echo Form","floor":33.0},{"not_picked":["Barrage+1","Redo+1"],"picked":"Tempest+1","floor":35.0},{"not_picked":["Double Energy+1","Rebound","Steam"],"picked":"SKIP","floor":35.0},{"not_picked":["Beam Cell+1","Rip and Tear+1"],"picked":"Chill+1","floor":38},{"not_picked":["Compile Driver+1","Scrape","Streamline"],"picked":"SKIP","floor":38},{"not_picked":["Sweeping Beam","Coolheaded+1"],"picked":"Hello World+1","floor":41},{"not_picked":["Gash","Undo","Hologram"],"picked":"SKIP","floor":41}],"player_experience":332039,"relics_obtained":[{"floor":7.0,"key":"Lantern"},{"floor":9.0,"key":"Pear"},{"floor":23.0,"key":"Bottled Flame"},{"floor":26.0,"key":"Matryoshka"},{"floor":34.0,"key":"Torii"},{"floor":34.0,"key":"Cables"},{"floor":34.0,"key":"DataDisk"}],"event_choices":[{"damage_healed":0.0,"max_hp_gain":0.0,"max_hp_loss":0.0,"gold_gain":0.0,"event_name":"Big Fish","player_choice":"Box","floor":3.0,"gold_loss":0.0,"damage_taken":0.0,"relics_obtained":["Turnip"],"cards_obtained":["Regret"]},{"damage_healed":0.0,"max_hp_gain":0.0,"max_hp_loss":0.0,"gold_gain":0.0,"event_name":"Golden Idol","player_choice":"Take Wound","floor":5.0,"gold_loss":0.0,"damage_taken":0.0,"relics_obtained":["Golden Idol"],"cards_obtained":["Injury"]},{"damage_healed":0.0,"max_hp_gain":0.0,"max_hp_loss":0.0,"gold_gain":0.0,"event_name":"Scrap Ooze","player_choice":"Success","floor":14.0,"gold_loss":0.0,"damage_taken":18.0,"relics_obtained":["Gambling Chip"]},{"damage_healed":0.0,"max_hp_gain":0.0,"max_hp_loss":0.0,"gold_gain":0.0,"event_name":"Forgotten Altar","player_choice":"Gave Idol","floor":19.0,"relics_lost":["Golden Idol"],"gold_loss":0.0,"damage_taken":0.0,"relics_obtained":["Bloody Idol"]},{"cards_removed":["Injury"],"damage_healed":0.0,"max_hp_gain":0.0,"max_hp_loss":0.0,"gold_gain":0.0,"event_name":"Beggar","player_choice":"Gave Gold","floor":20.0,"gold_loss":75.0,"damage_taken":0.0},{"damage_healed":0.0,"max_hp_gain":0.0,"max_hp_loss":0.0,"gold_gain":0.0,"cards_transformed":["Strike_B","Strike_B"],"event_name":"Drug Dealer","player_choice":"Became Test Subject","floor":21.0,"gold_loss":0.0,"damage_taken":0.0,"cards_obtained":["Amplify","Rainbow"]},{"damage_healed":0.0,"max_hp_gain":0.0,"max_hp_loss":0.0,"gold_gain":0.0,"event_name":"Tomb of Lord Red Mask","player_choice":"Ignored","floor":36.0,"gold_loss":0.0,"damage_taken":0.0},{"damage_healed":0.0,"max_hp_gain":0.0,"max_hp_loss":0.0,"gold_gain":0.0,"event_name":"Mysterious Sphere","player_choice":"Ignored","floor":37.0,"gold_loss":0.0,"damage_taken":0.0}],"is_beta":false,"boss_relics":[{"not_picked":["Runic Dome","Empty Cage"],"picked":"Fusion Hammer"},{"not_picked":["Coffee Dripper","Lizard Tail"],"picked":"Calling Bell"}],"items_purged_floors":[4,39],"is_endless":false,"potions_floor_spawned":[7,11,18,24,30,31,41],"killed_by":"Giant Head","ascension_level":5}