{"gold_per_floor":[117,132,132,150,150,184,184,219,288,288,299,318,35,60,60,158,158,176,191,217,233,247,247,261,261,261,261,295,314,326,13,13,108,108,119,0,17,34,134,164,164,177,203,232,248,266,266,276,276,276],"floor_reached":51,"playtime":4170,"items_purged":["Strike_R"],"score":1217,"play_id":"28629abc-de26-4676-a345-7a4a63b8fe91","local_time":"20190317004125","is_ascension_mode":true,"campfire_choices":[{"data":"Iron Wave","floor":7.0,"key":"SMITH"},{"data":"Feed","floor":10.0,"key":"SMITH"},{"data":"Anger","floor":15.0,"key":"SMITH"},{"data":"Armaments","floor":23.0,"key":"SMITH"},{"data":"Body Slam","floor":25.0,"key":"SMITH"},{"data":"Feed","floor":27.0,"key":"SMITH"},{"floor":32.0,"key":"REST"},{"data":"Barricade","floor":41,"key":"SMITH"},{"data":"Impervious","floor":47,"key":"SMITH"},{"data":"Inflame","floor":49,"key":"SMITH"}],"neow_cost":"NONE","seed_source_timestamp":344569634068563,"circlet_count":0,"master_deck":["AscendersBane","Strike_R","Strike_R","Strike_R","Defend_R","Defend_R","Defend_R","Defend_R","Bash","Cleave","Anger+1","Iron Wave+1","Offering","Feed+1","Body Slam+1","Shrug It Off","Feed+1","Flame Barrier","Feed+1","Battle Trance","Armaments+1","Headbutt+1","Barricade+1","Inflame+1","Impervious+1","Warcry","Headbutt+1","Inflame+1","Warcry","Flame Barrier+1","Metallicize+1","Spot Weakness+1"],"special_seed":0,"relics":["Black Blood","Red Skull","Calipers","Bag of Preparation","Bottled Lightning","DollysMirror","Vajra","Pen Nib","Champion Belt","Charon\u0027s Ashes","Nunchaku","Sozu","Red Mask","Torii","Paper Frog","Boot","Bronze Scales"],"potions_floor_usage":[],"damage_taken":[{"damage":9.0,"enemies":"Jaw Worm","floor":1.0,"turns":6.0},{"damage":6.0,"enemies":"Cultist","floor":2.0,"turns":3.0},{"damage":7.0,"enemies":"Small Slimes","floor":4.0,"turns":3.0},{"damage":46.0,"enemies":"Lagavulin","floor":6.0,"turns":6.0},{"damage":15.0,"enemies":"3 Sentries","floor":8.0,"turns":6.0},{"damage":7.0,"enemies":"Looter","floor":11.0,"turns":2.0},{"damage":0.0,"enemies":"Exordium Thugs","floor":12.0,"turns":3.0},{"damage":19.0,"enemies":"Lagavulin","floor":14.0,"turns":4.0},{"damage":27.0,"enemies":"Slime Boss","floor":16.0,"turns":14.0},{"damage":14.0,"enemies":"Spheric Guardian","floor":18.0,"turns":4.0},{"damage":12.0,"enemies":"3 Byrds","floor":19.0,"turns":3.0},{"damage":29.0,"enemies":"Snake Plant","floor":21.0,"turns":5.0},{"damage":16.0,"enemies":"Centurion and Healer","floor":22.0,"turns":6.0},{"damage":34.0,"enemies":"Cultist and Chosen","floor":24.0,"turns":7.0},{"damage":30.0,"enemies":"Book of Stabbing","floor":28.0,"turns":5.0},{"damage":6.0,"enemies":"Snecko","floor":29.0,"turns":3.0},{"damage":17.0,"enemies":"Centurion and Healer","floor":30.0,"turns":3.0},{"damage":57.0,"enemies":"Automaton","floor":33.0,"turns":11.0},{"damage":10.0,"enemies":"3 Shapes","floor":35.0,"turns":7.0},{"damage":6,"enemies":"Orb Walker","floor":37,"turns":2},{"damage":6,"enemies":"Spire Growth","floor":38,"turns":6},{"damage":11,"enemies":"Mind Bloom Boss Battle","floor":39,"turns":6},{"damage":32,"enemies":"Reptomancer","floor":40,"turns":5},{"damage":6,"enemies":"Maw","floor":42,"turns":8},{"damage":6,"enemies":"Giant Head","floor":44,"turns":6},{"damage":12,"enemies":"4 Shapes","floor":45,"turns":2},{"damage":6,"enemies":"Jaw Worm Horde","floor":46,"turns":3},{"damage":6,"enemies":"Sphere and 2 Shapes","floor":48,"turns":3},{"damage":119,"enemies":"Time Eater","floor":50,"turns":13}],"seed_played":"-4171142000020382525","potions_obtained":[{"floor":1.0,"key":"GamblersBrew"},{"floor":4.0,"key":"Swift Potion"},{"floor":8.0,"key":"PowerPotion"},{"floor":12.0,"key":"Fire Potion"},{"floor":14.0,"key":"Explosive Potion"},{"floor":18.0,"key":"Ancient Potion"},{"floor":24.0,"key":"Energy Potion"},{"floor":29.0,"key":"Dexterity Potion"}],"is_trial":false,"path_per_floor":["M","M","?","M","?","E","R","E","T","R","M","M","$","E","R","B",null,"M","M","T","M","M","R","M","R","T","R","E","M","M","$","R","B",null,"M","?","M","M","?","E","R","M","T","E","M","M","R","M","R","B",null],"character_chosen":"IRONCLAD","items_purchased":["DollysMirror","Nunchaku"],"campfire_rested":1,"item_purchase_floors":[13,31],"current_hp_per_floor":[69,69,69,68,80,40,40,31,31,31,34,44,44,35,35,22,81,80,85,85,70,72,72,52,52,52,52,36,44,45,45,87,40,117,125,125,133,141,144,122,122,126,126,134,140,144,144,152,152,43],"gold":276,"neow_bonus":"RANDOM_COMMON_RELIC","is_prod":false,"is_daily":false,"chose_seed":false,"campfire_upgraded":9,"win_rate":0,"timestamp":1552808485,"path_taken":["M","M","?","M","?","E","R","E","T","R","M","M","$","E","R","BOSS","M","M","?","M","M","R","M","R","T","R","E","?","M","$","R","BOSS","M","?","M","M","?","E","R","M","T","E","M","M","R","M","R","BOSS"],"build_version":"2019-01-23","purchased_purges":1,"victory":true,"max_hp_per_floor":[80,80,80,80,80,80,80,80,80,80,84,88,88,92,92,100,100,103,110,110,114,122,122,126,126,126,126,130,134,142,142,142,142,142,150,150,154,158,162,162,162,162,162,166,174,174,174,178,178,178],"card_choices":[{"not_picked":["Power Through","Flex"],"picked":"Intimidate","floor":1.0},{"not_picked":["Sever Soul","Body Slam"],"picked":"Cleave","floor":2.0},{"not_picked":["Havoc","Shrug It Off"],"picked":"Iron Wave","floor":4.0},{"not_picked":["Twin Strike","Rage"],"picked":"Offering","floor":6.0},{"not_picked":["Burning Pact","Body Slam"],"picked":"Feed","floor":8.0},{"not_picked":["Sever Soul","Combust"],"picked":"Body Slam","floor":11.0},{"not_picked":["Cleave","Anger"],"picked":"Shrug It Off","floor":12.0},{"not_picked":["Fiend Fire","Iron Wave"],"picked":"Flame Barrier","floor":14.0},{"not_picked":["Brutality","Juggernaut"],"picked":"Feed","floor":16.0},{"not_picked":["Disarm","Sword Boomerang"],"picked":"Battle Trance","floor":18.0},{"not_picked":["True Grit","Heavy Blade+1","Whirlwind"],"picked":"SKIP","floor":19.0},{"not_picked":["Uppercut","Dropkick"],"picked":"Armaments","floor":21.0},{"not_picked":["Second Wind","Havoc"],"picked":"Headbutt+1","floor":22.0},{"not_picked":["Cleave","Havoc","Wild Strike+1"],"picked":"SKIP","floor":24.0},{"not_picked":["Hemokinesis","Second Wind","Reckless Charge"],"picked":"SKIP","floor":28.0},{"not_picked":["Cleave","Shrug It Off+1"],"picked":"Barricade","floor":29.0},{"not_picked":["Searing Blow+1","Fire Breathing"],"picked":"Inflame+1","floor":30.0},{"not_picked":["Exhume","Fiend Fire"],"picked":"Impervious","floor":33.0},{"not_picked":["Perfected Strike","Shockwave"],"picked":"Warcry","floor":35.0},{"not_picked":["Power Through","Second Wind","Pummel"],"picked":"SKIP","floor":37},{"not_picked":["Shockwave+1","Perfected Strike"],"picked":"Headbutt+1","floor":38},{"not_picked":["Clothesline+1","Blood for Blood+1"],"picked":"Inflame","floor":40},{"not_picked":["Rupture+1","Power Through+1"],"picked":"Warcry","floor":42},{"not_picked":["Anger+1","Feel No Pain+1"],"picked":"Flame Barrier+1","floor":44},{"not_picked":["True Grit+1","Headbutt+1"],"picked":"Metallicize+1","floor":45},{"not_picked":["Shockwave+1","Bludgeon","Feel No Pain"],"picked":"SKIP","floor":46},{"not_picked":["Seeing Red+1","Iron Wave"],"picked":"Spot Weakness+1","floor":48}],"player_experience":496291,"relics_obtained":[{"floor":6.0,"key":"Calipers"},{"floor":8.0,"key":"Bag of Preparation"},{"floor":9.0,"key":"Bottled Lightning"},{"floor":14.0,"key":"Vajra"},{"floor":20.0,"key":"Pen Nib"},{"floor":26.0,"key":"Champion Belt"},{"floor":28.0,"key":"Charon\u0027s Ashes"},{"floor":39,"key":"Torii"},{"floor":40,"key":"Paper Frog"},{"floor":43,"key":"Boot"},{"floor":44,"key":"Bronze Scales"}],"event_choices":[{"damage_healed":0.0,"max_hp_gain":0.0,"max_hp_loss":0.0,"gold_gain":0.0,"cards_transformed":["Strike_R"],"event_name":"Living Wall","player_choice":"Change","floor":3.0,"gold_loss":0.0,"damage_taken":0.0,"cards_obtained":["Anger"]},{"cards_removed":["Intimidate"],"damage_healed":12.0,"max_hp_gain":0.0,"max_hp_loss":0.0,"gold_gain":0.0,"event_name":"Bonfire Elementals","player_choice":"Offered Uncommon","floor":5.0,"gold_loss":0.0,"damage_taken":0.0},{"damage_healed":0.0,"max_hp_gain":0.0,"max_hp_loss":0.0,"gold_gain":0.0,"event_name":"Tomb of Lord Red Mask","player_choice":"Paid","floor":36.0,"gold_loss":119.0,"damage_taken":0.0,"relics_obtained":["Red Mask"]},{"damage_healed":0,"gold_gain":0,"player_choice":"Fight","damage_taken":0,"max_hp_gain":0,"max_hp_loss":0,"event_name":"MindBloom","floor":39,"gold_loss":0}],"is_beta":false,"boss_relics":[{"not_picked":["Lizard Tail","Astrolabe"],"picked":"Black Blood"},{"not_picked":["Snecko Eye","Black Star"],"picked":"Sozu"}],"items_purged_floors":[13],"is_endless":false,"potions_floor_spawned":[1,4,8,12,14,18,24,28,29,37,39,40,42,46],"ascension_level":11}