{"gold_per_floor":[118,129,129,82,96,123,123,158,158,72,88,88,118,133,133,234,234,244,255,81,100,100,100,117,117,117,117,135,135,168,168,168,168],"floor_reached":33,"playtime":1792,"items_purged":[],"score":424,"play_id":"ea048ab7-88e3-4aae-b2e4-f6b94d28495d","local_time":"20190306231643","is_ascension_mode":true,"campfire_choices":[{"data":"True Grit","floor":7.0,"key":"SMITH"},{"data":"Perfected Strike","floor":12.0,"key":"SMITH"},{"data":"Inflame","floor":15.0,"key":"SMITH"},{"data":"Defend_R","floor":23.0,"key":"SMITH"},{"floor":25.0,"key":"REST"},{"data":"Ghostly Armor","floor":27.0,"key":"SMITH"},{"floor":29.0,"key":"REST"},{"floor":32.0,"key":"REST"}],"neow_cost":"NONE","seed_source_timestamp":264277983067737,"circlet_count":0,"master_deck":["Strike_R","Strike_R","Strike_R","Strike_R","Strike_R","Defend_R","Defend_R+1","Defend_R+1","Defend_R+1","Bash+1","Pommel Strike+1","Ghostly Armor+1","Cleave","True Grit+1","Twin Strike","Perfected Strike+1","Inflame+1","Perfected Strike+1","Pummel","Rupture+1","Warcry","Berserk+1","Headbutt","Fire Breathing+1","Twin Strike","Twin Strike","Twin Strike","Pommel Strike+1"],"special_seed":0,"relics":["Burning Blood","NeowsBlessing","Art of War","FossilizedHelix","Sundial","Frozen Egg 2","Lizard Tail","Whetstone","Self Forming Clay","War Paint"],"potions_floor_usage":[33],"damage_taken":[{"damage":0.0,"enemies":"Jaw Worm","floor":1.0,"turns":1.0},{"damage":0.0,"enemies":"Cultist","floor":2.0,"turns":1.0},{"damage":0.0,"enemies":"2 Louse","floor":5.0,"turns":1.0},{"damage":24.0,"enemies":"Gremlin Nob","floor":6.0,"turns":4.0},{"damage":27.0,"enemies":"3 Sentries","floor":8.0,"turns":6.0},{"damage":0.0,"enemies":"Large Slime","floor":11.0,"turns":4.0},{"damage":10.0,"enemies":"Lagavulin","floor":13.0,"turns":5.0},{"damage":2.0,"enemies":"2 Fungi Beasts","floor":14.0,"turns":3.0},{"damage":1.0,"enemies":"The Guardian","floor":16.0,"turns":10.0},{"damage":6.0,"enemies":"2 Thieves","floor":18.0,"turns":3.0},{"damage":27.0,"enemies":"3 Byrds","floor":19.0,"turns":6.0},{"damage":17.0,"enemies":"Snecko","floor":21.0,"turns":4.0},{"damage":19.0,"enemies":"3 Cultists","floor":24.0,"turns":5.0},{"damage":31.0,"enemies":"Snake Plant","floor":28.0,"turns":4.0},{"damage":17.0,"enemies":"Slavers","floor":30.0,"turns":6.0},{"damage":121,"enemies":"Collector","floor":33,"turns":10}],"seed_played":"756372161506205713","potions_obtained":[{"floor":6.0,"key":"EssenceOfSteel"},{"floor":11.0,"key":"SpeedPotion"},{"floor":13.0,"key":"Strength Potion"},{"floor":16.0,"key":"AttackPotion"},{"floor":18.0,"key":"Ancient Potion"},{"floor":28.0,"key":"SkillPotion"}],"is_trial":false,"path_per_floor":["M","M","?","$","M","E","R","E","T","$","M","R","E","M","R","B",null,"M","M","$","M","?","R","M","R","T","R","M","R","E","?","R","B"],"character_chosen":"IRONCLAD","items_purchased":["Cleave","Inflame","Perfected Strike","Twin Strike","Whetstone"],"campfire_rested":3,"item_purchase_floors":[4,10,10,20,20],"current_hp_per_floor":[78,80,80,80,80,62,62,41,41,41,47,47,43,47,47,52,73,73,52,52,41,41,41,28,52,52,52,27,51,40,40,64,0],"gold":168,"neow_bonus":"THREE_ENEMY_KILL","is_prod":false,"is_daily":false,"chose_seed":false,"campfire_upgraded":5,"win_rate":0,"timestamp":1551943003,"path_taken":["M","M","?","?","M","E","R","E","T","$","M","R","E","M","R","BOSS","M","M","$","M","?","R","M","R","T","R","M","R","E","?","R","BOSS"],"build_version":"2019-01-23","purchased_purges":0,"victory":false,"max_hp_per_floor":[80,80,80,80,80,80,80,80,80,80,80,80,80,80,80,80,80,80,80,80,80,80,80,80,80,80,80,80,80,80,80,80,80],"card_choices":[{"not_picked":["Fire Breathing","Twin Strike"],"picked":"Pommel Strike","floor":1.0},{"not_picked":["Wild Strike","Headbutt"],"picked":"Ghostly Armor","floor":2.0},{"not_picked":["Flex","Sentinel"],"picked":"True Grit","floor":5.0},{"not_picked":["Pummel","Flex"],"picked":"Twin Strike","floor":6.0},{"not_picked":["Entrench","Intimidate"],"picked":"Perfected Strike","floor":8.0},{"not_picked":["Anger","Thunderclap"],"picked":"Pummel","floor":11.0},{"not_picked":["Limit Break","Bloodletting"],"picked":"Rupture","floor":13.0},{"not_picked":["Burning Pact","Cleave"],"picked":"Warcry","floor":14.0},{"not_picked":["Feed","Double Tap"],"picked":"Berserk+1","floor":16.0},{"not_picked":["Dropkick","Clothesline+1"],"picked":"Headbutt","floor":18.0},{"not_picked":["True Grit+1","Infernal Blade"],"picked":"Fire Breathing+1","floor":19.0},{"not_picked":["Searing Blow+1","Sever Soul"],"picked":"Twin Strike","floor":21.0},{"not_picked":["Clothesline","Havoc"],"picked":"Twin Strike","floor":24.0},{"not_picked":["Havoc","True Grit","Uppercut"],"picked":"SKIP","floor":28.0},{"not_picked":["Whirlwind","Wild Strike"],"picked":"Pommel Strike+1","floor":30.0}],"player_experience":416174,"relics_obtained":[{"floor":6.0,"key":"Art of War"},{"floor":8.0,"key":"FossilizedHelix"},{"floor":9.0,"key":"Sundial"},{"floor":13.0,"key":"Frozen Egg 2"},{"floor":26.0,"key":"Self Forming Clay"},{"floor":30.0,"key":"War Paint"}],"event_choices":[{"damage_healed":0.0,"max_hp_gain":0.0,"max_hp_loss":0.0,"gold_gain":0.0,"event_name":"Upgrade Shrine","player_choice":"Upgraded","floor":3.0,"gold_loss":0.0,"damage_taken":0.0,"cards_upgraded":["Pommel Strike"]},{"damage_healed":0.0,"max_hp_gain":0.0,"max_hp_loss":0.0,"gold_gain":0.0,"event_name":"Vampires","player_choice":"Ignored","floor":22.0,"gold_loss":0.0,"damage_taken":0.0},{"damage_healed":0.0,"max_hp_gain":0.0,"max_hp_loss":0.0,"gold_gain":0.0,"event_name":"Ghosts","player_choice":"Ignored","floor":31.0,"gold_loss":0.0,"damage_taken":0.0}],"is_beta":false,"boss_relics":[{"not_picked":["Philosopher\u0027s Stone","Coffee Dripper"],"picked":"Lizard Tail"}],"items_purged_floors":[],"is_endless":false,"potions_floor_spawned":[6,11,13,16,18,28],"killed_by":"Collector","ascension_level":8}