{"gold_per_floor":[19,194,194,209,229,229,154,181,181,197,197,226,242,268,268,372,372,385,385,396,412,424,442,442,462,462,462,462,491,491,507,507,608,608,623,245,245,305,323,323,351,368,394,444,460,460,491,121,121,121],"floor_reached":51,"playtime":4533,"items_purged":["Doubt","Strike_B","Writhe"],"score":944,"play_id":"83407ff8-523d-458b-9b44-7e5bc44e441e","local_time":"20190305213630","is_ascension_mode":true,"campfire_choices":[{"data":"Zap","floor":6.0,"key":"SMITH"},{"data":"Darkness","floor":11.0,"key":"SMITH"},{"floor":15.0,"key":"REST"},{"data":"Machine Learning","floor":24.0,"key":"SMITH"},{"floor":28.0,"key":"REST"},{"data":"Darkness","floor":30.0,"key":"SMITH"},{"floor":32.0,"key":"REST"},{"data":"Defragment","floor":40.0,"key":"SMITH"},{"floor":46.0,"key":"REST"},{"floor":49,"key":"REST"}],"neow_cost":"NO_GOLD","seed_source_timestamp":169335441427932,"circlet_count":0,"master_deck":["Strike_B","Defend_B","Defend_B","Defend_B","Defend_B","Zap+1","Dualcast","Darkness+1","Genetic Algorithm","Compile Driver","Conserve Battery","Conserve Battery","Darkness+1","Compile Driver","Scrape+1","Go for the Eyes+1","Machine Learning+1","Cold Snap","Darkness+1","Creative AI","Beam Cell","Defragment+1","Leap+1","Lockon","Redo+1","Recycle+1","Static Discharge"],"special_seed":0,"relics":["Cracked Core","Ginger","Sundial","Blood Vial","Potion Belt","Busted Crown","Mummified Hand","Toxic Egg 2","White Beast Statue","Regal Pillow","SsserpentHead","Pantograph","Whetstone","Vajra"],"potions_floor_usage":[47,47,47,47,50,50],"damage_taken":[{"damage":1.0,"enemies":"Jaw Worm","floor":1.0,"turns":3.0},{"damage":0.0,"enemies":"Small Slimes","floor":4.0,"turns":5.0},{"damage":0.0,"enemies":"Cultist","floor":5.0,"turns":4.0},{"damage":19.0,"enemies":"3 Sentries","floor":8.0,"turns":7.0},{"damage":0.0,"enemies":"Red Slaver","floor":10.0,"turns":3.0},{"damage":10.0,"enemies":"Gremlin Nob","floor":12.0,"turns":3.0},{"damage":8.0,"enemies":"Large Slime","floor":13.0,"turns":4.0},{"damage":10.0,"enemies":"3 Sentries","floor":14.0,"turns":7.0},{"damage":34.0,"enemies":"The Guardian","floor":16.0,"turns":8.0},{"damage":12.0,"enemies":"Shell Parasite","floor":18.0,"turns":4.0},{"damage":0.0,"enemies":"Chosen","floor":20.0,"turns":4.0},{"damage":5.0,"enemies":"Centurion and Healer","floor":21.0,"turns":5.0},{"damage":1.0,"enemies":"Chosen and Byrds","floor":22.0,"turns":7.0},{"damage":7.0,"enemies":"Shelled Parasite and Fungi","floor":23.0,"turns":4.0},{"damage":0.0,"enemies":"3 Cultists","floor":25.0,"turns":4.0},{"damage":21.0,"enemies":"Book of Stabbing","floor":29.0,"turns":5.0},{"damage":2.0,"enemies":"Centurion and Healer","floor":31.0,"turns":4.0},{"damage":37.0,"enemies":"Automaton","floor":33.0,"turns":8.0},{"damage":4.0,"enemies":"Orb Walker","floor":35.0,"turns":3.0},{"damage":20.0,"enemies":"3 Shapes","floor":38.0,"turns":6.0},{"damage":7.0,"enemies":"3 Darklings","floor":39.0,"turns":5.0},{"damage":21.0,"enemies":"Nemesis","floor":41.0,"turns":7.0},{"damage":30.0,"enemies":"4 Shapes","floor":42.0,"turns":5.0},{"damage":8.0,"enemies":"Writhing Mass","floor":45.0,"turns":5.0},{"damage":55,"enemies":"Reptomancer","floor":47,"turns":8},{"damage":54,"enemies":"Time Eater","floor":50,"turns":8}],"seed_played":"-1381106217129725395","potions_obtained":[{"floor":4.0,"key":"Dexterity Potion"},{"floor":10.0,"key":"Explosive Potion"},{"floor":12.0,"key":"Poison Potion"},{"floor":16.0,"key":"SteroidPotion"},{"floor":18.0,"key":"EntropicBrew"},{"floor":20.0,"key":"Poison Potion"},{"floor":22.0,"key":"LiquidBronze"},{"floor":27.0,"key":"Regen Potion"},{"floor":27.0,"key":"FairyPotion"},{"floor":35.0,"key":"Regen Potion"},{"floor":38.0,"key":"AttackPotion"},{"floor":39.0,"key":"SteroidPotion"},{"floor":41.0,"key":"SpeedPotion"},{"floor":42.0,"key":"FocusPotion"},{"floor":45.0,"key":"Poison Potion"},{"floor":47,"key":"LiquidBronze"}],"is_trial":false,"path_per_floor":["M","?","?","M","M","R","$","E","T","M","R","E","M","E","R","B",null,"M","?","M","M","M","M","R","M","T","?","R","E","R","M","R","B",null,"M","$","?","M","M","R","E","M","T","?","M","R","E","$","R","B",null],"character_chosen":"DEFECT","items_purchased":["Defragment","Regal Pillow","Leap+1","Static Discharge","EssenceOfSteel","Weak Potion","SteroidPotion"],"campfire_rested":5,"item_purchase_floors":[36,36,36,48,48,48,48],"current_hp_per_floor":[67,67,75,75,75,75,75,56,56,56,56,46,40,32,54,22,62,52,38,40,37,38,33,33,35,35,35,59,54,54,54,78,43,71,69,69,69,66,61,61,42,14,14,34,28,67,14,14,53,26],"gold":121,"neow_bonus":"TRANSFORM_TWO_CARDS","is_prod":false,"is_daily":false,"chose_seed":false,"campfire_upgraded":5,"win_rate":0,"timestamp":1551850590,"path_taken":["M","?","?","M","?","R","?","E","T","M","R","E","?","E","R","BOSS","M","?","M","M","M","M","R","M","T","?","R","E","R","M","R","BOSS","M","$","?","?","M","R","E","M","T","?","M","R","E","$","R","BOSS"],"build_version":"2019-01-23","purchased_purges":3,"victory":true,"max_hp_per_floor":[75,75,75,75,75,75,75,75,75,75,75,75,75,75,75,75,75,75,80,80,80,80,80,80,80,80,80,80,80,80,80,80,80,80,80,80,80,80,80,80,80,80,80,80,80,80,80,80,80,80],"card_choices":[{"not_picked":["Stack","Redo"],"picked":"Compile Driver","floor":1.0},{"not_picked":["Stack","Beam Cell"],"picked":"Conserve Battery","floor":4.0},{"not_picked":["Tempest","Steam"],"picked":"Conserve Battery","floor":5.0},{"not_picked":["Gash","Heatsinks"],"picked":"Darkness","floor":8.0},{"not_picked":["Rebound","Stack"],"picked":"Compile Driver","floor":10.0},{"not_picked":["Meteor Strike","Streamline"],"picked":"Scrape","floor":12.0},{"not_picked":["Rip and Tear","Genetic Algorithm"],"picked":"Go for the Eyes","floor":13.0},{"not_picked":["Barrage","Force Field","Tempest"],"picked":"SKIP","floor":14.0},{"not_picked":["All For One","Buffer"],"picked":"Machine Learning","floor":16.0},{"not_picked":["Hologram"],"picked":"SKIP","floor":18.0},{"not_picked":[],"picked":"Cold Snap","floor":20.0},{"not_picked":["Gash+1"],"picked":"SKIP","floor":21.0},{"not_picked":["Hologram"],"picked":"SKIP","floor":22.0},{"not_picked":["Barrage"],"picked":"SKIP","floor":23.0},{"not_picked":["Hologram"],"picked":"SKIP","floor":25.0},{"not_picked":[],"picked":"Darkness","floor":29.0},{"not_picked":["Blizzard"],"picked":"SKIP","floor":31.0},{"not_picked":[],"picked":"Creative AI","floor":33.0},{"not_picked":[],"picked":"Beam Cell","floor":35.0},{"not_picked":[],"picked":"Lockon","floor":38.0},{"not_picked":[],"picked":"Redo+1","floor":39.0},{"not_picked":["Sweeping Beam+1"],"picked":"SKIP","floor":41.0},{"not_picked":["Streamline"],"picked":"SKIP","floor":42.0},{"not_picked":["Ball Lightning+1"],"picked":"SKIP","floor":45.0},{"not_picked":[],"picked":"Recycle+1","floor":47}],"player_experience":406608,"relics_obtained":[{"floor":8.0,"key":"Ginger"},{"floor":9.0,"key":"Sundial"},{"floor":12.0,"key":"Blood Vial"},{"floor":14.0,"key":"Potion Belt"},{"floor":26.0,"key":"Mummified Hand"},{"floor":29.0,"key":"Toxic Egg 2"},{"floor":41.0,"key":"Pantograph"},{"floor":43.0,"key":"Whetstone"},{"floor":47,"key":"Vajra"}],"event_choices":[{"damage_healed":0.0,"max_hp_gain":0.0,"max_hp_loss":0.0,"gold_gain":175.0,"event_name":"Liars Game","player_choice":"AGREE","floor":2.0,"gold_loss":0.0,"damage_taken":0.0,"cards_obtained":["Doubt"]},{"damage_healed":8.0,"max_hp_gain":0.0,"max_hp_loss":0.0,"gold_gain":0.0,"event_name":"Wheel of Change","player_choice":"Full Heal","floor":3.0,"gold_loss":0.0,"damage_taken":0.0},{"damage_healed":0.0,"max_hp_gain":5.0,"max_hp_loss":0.0,"gold_gain":0.0,"event_name":"Forgotten Altar","player_choice":"Shed Blood","floor":19.0,"gold_loss":0.0,"damage_taken":19.0},{"damage_healed":0.0,"max_hp_gain":0.0,"max_hp_loss":0.0,"gold_gain":0.0,"event_name":"Lab","player_choice":"Got Potions","floor":27.0,"gold_loss":0.0,"damage_taken":0.0},{"damage_healed":0.0,"max_hp_gain":0.0,"max_hp_loss":0.0,"gold_gain":0.0,"event_name":"FaceTrader","player_choice":"Trade","floor":37.0,"gold_loss":0.0,"damage_taken":0.0,"relics_obtained":["SsserpentHead"]},{"damage_healed":20.0,"max_hp_gain":0.0,"max_hp_loss":0.0,"gold_gain":0.0,"event_name":"Winding Halls","player_choice":"Writhe","floor":44.0,"gold_loss":0.0,"damage_taken":0.0,"cards_obtained":["Writhe"]}],"is_beta":false,"boss_relics":[{"not_picked":["Runic Dome","Eternal Feather"],"picked":"Busted Crown"},{"not_picked":["Lizard Tail","Orrery"],"picked":"White Beast Statue"}],"items_purged_floors":[7,36,48],"is_endless":false,"potions_floor_spawned":[4,10,12,16,18,20,22,35,38,39,41,42,45,47],"ascension_level":7}