{"gold_per_floor":[109,125,125,138,13,13,13,13,13,23,98,110,110,123,123,123],"floor_reached":16,"playtime":1117,"items_purged":["Doubt"],"score":92,"play_id":"a0341919-0e80-4e8a-9950-675183df8085","local_time":"20190317005532","is_ascension_mode":false,"campfire_choices":[{"data":"Anger","floor":6,"key":"SMITH"},{"data":"Searing Blow","floor":13,"key":"SMITH"},{"data":"Searing Blow+1","floor":15,"key":"SMITH"}],"neow_cost":"CURSE","seed_source_timestamp":12151445675703,"circlet_count":0,"master_deck":["Strike_R","Strike_R","Strike_R","Strike_R","Defend_R","Defend_R","Defend_R","Defend_R","Inflame","Searing Blow+2","Anger+1","Headbutt","Regret","Warcry","Armaments+1","Power Through","Twin Strike","Disarm"],"relics":["Burning Blood","Lantern","Pen Nib"],"potions_floor_usage":[],"damage_taken":[{"damage":0,"enemies":"2 Louse","floor":1,"turns":5},{"damage":10,"enemies":"Jaw Worm","floor":2,"turns":4},{"damage":2,"enemies":"Small Slimes","floor":4,"turns":3},{"damage":8,"enemies":"Blue Slaver","floor":10,"turns":3},{"damage":4,"enemies":"Exordium Thugs","floor":12,"turns":3},{"damage":3,"enemies":"2 Fungi Beasts","floor":14,"turns":4},{"damage":77,"enemies":"Hexaghost","floor":16,"turns":10}],"seed_played":"-6082376320548316493","potions_obtained":[{"floor":1,"key":"Poison Potion"}],"is_trial":false,"path_per_floor":["M","M","?","M","$","R","?","$","T","M","?","M","R","M","R","B"],"character_chosen":"IRONCLAD","items_purchased":["Armaments"],"campfire_rested":0,"item_purchase_floors":[5],"current_hp_per_floor":[80,76,76,80,80,80,80,80,80,78,67,69,69,72,72,0],"gold":123,"neow_bonus":"TRANSFORM_TWO_CARDS","is_prod":false,"is_daily":false,"chose_seed":false,"campfire_upgraded":3,"win_rate":0.0,"timestamp":1552794932,"path_taken":["M","M","?","M","$","R","?","$","T","M","?","M","R","M","R","BOSS"],"build_version":"2019-01-23","purchased_purges":1,"victory":false,"max_hp_per_floor":[80,80,80,80,80,80,80,80,80,80,80,80,80,80,80,80],"card_choices":[{"not_picked":["Infernal Blade","Rampage"],"picked":"Anger","floor":1},{"not_picked":["Clothesline","Armaments"],"picked":"Headbutt","floor":2},{"not_picked":["Seeing Red","Searing Blow"],"picked":"Warcry","floor":4},{"not_picked":["Cleave","Clothesline"],"picked":"Power Through","floor":10},{"not_picked":["True Grit","Carnage"],"picked":"Twin Strike","floor":12},{"not_picked":["Headbutt","Sever Soul"],"picked":"Disarm","floor":14}],"player_experience":2183,"relics_obtained":[{"floor":9,"key":"Pen Nib"}],"event_choices":[{"damage_healed":0,"gold_gain":0,"player_choice":"Box","damage_taken":0,"relics_obtained":["Lantern"],"max_hp_gain":0,"max_hp_loss":0,"event_name":"Big Fish","floor":3,"gold_loss":0,"cards_obtained":["Regret"]},{"damage_healed":0,"gold_gain":0,"player_choice":"Grow","damage_taken":0,"max_hp_gain":0,"max_hp_loss":0,"event_name":"Living Wall","floor":7,"gold_loss":0,"cards_upgraded":["Armaments"]},{"damage_healed":0,"gold_gain":75,"player_choice":"Gather Gold","damage_taken":11,"max_hp_gain":0,"max_hp_loss":0,"event_name":"World of Goop","floor":11,"gold_loss":0}],"is_beta":false,"boss_relics":[],"items_purged_floors":[5],"is_endless":false,"potions_floor_spawned":[1],"killed_by":"Hexaghost","ascension_level":0}