{"gold_per_floor":[112,126,146,146,159,184,184,197,250,281,50,75,85,68,68,68],"floor_reached":16,"playtime":1280,"items_purged":[],"score":136,"play_id":"463551d7-b25f-45d1-a099-d4b6ad3482c4","local_time":"20190315132656","is_ascension_mode":true,"campfire_choices":[{"floor":7,"key":"REST"},{"data":"Neutralize","floor":15,"key":"SMITH"}],"neow_cost":"NONE","seed_source_timestamp":163732223166379,"circlet_count":0,"master_deck":["Defend_G","Defend_G","Defend_G","Defend_G","Strike_G","Strike_G","Strike_G","Strike_G","Strike_G","Survivor+1","Neutralize+1","Backflip","Flying Knee","Cloak And Dagger","Calculated Gamble","Infinite Blades","Reflex","Blade Dance"],"relics":["Ring of the Snake","StoneCalendar","Boot","Letter Opener","Oddly Smooth Stone","Omamori"],"potions_floor_usage":[5,6,6,14],"damage_taken":[{"damage":0,"enemies":"2 Louse","floor":1,"turns":4},{"damage":0,"enemies":"Jaw Worm","floor":2,"turns":7},{"damage":2,"enemies":"Cultist","floor":3,"turns":4},{"damage":4,"enemies":"Exordium Thugs","floor":5,"turns":6},{"damage":37,"enemies":"Lagavulin","floor":6,"turns":9},{"damage":0,"enemies":"3 Louse","floor":8,"turns":6},{"damage":6,"enemies":"3 Sentries","floor":10,"turns":7},{"damage":15,"enemies":"Gremlin Nob","floor":12,"turns":5},{"damage":0,"enemies":"Large Slime","floor":13,"turns":4},{"damage":0,"enemies":"Exordium Thugs","floor":14,"turns":4},{"damage":41,"enemies":"The Guardian","floor":16,"turns":13}],"seed_played":"2742896731719888021","potions_obtained":[{"floor":1,"key":"Fire Potion"},{"floor":2,"key":"SpeedPotion"},{"floor":3,"key":"SpeedPotion"},{"floor":8,"key":"FairyPotion"},{"floor":10,"key":"Swift Potion"}],"is_trial":false,"path_per_floor":["M","M","M","?","M","E","R","M","T","E","$","E","M","M","R","B"],"character_chosen":"THE_SILENT","items_purchased":["Oddly Smooth Stone","Infinite Blades"],"campfire_rested":1,"item_purchase_floors":[11,11],"current_hp_per_floor":[70,70,68,61,57,20,41,41,41,35,35,20,20,20,20,0],"gold":68,"neow_bonus":"UPGRADE_CARD","is_prod":false,"is_daily":false,"chose_seed":false,"campfire_upgraded":1,"win_rate":0,"timestamp":1552670816,"path_taken":["M","M","M","?","M","E","R","M","T","E","$","E","M","M","R","BOSS"],"build_version":"2019-01-23","purchased_purges":0,"victory":false,"max_hp_per_floor":[70,70,70,70,70,70,70,70,70,70,70,70,70,70,70,70],"card_choices":[{"not_picked":["Flechettes","Deflect"],"picked":"Backflip","floor":1},{"not_picked":["Bane","Sucker Punch","Dodge and Roll"],"picked":"SKIP","floor":2},{"not_picked":["Die Die Die","PiercingWail"],"picked":"Flying Knee","floor":3},{"not_picked":["Sucker Punch","Bane","Outmaneuver"],"picked":"SKIP","floor":5},{"not_picked":["Masterful Stab","Slice"],"picked":"Cloak And Dagger","floor":6},{"not_picked":["Setup","Outmaneuver"],"picked":"Calculated Gamble","floor":8},{"not_picked":["Skewer","Leg Sweep","Predator"],"picked":"SKIP","floor":10},{"not_picked":["Bane","Underhanded Strike"],"picked":"Reflex","floor":12},{"not_picked":["Envenom","PiercingWail"],"picked":"Blade Dance","floor":13},{"not_picked":["Dodge and Roll","All Out Attack","Backflip"],"picked":"SKIP","floor":14}],"player_experience":188857,"relics_obtained":[{"floor":6,"key":"StoneCalendar"},{"floor":9,"key":"Boot"},{"floor":10,"key":"Letter Opener"},{"floor":12,"key":"Omamori"}],"event_choices":[{"cards_removed":["Defend_G"],"damage_healed":0,"gold_gain":0,"player_choice":"Card Removal","damage_taken":7,"max_hp_gain":0,"max_hp_loss":0,"event_name":"Golden Wing","floor":4,"gold_loss":0}],"is_beta":false,"boss_relics":[],"items_purged_floors":[],"is_endless":false,"potions_floor_spawned":[1,2,3,8,10],"killed_by":"The Guardian","ascension_level":2}