{"gold_per_floor":[110,110,110,128,145,145,40,65,65,15,115,115,126,144,144,240,240,252,270,282,302,315,315,342,342,394,394,53,81,81,101,101,196,196,209,223,223,45,65,65,65,65,140,140,151,111,130,230,230,230],"floor_reached":50,"playtime":2022,"items_purged":["Strike_B","Strike_B"],"score":532,"play_id":"17f21422-13ff-4942-985e-8612c8e1b56b","local_time":"20190316012834","is_ascension_mode":false,"campfire_choices":[{"data":"Zap","floor":6,"key":"SMITH"},{"data":"Defragment","floor":12,"key":"SMITH"},{"data":"Tempest","floor":15,"key":"SMITH"},{"floor":23,"key":"REST"},{"data":"Go for the Eyes","floor":25,"key":"SMITH"},{"floor":27,"key":"RECALL"},{"data":"Self Repair","floor":30,"key":"SMITH"},{"data":"Defragment","floor":32,"key":"SMITH"},{"data":"Loop","floor":40,"key":"SMITH"},{"data":"Coolheaded","floor":44,"key":"SMITH"},{"data":"Dualcast","floor":49,"key":"SMITH"}],"neow_cost":"NONE","seed_source_timestamp":221257378486597,"circlet_count":0,"master_deck":["Strike_B","Defend_B","Defend_B","Defend_B","Defend_B","Zap+1","Dualcast+1","Tempest+1","Compile Driver","Doom and Gloom","Coolheaded+1","Glacier","Defragment+1","Ball Lightning","Conserve Battery","Echo Form","BootSequence+1","Go for the Eyes+1","Undo","Compile Driver","Capacitor+1","Defragment+1","Self Repair+1","Biased Cognition","Loop+1","Glacier","Parasite","Defragment+1"],"relics":["Cracked Core","Letter Opener","Philosopher\u0027s Stone","Pen Nib","Bronze Scales","DataDisk","Dream Catcher","Coffee Dripper","Blue Candle","Nunchaku"],"potions_floor_usage":[13,22,24,29],"damage_taken":[{"damage":0,"enemies":"Cultist","floor":1,"turns":3},{"damage":1,"enemies":"Jaw Worm","floor":4,"turns":3},{"damage":0,"enemies":"Small Slimes","floor":5,"turns":3},{"damage":26,"enemies":"Gremlin Nob","floor":8,"turns":4},{"damage":0,"enemies":"Gremlin Gang","floor":13,"turns":3},{"damage":3,"enemies":"Lots of Slimes","floor":14,"turns":3},{"damage":17,"enemies":"The Guardian","floor":16,"turns":9},{"damage":12,"enemies":"Chosen","floor":18,"turns":3},{"damage":7,"enemies":"3 Byrds","floor":19,"turns":3},{"damage":0,"enemies":"Centurion and Healer","floor":20,"turns":5},{"damage":4,"enemies":"Snake Plant","floor":21,"turns":3},{"damage":16,"enemies":"Shelled Parasite and Fungi","floor":22,"turns":4},{"damage":2,"enemies":"Gremlin Leader","floor":24,"turns":7},{"damage":1,"enemies":"Slavers","floor":29,"turns":4},{"damage":12,"enemies":"Snecko","floor":31,"turns":4},{"damage":0,"enemies":"Champ","floor":33,"turns":8},{"damage":1,"enemies":"Orb Walker","floor":35,"turns":3},{"damage":0,"enemies":"3 Shapes","floor":36,"turns":4},{"damage":14,"enemies":"3 Darklings","floor":39,"turns":5},{"damage":5,"enemies":"Maw","floor":45,"turns":7},{"damage":25,"enemies":"Writhing Mass","floor":47,"turns":5},{"damage":17,"enemies":"Mind Bloom Boss Battle","floor":48,"turns":6},{"damage":29,"enemies":"Time Eater","floor":50,"turns":3}],"seed_played":"720439470893298197","potions_obtained":[{"floor":4,"key":"Weak Potion"},{"floor":8,"key":"GamblersBrew"},{"floor":16,"key":"LiquidBronze"},{"floor":18,"key":"SkillPotion"},{"floor":24,"key":"FocusPotion"},{"floor":31,"key":"SpeedPotion"},{"floor":36,"key":"SteroidPotion"},{"floor":37,"key":"SmokeBomb"},{"floor":37,"key":"LiquidBronze"}],"is_trial":false,"path_per_floor":["M","?","?","M","M","R","$","E","T","$","?","R","M","M","R","B",null,"M","M","M","M","M","R","E","R","T","R","$","E","R","M","R","B",null,"M","M","?","$","M","R","?","?","T","R","M","$","M","?","R","B"],"character_chosen":"DEFECT","items_purchased":["Glacier","Defragment","Ball Lightning","DataDisk","Recycle","Defragment","Loop","Glacier"],"campfire_rested":1,"item_purchase_floors":[7,7,10,28,28,28,38,46],"current_hp_per_floor":[75,75,68,67,67,67,67,41,41,41,41,41,41,38,38,21,75,63,56,56,52,36,58,56,56,56,56,56,55,55,43,43,53,75,74,75,75,75,71,71,71,71,71,71,71,71,46,29,29,0],"gold":230,"neow_bonus":"THREE_CARDS","is_prod":false,"is_daily":false,"chose_seed":false,"campfire_upgraded":9,"win_rate":0,"timestamp":1552724914,"path_taken":["M","?","?","M","?","R","$","E","T","$","?","R","?","M","R","BOSS","M","M","M","?","M","R","E","R","T","R","$","E","R","M","R","BOSS","M","M","?","$","?","R","?","?","T","R","M","$","M","?","R","BOSS"],"build_version":"2019-01-23","purchased_purges":2,"victory":false,"max_hp_per_floor":[75,75,75,75,75,75,75,75,75,75,75,75,75,75,75,75,75,75,75,75,75,75,75,75,75,75,75,75,75,75,75,75,75,75,75,75,75,75,75,75,71,71,71,71,71,71,71,71,71,71],"card_choices":[{"not_picked":["Fusion","Steam"],"picked":"Tempest","floor":0},{"not_picked":["Sweeping Beam","Rebound"],"picked":"Compile Driver","floor":1},{"not_picked":["Steam","Hyperbeam"],"picked":"Doom and Gloom","floor":4},{"not_picked":["Turbo","Cold Snap"],"picked":"Coolheaded","floor":5},{"not_picked":["Gash","Coolheaded","Skim"],"picked":"SKIP","floor":8},{"not_picked":["Barrage","Redo","Cold Snap"],"picked":"SKIP","floor":13},{"not_picked":["Ball Lightning","Auto Shields"],"picked":"Conserve Battery","floor":14},{"not_picked":["Hyperbeam","Core Surge"],"picked":"Echo Form","floor":16},{"not_picked":["Sunder","Cold Snap"],"picked":"BootSequence+1","floor":18},{"not_picked":["White Noise","Beam Cell"],"picked":"Go for the Eyes","floor":19},{"not_picked":["Scrape","Cold Snap"],"picked":"Undo","floor":20},{"not_picked":["Coolheaded","Meteor Strike"],"picked":"Compile Driver","floor":21},{"not_picked":["Blizzard","White Noise"],"picked":"Capacitor+1","floor":22},{"not_picked":["Blizzard","Chaos","Go for the Eyes"],"picked":"SKIP","floor":24},{"not_picked":["Auto Shields","Undo"],"picked":"Self Repair","floor":29},{"not_picked":["Gash","Reinforced Body","Rip and Tear+1"],"picked":"SKIP","floor":31},{"not_picked":["Meteor Strike","All For One"],"picked":"Biased Cognition","floor":33},{"not_picked":["Fusion+1","Turbo+1","Heatsinks"],"picked":"SKIP","floor":35},{"not_picked":["Streamline+1","Cold Snap+1","Chaos+1"],"picked":"SKIP","floor":36},{"not_picked":["Consume+1","Compile Driver+1","Go for the Eyes+1"],"picked":"SKIP","floor":39},{"not_picked":["Compile Driver+1","Reinforced Body+1","Cold Snap"],"picked":"SKIP","floor":45},{"not_picked":["Fusion","Self Repair+1"],"picked":"Defragment+1","floor":47}],"player_experience":487432,"relics_obtained":[{"floor":8,"key":"Letter Opener"},{"floor":24,"key":"Pen Nib"},{"floor":26,"key":"Bronze Scales"},{"floor":29,"key":"Dream Catcher"},{"floor":43,"key":"Blue Candle"},{"floor":48,"key":"Nunchaku"}],"event_choices":[{"damage_healed":0,"gold_gain":0,"player_choice":"Ignored","damage_taken":0,"max_hp_gain":0,"max_hp_loss":0,"event_name":"Liars Game","floor":2,"gold_loss":0},{"cards_removed":["Strike_B"],"damage_healed":0,"gold_gain":0,"player_choice":"Card Removal","damage_taken":7,"max_hp_gain":0,"max_hp_loss":0,"event_name":"Golden Wing","floor":3,"gold_loss":0},{"damage_healed":0,"gold_gain":100,"player_choice":"Pray","damage_taken":0,"max_hp_gain":0,"max_hp_loss":0,"event_name":"Golden Shrine","floor":11,"gold_loss":0},{"damage_healed":0,"gold_gain":0,"player_choice":"Got Potions","damage_taken":0,"max_hp_gain":0,"max_hp_loss":0,"event_name":"Lab","floor":37,"gold_loss":0},{"damage_healed":0,"gold_gain":0,"player_choice":"Max HP","damage_taken":0,"max_hp_gain":0,"max_hp_loss":4,"event_name":"Winding Halls","floor":41,"gold_loss":0},{"cards_removed":["Recycle"],"damage_healed":0,"gold_gain":0,"player_choice":"Removed Skill","damage_taken":0,"max_hp_gain":0,"max_hp_loss":0,"event_name":"Falling","floor":42,"gold_loss":0},{"damage_healed":0,"gold_gain":0,"player_choice":"Fight","damage_taken":0,"max_hp_gain":0,"max_hp_loss":0,"event_name":"MindBloom","floor":48,"gold_loss":0}],"is_beta":false,"boss_relics":[{"not_picked":["Orrery","Tiny House"],"picked":"Philosopher\u0027s Stone"},{"not_picked":["FrozenCore","Velvet Choker"],"picked":"Coffee Dripper"}],"items_purged_floors":[28,38],"is_endless":false,"potions_floor_spawned":[4,8,16,18,20,21,24,31,36,39,48],"killed_by":"Time Eater","ascension_level":0}