{"gold_per_floor":[116,130,140,65,240,240,269,269,294,314,314,60,79,79,79,182,182,182,182,182,182,122,122,122,122,122,122,122,122,44,44,44,44],"floor_reached":33,"playtime":2181,"items_purged":["Strike_G","Doubt"],"score":367,"play_id":"21fe8733-62ef-4348-bcda-c48c25e97128","local_time":"20190220233104","is_ascension_mode":true,"campfire_choices":[{"data":"Neutralize","floor":6,"key":"SMITH"},{"data":"Deadly Poison","floor":8,"key":"SMITH"},{"floor":11,"key":"REST"},{"floor":15,"key":"REST"},{"floor":23,"key":"REST"},{"data":"Poisoned Stab","floor":25,"key":"SMITH"},{"data":"Survivor","floor":28,"key":"SMITH"},{"floor":32,"key":"REST"}],"neow_cost":"CURSE","seed_source_timestamp":449746604171336,"circlet_count":0,"master_deck":["Defend_G","Defend_G","Defend_G","Defend_G","Defend_G","Strike_G","Strike_G","Strike_G","Strike_G+1","Survivor+1","Neutralize+1","Deadly Poison","Deadly Poison","Deadly Poison+1","Flying Knee","Poisoned Stab+1","Envenom+1","Malaise","Bane+1","Deflect","Crippling Poison+1","Well Laid Plans","Riddle With Holes+1"],"relics":["Ring of the Snake","Snake Skull","Lantern","Membership Card","Ectoplasm","Red Mask","Bag of Marbles","Mango","The Specimen","Ornamental Fan","Bronze Scales"],"potions_floor_usage":[7,24,27],"damage_taken":[{"damage":1,"enemies":"Jaw Worm","floor":1,"turns":6},{"damage":7,"enemies":"2 Louse","floor":2,"turns":4},{"damage":10,"enemies":"Cultist","floor":3,"turns":4},{"damage":24,"enemies":"Lagavulin","floor":7,"turns":6},{"damage":25,"enemies":"Lots of Slimes","floor":10,"turns":4},{"damage":6,"enemies":"3 Louse","floor":13,"turns":3},{"damage":35,"enemies":"Slime Boss","floor":16,"turns":11},{"damage":5,"enemies":"Shell Parasite","floor":18,"turns":4},{"damage":35,"enemies":"Masked Bandits","floor":19,"turns":5},{"damage":11,"enemies":"2 Thieves","floor":22,"turns":5},{"damage":26,"enemies":"Slavers","floor":24,"turns":6},{"damage":0,"enemies":"3 Cultists","floor":27,"turns":3},{"damage":10,"enemies":"Snecko","floor":31,"turns":3},{"damage":59,"enemies":"Automaton","floor":33,"turns":6}],"seed_played":"-8379378318101739400","potions_obtained":[{"floor":1,"key":"Poison Potion"},{"floor":3,"key":"Energy Potion"},{"floor":19,"key":"Energy Potion"},{"floor":27,"key":"FearPotion"}],"is_trial":false,"path_per_floor":["M","M","M","$","?","R","E","R","T","M","R","$","M","?","R","B",null,"M","?","?","T","M","R","E","R","T","M","R","?","$","M","R","B"],"character_chosen":"THE_SILENT","items_purchased":["Membership Card","Bronze Scales"],"campfire_rested":4,"item_purchase_floors":[12,30],"current_hp_per_floor":[76,69,59,59,59,59,35,35,35,10,35,35,29,12,37,2,64,59,24,24,38,27,56,30,30,30,30,30,30,30,20,49,0],"gold":44,"neow_bonus":"TWENTY_PERCENT_HP_BONUS","is_prod":false,"is_daily":false,"chose_seed":false,"campfire_upgraded":4,"win_rate":0,"timestamp":1550734264,"path_taken":["M","M","M","$","?","R","E","R","T","M","R","$","M","?","R","BOSS","M","?","?","?","M","R","E","R","T","?","R","?","?","M","R","BOSS"],"build_version":"2019-01-23","purchased_purges":2,"victory":false,"max_hp_per_floor":[84,84,84,84,84,84,84,84,84,84,84,84,84,84,84,84,84,84,84,84,98,98,98,98,98,98,98,98,98,98,98,98,98],"card_choices":[{"not_picked":["Backflip","Expertise"],"picked":"Deadly Poison","floor":1},{"not_picked":["Dagger Throw","Backflip"],"picked":"Deadly Poison","floor":2},{"not_picked":["Choke","Dodge and Roll"],"picked":"Deadly Poison","floor":3},{"not_picked":["Deflect","Blade Dance"],"picked":"Flying Knee","floor":7},{"not_picked":["Dagger Spray","Dagger Throw"],"picked":"Poisoned Stab","floor":10},{"not_picked":["Skewer","Riddle With Holes"],"picked":"Envenom","floor":13},{"not_picked":["Wraith Form v2","Doppelganger"],"picked":"Malaise","floor":16},{"not_picked":["Slice","Caltrops"],"picked":"Bane+1","floor":18},{"not_picked":["Quick Slash","Dagger Throw"],"picked":"Deflect","floor":19},{"not_picked":["Quick Slash+1","Prepared+1"],"picked":"Crippling Poison+1","floor":22},{"not_picked":["Blur","Outmaneuver+1"],"picked":"Well Laid Plans","floor":24},{"not_picked":["Well Laid Plans+1","Dash"],"picked":"Riddle With Holes+1","floor":27},{"not_picked":["Deflect","Eviscerate","Expertise"],"picked":"SKIP","floor":31}],"player_experience":304707,"relics_obtained":[{"floor":7,"key":"Snake Skull"},{"floor":9,"key":"Lantern"},{"floor":19,"key":"Red Mask"},{"floor":21,"key":"Mango"},{"floor":24,"key":"The Specimen"},{"floor":26,"key":"Ornamental Fan"}],"event_choices":[{"damage_healed":0,"gold_gain":175,"player_choice":"AGREE","damage_taken":0,"max_hp_gain":0,"max_hp_loss":0,"event_name":"Liars Game","floor":5,"gold_loss":0,"cards_obtained":["Doubt"]},{"damage_healed":0,"gold_gain":0,"player_choice":"Entered Light","damage_taken":17,"max_hp_gain":0,"max_hp_loss":0,"event_name":"Shining Light","floor":14,"gold_loss":0,"cards_upgraded":["Strike_G","Envenom"]},{"damage_healed":0,"gold_gain":0,"player_choice":"Fought Bandits","damage_taken":0,"max_hp_gain":0,"max_hp_loss":0,"event_name":"Masked Bandits","floor":19,"gold_loss":0},{"damage_healed":0,"gold_gain":0,"player_choice":"Opened","damage_taken":0,"relics_obtained":["Bag of Marbles"],"max_hp_gain":0,"max_hp_loss":0,"event_name":"The Mausoleum","floor":20,"gold_loss":0},{"cards_removed":["Clumsy"],"damage_healed":0,"gold_gain":0,"player_choice":"Removed Curses","damage_taken":0,"max_hp_gain":0,"max_hp_loss":0,"event_name":"Fountain of Cleansing","floor":29,"gold_loss":0}],"is_beta":false,"boss_relics":[{"not_picked":["Astrolabe","WristBlade"],"picked":"Ectoplasm"}],"items_purged_floors":[4,12],"is_endless":false,"potions_floor_spawned":[1,3,19,27],"killed_by":"Automaton","ascension_level":6}