{"gold_per_floor":[115,290,301,301,301,334,434,452,452,464,475,487,487,515,515,515],"floor_reached":16,"playtime":617,"items_purged":[],"score":157,"play_id":"a9efe4b9-e82c-40ea-b303-348139a0702b","local_time":"20190311210512","is_ascension_mode":true,"campfire_choices":[{"floor":13,"key":"REST"},{"data":"Bouncing Flask","floor":15,"key":"SMITH"}],"neow_cost":"NONE","seed_source_timestamp":867468737488400,"circlet_count":0,"master_deck":["Defend_G","Defend_G","Defend_G","Defend_G","Defend_G","Strike_G","Strike_G","Strike_G","Strike_G","Strike_G","Survivor","Neutralize","Cloak And Dagger","Doubt","Bouncing Flask+1","Bane","PiercingWail","Bane","Dash"],"relics":["Ring of the Snake","PreservedInsect","The Courier","Art of War","Bottled Flame","Letter Opener"],"potions_floor_usage":[11,12,16,16,16],"damage_taken":[{"damage":4,"enemies":"Jaw Worm","floor":1,"turns":5},{"damage":0,"enemies":"2 Louse","floor":3,"turns":3},{"damage":16,"enemies":"Lagavulin","floor":6,"turns":5},{"damage":7,"enemies":"Small Slimes","floor":8,"turns":4},{"damage":5,"enemies":"2 Fungi Beasts","floor":10,"turns":4},{"damage":3,"enemies":"Exordium Wildlife","floor":11,"turns":7},{"damage":9,"enemies":"3 Louse","floor":12,"turns":3},{"damage":11,"enemies":"Gremlin Nob","floor":14,"turns":4},{"damage":41,"enemies":"Slime Boss","floor":16,"turns":10}],"seed_played":"6944444638230914732","potions_obtained":[{"floor":3,"key":"AttackPotion"},{"floor":10,"key":"GhostInAJar"},{"floor":11,"key":"SkillPotion"},{"floor":12,"key":"FearPotion"},{"floor":14,"key":"SkillPotion"}],"is_trial":false,"path_per_floor":["M","?","M","?","?","E","?","M","T","M","M","M","R","E","R","B"],"character_chosen":"THE_SILENT","items_purchased":[],"campfire_rested":1,"item_purchase_floors":[],"current_hp_per_floor":[59,59,59,64,61,45,45,38,38,33,30,21,43,32,32,0],"gold":515,"neow_bonus":"RANDOM_COMMON_RELIC","is_prod":false,"is_daily":false,"chose_seed":false,"campfire_upgraded":1,"win_rate":0,"timestamp":1552363512,"path_taken":["M","?","M","?","?","E","?","M","T","M","?","M","R","E","R","BOSS"],"build_version":"2019-01-23","purchased_purges":0,"victory":false,"max_hp_per_floor":[70,70,70,75,75,75,75,75,75,75,75,75,75,75,75,75],"card_choices":[{"not_picked":["Setup","Poisoned Stab"],"picked":"Cloak And Dagger","floor":1},{"not_picked":["Backflip","Deadly Poison"],"picked":"Bouncing Flask","floor":3},{"not_picked":["Expertise","Bouncing Flask"],"picked":"Bane","floor":6},{"not_picked":["Predator","Noxious Fumes"],"picked":"PiercingWail","floor":8},{"not_picked":["Bane","Deflect","Skewer"],"picked":"SKIP","floor":10},{"not_picked":["Bane","Deflect","Skewer"],"picked":"SKIP","floor":10},{"not_picked":["Bouncing Flask","Distraction","Dagger Spray"],"picked":"SKIP","floor":11},{"not_picked":["Poisoned Stab","Flechettes"],"picked":"Bane","floor":12},{"not_picked":["Infinite Blades","Slice"],"picked":"Dash","floor":14}],"player_experience":1266941,"relics_obtained":[{"floor":6,"key":"Art of War"},{"floor":9,"key":"Bottled Flame"},{"floor":14,"key":"Letter Opener"}],"event_choices":[{"damage_healed":0,"gold_gain":175,"player_choice":"AGREE","damage_taken":0,"max_hp_gain":0,"max_hp_loss":0,"event_name":"Liars Game","floor":2,"gold_loss":0,"cards_obtained":["Doubt"]},{"damage_healed":0,"gold_gain":0,"player_choice":"Donut","damage_taken":0,"max_hp_gain":5,"max_hp_loss":0,"event_name":"Big Fish","floor":4,"gold_loss":0},{"damage_healed":0,"gold_gain":0,"player_choice":"Success","damage_taken":3,"relics_obtained":["The Courier"],"max_hp_gain":0,"max_hp_loss":0,"event_name":"Scrap Ooze","floor":5,"gold_loss":0},{"damage_healed":0,"gold_gain":100,"player_choice":"Pray","damage_taken":0,"max_hp_gain":0,"max_hp_loss":0,"event_name":"Golden Shrine","floor":7,"gold_loss":0}],"is_beta":false,"boss_relics":[],"items_purged_floors":[],"is_endless":false,"potions_floor_spawned":[3,10,11,12,14],"killed_by":"Slime Boss","ascension_level":8}