{"gold_per_floor":[110,60,71,86,100,100,135,149,149,161,178,178,212,140,140,245,245,258,258,270,33,33,52,52,89,114,164,364,383,422,460,460,555,555,594,606,191,222,242,272,272,283,283,303,3,19,0,10,10,10],"floor_reached":50,"playtime":3473,"items_purged":[],"score":564,"play_id":"f48ba1e8-8fc8-4945-a43c-b5db4d0aa243","local_time":"20190319220146","is_ascension_mode":false,"campfire_choices":[{"data":"Thunderclap","floor":6,"key":"SMITH"},{"data":"1","floor":15,"key":"LIFT"},{"floor":24,"key":"REST"},{"floor":32,"key":"REST"},{"data":"2","floor":41,"key":"LIFT"},{"data":"3","floor":49,"key":"LIFT"}],"neow_cost":"NONE","seed_source_timestamp":258581362306902,"circlet_count":0,"master_deck":["Strike_R+1","Strike_R+1","Strike_R+1","Strike_R+1","Strike_R+1","Defend_R+1","Defend_R+1","Defend_R+1","Defend_R+1","Bash+1","Twin Strike","Twin Strike","Wild Strike","Thunderclap+1","Pummel","Heavy Blade+1","Seeing Red","Twin Strike","Wild Strike","Perfected Strike","Demon Form","Iron Wave","Perfected Strike","HandOfGreed","Heavy Blade","Battle Trance+1","Warcry","Shrug It Off","Pummel","Iron Wave","True Grit","Reaper","Anger","Flame Barrier+1","Flame Barrier+1","Shrug It Off+1","Inflame","Shrug It Off+1","Battle Trance+1","Clash","Infernal Blade+1","Cleave+1","Pommel Strike"],"relics":["Burning Blood","Ancient Tea Set","Pocketwatch","Anchor","Bottled Flame","Girya","Eternal Feather","Lantern","Regal Pillow","Busted Crown","Toxic Egg 2","Gremlin Horn","Frozen Egg 2","Shuriken","Red Mask"],"potions_floor_usage":[16,16,18,30,31,33,40,44,44,44,48,50,50],"damage_taken":[{"damage":0,"enemies":"Small Slimes","floor":1,"turns":3},{"damage":6,"enemies":"Cultist","floor":3,"turns":3},{"damage":7,"enemies":"2 Louse","floor":4,"turns":2},{"damage":10,"enemies":"Exordium Thugs","floor":5,"turns":4},{"damage":6,"enemies":"Gremlin Nob","floor":7,"turns":3},{"damage":15,"enemies":"Large Slime","floor":8,"turns":5},{"damage":0,"enemies":"Exordium Wildlife","floor":10,"turns":1},{"damage":0,"enemies":"Lots of Slimes","floor":11,"turns":3},{"damage":31,"enemies":"Lagavulin","floor":13,"turns":4},{"damage":40,"enemies":"The Guardian","floor":16,"turns":8},{"damage":21,"enemies":"2 Thieves","floor":18,"turns":4},{"damage":22,"enemies":"Shell Parasite","floor":20,"turns":4},{"damage":39,"enemies":"Snake Plant","floor":23,"turns":4},{"damage":20,"enemies":"Shelled Parasite and Fungi","floor":25,"turns":3},{"damage":40,"enemies":"Slavers","floor":27,"turns":4},{"damage":0,"enemies":"Chosen and Byrds","floor":29,"turns":4},{"damage":11,"enemies":"Snake Plant","floor":30,"turns":2},{"damage":4,"enemies":"3 Cultists","floor":31,"turns":4},{"damage":57,"enemies":"Automaton","floor":33,"turns":8},{"damage":0,"enemies":"3 Shapes","floor":35,"turns":2},{"damage":17,"enemies":"3 Darklings","floor":36,"turns":4},{"damage":10,"enemies":"Sphere and 2 Shapes","floor":38,"turns":3},{"damage":24,"enemies":"4 Shapes","floor":39,"turns":3},{"damage":35,"enemies":"Giant Head","floor":40,"turns":6},{"damage":0,"enemies":"3 Darklings","floor":42,"turns":2},{"damage":44,"enemies":"Writhing Mass","floor":44,"turns":6},{"damage":0,"enemies":"Jaw Worm Horde","floor":46,"turns":3},{"damage":0,"enemies":"Transient","floor":48,"turns":5},{"damage":64,"enemies":"Awakened One","floor":50,"turns":8}],"seed_played":"4143741496710300572","potions_obtained":[{"floor":3,"key":"GamblersBrew"},{"floor":5,"key":"BloodPotion"},{"floor":7,"key":"FearPotion"},{"floor":16,"key":"PowerPotion"},{"floor":18,"key":"Poison Potion"},{"floor":29,"key":"AttackPotion"},{"floor":30,"key":"Swift Potion"},{"floor":35,"key":"Energy Potion"},{"floor":38,"key":"PowerPotion"},{"floor":42,"key":"AttackPotion"},{"floor":46,"key":"GamblersBrew"},{"floor":48,"key":"BloodPotion"}],"is_trial":false,"path_per_floor":["M","?","M","M","M","R","E","M","T","M","M","?","E","$","R","B",null,"M","$","M","$","?","M","R","M","T","E","?","M","M","M","R","B",null,"M","M","$","M","M","E","R","M","T","M","$","M","?","M","R","B"],"character_chosen":"IRONCLAD","items_purchased":["Wild Strike","Perfected Strike","HandOfGreed","Heavy Blade","Toxic Egg 2","Flame Barrier+1","Shrug It Off+1","Inflame","Shuriken","Block Potion"],"campfire_rested":2,"item_purchase_floors":[14,14,21,21,37,37,37,37,45,45],"current_hp_per_floor":[80,80,80,79,75,75,75,66,66,72,78,62,37,37,37,11,80,65,65,49,49,49,16,55,41,41,7,7,13,8,10,67,16,80,80,69,69,65,47,18,42,48,48,10,10,16,16,22,46,0],"gold":10,"neow_bonus":"RANDOM_COMMON_RELIC","is_prod":false,"is_daily":false,"chose_seed":false,"campfire_upgraded":1,"win_rate":0,"timestamp":1553043706,"path_taken":["M","?","M","M","M","R","E","M","T","?","M","?","E","?","R","BOSS","M","$","M","$","?","M","R","M","T","E","?","M","?","M","R","BOSS","M","M","$","M","M","E","R","M","T","M","$","M","?","M","R","BOSS"],"build_version":"2019-01-23","purchased_purges":0,"victory":false,"max_hp_per_floor":[80,80,80,80,80,80,80,80,80,80,80,80,80,80,80,80,80,80,80,80,80,80,80,80,80,80,80,80,80,80,80,80,80,80,80,80,80,80,80,80,80,80,80,80,80,80,80,80,80,80],"card_choices":[{"not_picked":["Flex","Perfected Strike"],"picked":"Twin Strike","floor":1},{"not_picked":["Sword Boomerang","Burning Pact"],"picked":"Twin Strike","floor":3},{"not_picked":["Intimidate","Dropkick"],"picked":"Wild Strike","floor":4},{"not_picked":["Clash","Flex"],"picked":"Thunderclap","floor":5},{"not_picked":["Body Slam","Offering"],"picked":"Pummel","floor":7},{"not_picked":["Blood for Blood","Feel No Pain"],"picked":"Heavy Blade","floor":8},{"not_picked":["Iron Wave","Anger","Reckless Charge"],"picked":"SKIP","floor":10},{"not_picked":["Anger","Cleave"],"picked":"Seeing Red","floor":11},{"not_picked":["Clash","Bloodletting"],"picked":"Twin Strike","floor":13},{"not_picked":["Offering","Bludgeon"],"picked":"Demon Form","floor":16},{"not_picked":["Havoc","Metallicize+1"],"picked":"Iron Wave","floor":18},{"not_picked":["Reckless Charge+1","Rampage"],"picked":"Perfected Strike","floor":20},{"not_picked":["Dual Wield","True Grit"],"picked":"Battle Trance+1","floor":23},{"not_picked":["Headbutt+1","Cleave"],"picked":"Warcry","floor":25},{"not_picked":["Corruption","Disarm"],"picked":"Shrug It Off","floor":27},{"not_picked":["Ghostly Armor+1","Sword Boomerang"],"picked":"Pummel","floor":29},{"not_picked":["Carnage","Sword Boomerang+1"],"picked":"Iron Wave","floor":30},{"not_picked":["Battle Trance+1","Hemokinesis+1"],"picked":"True Grit","floor":31},{"not_picked":["Juggernaut","Limit Break"],"picked":"Reaper","floor":33},{"not_picked":[],"picked":"Anger","floor":35},{"not_picked":[],"picked":"Flame Barrier+1","floor":36},{"not_picked":[],"picked":"Shrug It Off+1","floor":38},{"not_picked":[],"picked":"Battle Trance+1","floor":39},{"not_picked":[],"picked":"Clash","floor":40},{"not_picked":[],"picked":"Infernal Blade+1","floor":42},{"not_picked":["Body Slam+1"],"picked":"SKIP","floor":44},{"not_picked":[],"picked":"Cleave+1","floor":46},{"not_picked":[],"picked":"Pommel Strike","floor":48}],"player_experience":55049,"relics_obtained":[{"floor":7,"key":"Anchor"},{"floor":9,"key":"Bottled Flame"},{"floor":13,"key":"Girya"},{"floor":26,"key":"Lantern"},{"floor":27,"key":"Regal Pillow"},{"floor":40,"key":"Gremlin Horn"},{"floor":43,"key":"Frozen Egg 2"}],"event_choices":[{"damage_healed":0,"gold_gain":0,"player_choice":"Paid Gold","damage_taken":0,"relics_obtained":["Pocketwatch"],"max_hp_gain":0,"max_hp_loss":0,"event_name":"WeMeetAgain","floor":2,"gold_loss":50},{"damage_healed":0,"gold_gain":0,"player_choice":"Entered Light","damage_taken":16,"max_hp_gain":0,"max_hp_loss":0,"event_name":"Shining Light","floor":12,"gold_loss":0,"cards_upgraded":["Heavy Blade","Bash"]},{"damage_healed":0,"gold_gain":0,"player_choice":"Simplicity","damage_taken":0,"max_hp_gain":0,"max_hp_loss":0,"event_name":"Back to Basics","floor":22,"gold_loss":0,"cards_upgraded":["Strike_R","Strike_R","Strike_R","Strike_R","Strike_R","Defend_R","Defend_R","Defend_R","Defend_R"]},{"damage_healed":0,"gold_gain":250,"player_choice":"Bet on Owner","damage_taken":0,"max_hp_gain":0,"max_hp_loss":0,"event_name":"The Joust","floor":28,"gold_loss":50},{"damage_healed":0,"gold_gain":0,"player_choice":"Paid","damage_taken":0,"relics_obtained":["Red Mask"],"max_hp_gain":0,"max_hp_loss":0,"event_name":"Tomb of Lord Red Mask","floor":47,"gold_loss":19}],"is_beta":false,"boss_relics":[{"not_picked":["Empty Cage","Fusion Hammer"],"picked":"Eternal Feather"},{"not_picked":["Black Star","Black Blood"],"picked":"Busted Crown"}],"items_purged_floors":[],"is_endless":false,"potions_floor_spawned":[3,5,7,8,16,18,29,30,35,38,42,46,48],"killed_by":"Awakened One","ascension_level":0}