{"gold_per_floor":[14,30,30,50,70,103,122,122,145,158,48,82,82,101,101,200,200,210,86,104,104,123,153,164,164,164,179,192,227,502,515,515,611,611,630,645,664,99,99,131,141,151,151,26,26,26,38,57,57,57],"floor_reached":51,"playtime":5685,"items_purged":["Strike_R","Strike_R","Regret"],"score":712,"play_id":"96fd3588-7871-4c0f-b3da-2a171102097f","local_time":"20190319013136","is_ascension_mode":false,"campfire_choices":[{"data":"Uppercut","floor":8,"key":"SMITH"},{"data":"Double Tap","floor":15,"key":"SMITH"},{"data":"Flex","floor":25,"key":"SMITH"},{"data":"Sentinel","floor":32,"key":"SMITH"},{"data":"Dual Wield","floor":49,"key":"SMITH"}],"neow_cost":"NO_GOLD","seed_source_timestamp":182526073221904,"circlet_count":0,"master_deck":["Strike_R+1","Defend_R","Defend_R","Defend_R+1","Bash","Spot Weakness","Reckless Charge","Iron Wave","Uppercut+1","Burning Pact","Shrug It Off","Sentinel+1","Seeing Red","Double Tap+1","Pommel Strike","Limit Break","Flex+1","Shrug It Off","Headbutt","Strike_R","Anger","Battle Trance","True Grit","Thunderclap+1","Offering","Seeing Red+1","Cleave+1","Parasite","Flex","Spot Weakness","Inflame","Headbutt","Headbutt+1","Impervious","Dual Wield+1"],"relics":["Burning Blood","Anchor","Lantern","Bag of Preparation","Runic Pyramid","Blood Vial","Letter Opener","Pear","Coffee Dripper","Brimstone","Happy Flower","Shovel","Bottled Flame"],"potions_floor_usage":[16,16,16,22,23,41,50],"damage_taken":[{"damage":5,"enemies":"Cultist","floor":1,"turns":4},{"damage":0,"enemies":"2 Louse","floor":2,"turns":3},{"damage":0,"enemies":"Jaw Worm","floor":4,"turns":3},{"damage":5,"enemies":"Lots of Slimes","floor":5,"turns":5},{"damage":36,"enemies":"Lagavulin","floor":6,"turns":4},{"damage":4,"enemies":"2 Fungi Beasts","floor":7,"turns":4},{"damage":0,"enemies":"Blue Slaver","floor":10,"turns":3},{"damage":13,"enemies":"Gremlin Nob","floor":12,"turns":4},{"damage":0,"enemies":"Red Slaver","floor":14,"turns":2},{"damage":38,"enemies":"Hexaghost","floor":16,"turns":10},{"damage":30,"enemies":"3 Byrds","floor":18,"turns":5},{"damage":0,"enemies":"Chosen","floor":20,"turns":3},{"damage":0,"enemies":"Snecko","floor":22,"turns":2},{"damage":7,"enemies":"Book of Stabbing","floor":23,"turns":3},{"damage":6,"enemies":"Centurion and Healer","floor":24,"turns":4},{"damage":0,"enemies":"Chosen and Byrds","floor":27,"turns":4},{"damage":5,"enemies":"Snecko","floor":28,"turns":4},{"damage":8,"enemies":"Slavers","floor":29,"turns":3},{"damage":4,"enemies":"Cultist and Chosen","floor":31,"turns":3},{"damage":31,"enemies":"Champ","floor":33,"turns":6},{"damage":8,"enemies":"Orb Walker","floor":35,"turns":3},{"damage":4,"enemies":"3 Darklings","floor":36,"turns":3},{"damage":6,"enemies":"Writhing Mass","floor":37,"turns":3},{"damage":42,"enemies":"Reptomancer","floor":40,"turns":3},{"damage":40,"enemies":"Spire Growth","floor":41,"turns":4},{"damage":10,"enemies":"Transient","floor":42,"turns":5},{"damage":0,"enemies":"3 Darklings","floor":47,"turns":2},{"damage":6,"enemies":"Maw","floor":48,"turns":4},{"damage":30,"enemies":"Time Eater","floor":50,"turns":5}],"seed_played":"-8752800126388592546","potions_obtained":[{"floor":6,"key":"Dexterity Potion"},{"floor":7,"key":"EssenceOfSteel"},{"floor":10,"key":"EntropicBrew"},{"floor":14,"key":"Regen Potion"},{"floor":16,"key":"Strength Potion"},{"floor":20,"key":"SteroidPotion"},{"floor":23,"key":"Explosive Potion"},{"floor":24,"key":"Swift Potion"},{"floor":37,"key":"FearPotion"},{"floor":41,"key":"GamblersBrew"},{"floor":47,"key":"AttackPotion"}],"is_trial":false,"path_per_floor":["M","M","?","M","M","E","M","R","T","M","$","E","?","M","R","B",null,"M","$","M","?","M","E","M","R","T","M","M","E","?","M","R","B",null,"M","M","M","$","$","E","M","M","T","$","?","?","M","M","R","B",null],"character_chosen":"IRONCLAD","items_purchased":["Seeing Red","Shrug It Off","Brimstone","Flex","Spot Weakness","Inflame","Happy Flower"],"campfire_rested":0,"item_purchase_floors":[11,19,38,38,38,38,38],"current_hp_per_floor":[80,80,64,70,71,41,43,43,43,49,49,42,34,40,40,23,80,56,56,62,62,68,67,69,69,69,77,80,88,88,90,90,65,90,88,90,90,90,90,54,22,20,20,20,79,79,79,79,79,55],"gold":57,"neow_bonus":"TRANSFORM_TWO_CARDS","is_prod":false,"is_daily":false,"chose_seed":false,"campfire_upgraded":5,"win_rate":0,"timestamp":1552969896,"path_taken":["M","M","?","M","M","E","M","R","T","M","$","E","?","M","R","BOSS","M","$","M","?","M","E","M","R","T","M","?","E","?","M","R","BOSS","M","M","M","?","$","E","M","M","T","$","?","?","?","M","R","BOSS"],"build_version":"2019-01-23","purchased_purges":3,"victory":true,"max_hp_per_floor":[80,80,80,80,80,80,80,80,80,80,80,80,80,80,80,80,80,80,80,80,80,80,80,80,80,80,80,80,90,90,90,90,90,90,90,90,90,90,90,90,90,90,90,90,79,79,79,79,79,79],"card_choices":[{"not_picked":["Twin Strike","Sword Boomerang"],"picked":"Iron Wave","floor":1},{"not_picked":["Clothesline","Cleave"],"picked":"Uppercut","floor":2},{"not_picked":["Armaments","Thunderclap","Reckless Charge"],"picked":"SKIP","floor":4},{"not_picked":["Anger","Warcry"],"picked":"Burning Pact","floor":5},{"not_picked":["Disarm","Uppercut"],"picked":"Shrug It Off","floor":6},{"not_picked":["Hemokinesis","Clothesline","Dual Wield"],"picked":"SKIP","floor":7},{"not_picked":["Perfected Strike","Carnage"],"picked":"Sentinel","floor":10},{"not_picked":["Twin Strike","Clothesline"],"picked":"Double Tap","floor":12},{"not_picked":["Cleave","Clash"],"picked":"Pommel Strike","floor":14},{"not_picked":["Offering","Immolate"],"picked":"Limit Break","floor":16},{"not_picked":["Intimidate","Shockwave"],"picked":"Flex","floor":18},{"not_picked":["Cleave","Perfected Strike+1"],"picked":"Headbutt","floor":20},{"not_picked":["Burning Pact","Wild Strike+1"],"picked":"Anger","floor":22},{"not_picked":["True Grit","Flame Barrier"],"picked":"Battle Trance","floor":23},{"not_picked":["Havoc","Barricade","Twin Strike"],"picked":"SKIP","floor":24},{"not_picked":["Havoc","Barricade","Twin Strike"],"picked":"SKIP","floor":24},{"not_picked":["Sentinel","Thunderclap"],"picked":"True Grit","floor":27},{"not_picked":["Iron Wave","Carnage","Evolve"],"picked":"SKIP","floor":28},{"not_picked":["Clothesline","Rupture"],"picked":"Thunderclap+1","floor":29},{"not_picked":["Warcry","Twin Strike","Feel No Pain+1"],"picked":"SKIP","floor":31},{"not_picked":["Demon Form","Brutality"],"picked":"Offering","floor":33},{"not_picked":["Bloodletting+1","Heavy Blade"],"picked":"Seeing Red+1","floor":35},{"not_picked":["Thunderclap","Power Through"],"picked":"Cleave+1","floor":36},{"not_picked":["Twin Strike+1","Thunderclap","Warcry+1"],"picked":"SKIP","floor":37},{"not_picked":["Twin Strike","Entrench"],"picked":"Headbutt","floor":40},{"not_picked":["Combust+1","Shockwave+1"],"picked":"Headbutt+1","floor":41},{"not_picked":["Sword Boomerang","Rupture"],"picked":"Impervious","floor":42},{"not_picked":["Clothesline+1","Body Slam","Infernal Blade+1"],"picked":"SKIP","floor":47},{"not_picked":["Intimidate","Cleave"],"picked":"Dual Wield","floor":48}],"player_experience":42818,"relics_obtained":[{"floor":6,"key":"Anchor"},{"floor":9,"key":"Lantern"},{"floor":12,"key":"Bag of Preparation"},{"floor":23,"key":"Blood Vial"},{"floor":26,"key":"Letter Opener"},{"floor":29,"key":"Pear"},{"floor":40,"key":"Shovel"},{"floor":43,"key":"Bottled Flame"}],"event_choices":[{"damage_healed":0,"gold_gain":0,"player_choice":"Entered Light","damage_taken":16,"max_hp_gain":0,"max_hp_loss":0,"event_name":"Shining Light","floor":3,"gold_loss":0,"cards_upgraded":["Defend_R","Strike_R"]},{"damage_healed":0,"gold_gain":0,"player_choice":"Damaged","damage_taken":8,"max_hp_gain":0,"max_hp_loss":0,"event_name":"Wheel of Change","floor":13,"gold_loss":0},{"cards_removed":["Defend_R"],"damage_healed":0,"gold_gain":0,"player_choice":"Took Card","damage_taken":0,"max_hp_gain":0,"max_hp_loss":0,"event_name":"NoteForYourself","floor":21,"gold_loss":0,"cards_obtained":["Strike_R"]},{"damage_healed":0,"gold_gain":275,"player_choice":"Desecrate","damage_taken":0,"max_hp_gain":0,"max_hp_loss":0,"event_name":"Golden Shrine","floor":30,"gold_loss":0,"cards_obtained":["Regret"]},{"damage_healed":79,"gold_gain":0,"player_choice":"Heal","damage_taken":0,"max_hp_gain":0,"max_hp_loss":11,"event_name":"The Moai Head","floor":45,"gold_loss":0},{"damage_healed":0,"gold_gain":0,"player_choice":"Ignored","damage_taken":0,"max_hp_gain":0,"max_hp_loss":0,"event_name":"SecretPortal","floor":46,"gold_loss":0}],"is_beta":false,"boss_relics":[{"not_picked":["Calling Bell","White Beast Statue"],"picked":"Runic Pyramid"},{"not_picked":["Tiny House","Snecko Eye"],"picked":"Coffee Dripper"}],"items_purged_floors":[11,19,44],"is_endless":false,"potions_floor_spawned":[6,7,10,14,16,20,23,24,28,31,37,41,47],"ascension_level":0}