{"gold_per_floor":[112,112,62,74,249,262,287,304,304,304,46,46,65,80,80,182,182,200,213,213,278,16,16],"floor_reached":23,"playtime":2453,"items_purged":[],"score":193,"play_id":"316dc351-b5ad-4d17-8668-8715bede418c","local_time":"20190317174557","is_ascension_mode":false,"campfire_choices":[{"data":"Armaments","floor":10,"key":"SMITH"},{"floor":15,"key":"REST"}],"neow_cost":"TEN_PERCENT_HP_LOSS","seed_source_timestamp":71439258907008,"circlet_count":0,"master_deck":["Strike_R","Strike_R","Strike_R","Strike_R","Strike_R","Defend_R","Defend_R","Defend_R","Armaments+1","Dual Wield","Doubt","Headbutt","Flex","Flex","Shrug It Off","Pommel Strike","Feed","Rip and Tear","Rupture","Barricade","Beam Cell+1","Armaments+1","Warcry","Deflect","Acrobatics","Headbutt","Demon Form","Pommel Strike","Bandage Up"],"relics":["Burning Blood","Meat on the Bone","Thread and Needle","Prayer Wheel","PrismaticShard","Bottled Lightning","Velvet Choker","SsserpentHead"],"potions_floor_usage":[7,8,14,14,16,16,23],"damage_taken":[{"damage":9,"enemies":"Jaw Worm","floor":1,"turns":4},{"damage":7,"enemies":"Small Slimes","floor":4,"turns":4},{"damage":5,"enemies":"2 Louse","floor":6,"turns":3},{"damage":77,"enemies":"Lagavulin","floor":7,"turns":10},{"damage":3,"enemies":"Blue Slaver","floor":8,"turns":6},{"damage":14,"enemies":"Gremlin Gang","floor":13,"turns":7},{"damage":6,"enemies":"Exordium Thugs","floor":14,"turns":4},{"damage":67,"enemies":"Slime Boss","floor":16,"turns":12},{"damage":50,"enemies":"3 Byrds","floor":18,"turns":7},{"damage":28,"enemies":"Spheric Guardian","floor":19,"turns":6},{"damage":23,"enemies":"Snecko","floor":21,"turns":7},{"damage":42,"enemies":"Gremlin Leader","floor":23,"turns":2}],"seed_played":"5280768257190872641","potions_obtained":[{"floor":6,"key":"Regen Potion"},{"floor":7,"key":"EntropicBrew"},{"floor":14,"key":"Poison Potion"},{"floor":19,"key":"Block Potion"}],"is_trial":false,"path_per_floor":["M","?","?","M","?","M","E","M","T","R","$","T","M","M","R","B",null,"M","M","?","M","$","E"],"character_chosen":"IRONCLAD","items_purchased":["PrismaticShard","Shrug It Off","Headbutt","Demon Form","Pommel Strike","Bandage Up"],"campfire_rested":1,"item_purchase_floors":[11,11,22,22,22,22],"current_hp_per_floor":[69,69,69,68,68,69,24,39,39,39,39,39,43,46,68,19,75,46,36,36,31,31,0],"gold":16,"neow_bonus":"REMOVE_TWO","is_prod":false,"is_daily":false,"chose_seed":false,"campfire_upgraded":1,"win_rate":0,"timestamp":1552855557,"path_taken":["M","?","?","M","?","M","E","M","T","R","$","?","?","M","R","BOSS","M","?","?","?","?","E"],"build_version":"2019-01-23","purchased_purges":0,"victory":false,"max_hp_per_floor":[72,72,72,72,72,72,72,72,72,72,72,72,72,75,75,75,75,78,78,78,78,78,78],"card_choices":[{"not_picked":["Iron Wave","True Grit"],"picked":"Armaments","floor":1},{"not_picked":["Heavy Blade","Twin Strike"],"picked":"Dual Wield","floor":4},{"not_picked":["Clothesline","Warcry"],"picked":"Headbutt","floor":6},{"not_picked":["Rage","Heavy Blade"],"picked":"Flex","floor":7},{"not_picked":["Inflame","Rupture"],"picked":"Flex","floor":8},{"not_picked":["Deep Breath","Leg Sweep"],"picked":"Pommel Strike","floor":13},{"not_picked":["Backflip","Hello World"],"picked":"Feed","floor":13},{"not_picked":["Capacitor","Eviscerate"],"picked":"Rip and Tear","floor":14},{"not_picked":["Heatsinks","Compile Driver"],"picked":"Rupture","floor":14},{"not_picked":["Tools of the Trade","Rainbow"],"picked":"Barricade","floor":16},{"not_picked":["Streamline","Fusion"],"picked":"Beam Cell+1","floor":18},{"not_picked":["Distraction+1","Leg Sweep"],"picked":"Armaments+1","floor":18},{"not_picked":["Infernal Blade","True Grit"],"picked":"Warcry","floor":19},{"not_picked":["Gash+1","Endless Agony","Clash"],"picked":"SKIP","floor":19},{"not_picked":["Gash","Pummel"],"picked":"Deflect","floor":21},{"not_picked":["Flex","Flying Knee+1"],"picked":"Acrobatics","floor":21}],"player_experience":19232,"relics_obtained":[{"floor":7,"key":"Thread and Needle"},{"floor":9,"key":"Prayer Wheel"},{"floor":12,"key":"Bottled Lightning"}],"event_choices":[{"damage_healed":0,"gold_gain":0,"player_choice":"Box","damage_taken":0,"relics_obtained":["Meat on the Bone"],"max_hp_gain":0,"max_hp_loss":0,"event_name":"Big Fish","floor":2,"gold_loss":0,"cards_obtained":["Regret"]},{"cards_removed":["Regret"],"damage_healed":0,"gold_gain":0,"player_choice":"Card Removal","damage_taken":0,"max_hp_gain":0,"max_hp_loss":0,"event_name":"The Cleric","floor":3,"gold_loss":50},{"damage_healed":0,"gold_gain":175,"player_choice":"AGREE","damage_taken":0,"max_hp_gain":0,"max_hp_loss":0,"event_name":"Liars Game","floor":5,"gold_loss":0,"cards_obtained":["Doubt"]},{"damage_healed":0,"gold_gain":0,"player_choice":"Trade","damage_taken":0,"relics_obtained":["SsserpentHead"],"max_hp_gain":0,"max_hp_loss":0,"event_name":"FaceTrader","floor":20,"gold_loss":0}],"is_beta":false,"boss_relics":[{"not_picked":["Snecko Eye","Ectoplasm"],"picked":"Velvet Choker"}],"items_purged_floors":[],"is_endless":false,"potions_floor_spawned":[6,7,8,14,19],"killed_by":"Gremlin Leader","ascension_level":0}