{"gold_per_floor":[14,30,30,30,42,42,73,73,73,100,164,176,188,217,229,339,351,383,406,432,457,263,295,295,395,446,446,466,485,519,18,18,115,115,128,140,153,153,167,167,194,194,218,218,13,23,23,36,36,36],"floor_reached":50,"playtime":4141,"items_purged":["Pain"],"score":704,"play_id":"111106f2-7939-4263-838c-6a4c6b204999","local_time":"20190302140558","is_ascension_mode":true,"campfire_choices":[{"data":"Defragment","floor":6.0,"key":"SMITH"},{"data":"Zap","floor":8.0,"key":"SMITH"},{"data":"Darkness","floor":12.0,"key":"SMITH"},{"data":"Hologram","floor":15.0,"key":"SMITH"},{"data":"Go for the Eyes","floor":24.0,"key":"SMITH"},{"floor":27.0,"key":"REST"},{"data":"Beam Cell","floor":32.0,"key":"SMITH"},{"floor":40,"key":"REST"},{"data":"Streamline","floor":44,"key":"SMITH"},{"data":"Hologram","floor":47,"key":"SMITH"},{"data":"Rainbow","floor":49,"key":"SMITH"}],"neow_cost":"NO_GOLD","seed_source_timestamp":1882090722962,"circlet_count":0,"master_deck":["Strike_B+1","Strike_B+1","Strike_B","Defend_B","Defend_B","Defend_B+1","Defend_B","Zap+1","Dualcast","Beam Cell+1","Chill","Defragment+1","Core Surge","Darkness+1","Hologram+1","All For One","Conserve Battery+1","Compile Driver+1","Beam Cell","Go for the Eyes+1","Streamline+1","Genetic Algorithm","Echo Form+1","Hologram+1","Static Discharge+1","Rainbow+1","Auto Shields","Doom and Gloom+1","Purity","Leap+1","Rebound+1","Reprogram+1","Conserve Battery+1"],"special_seed":0,"relics":["Cracked Core","WarpedTongs","Symbiotic Virus","Whetstone","MawBank","Lantern","Nuclear Battery","Frozen Egg 2","Bronze Scales","Vajra","Torii","Lee\u0027s Waffle","Black Star","Potion Belt","Dream Catcher","War Paint","Strawberry"],"potions_floor_usage":[41,50,50,50],"damage_taken":[{"damage":2.0,"enemies":"Jaw Worm","floor":1.0,"turns":3.0},{"damage":0.0,"enemies":"Cultist","floor":2.0,"turns":3.0},{"damage":4.0,"enemies":"2 Louse","floor":5.0,"turns":3.0},{"damage":24.0,"enemies":"3 Sentries","floor":7.0,"turns":9.0},{"damage":12.0,"enemies":"Lagavulin","floor":10.0,"turns":5.0},{"damage":3.0,"enemies":"Exordium Thugs","floor":14.0,"turns":2.0},{"damage":34.0,"enemies":"Hexaghost","floor":16.0,"turns":6.0},{"damage":12.0,"enemies":"3 Byrds","floor":18.0,"turns":3.0},{"damage":0.0,"enemies":"Spheric Guardian","floor":19.0,"turns":2.0},{"damage":1.0,"enemies":"Cultist and Chosen","floor":20.0,"turns":4.0},{"damage":3.0,"enemies":"Centurion and Healer","floor":21.0,"turns":3.0},{"damage":18.0,"enemies":"Slavers","floor":23.0,"turns":7.0},{"damage":5.0,"enemies":"Snake Plant","floor":28.0,"turns":2.0},{"damage":0.0,"enemies":"3 Cultists","floor":29.0,"turns":4.0},{"damage":13.0,"enemies":"Book of Stabbing","floor":30.0,"turns":3.0},{"damage":44.0,"enemies":"Collector","floor":33.0,"turns":7.0},{"damage":21.0,"enemies":"3 Darklings","floor":35.0,"turns":3.0},{"damage":7.0,"enemies":"Orb Walker","floor":36.0,"turns":3.0},{"damage":22,"enemies":"3 Darklings","floor":37,"turns":4},{"damage":17,"enemies":"Jaw Worm Horde","floor":39,"turns":3},{"damage":36,"enemies":"Nemesis","floor":41,"turns":5},{"damage":0,"enemies":"Sphere and 2 Shapes","floor":46,"turns":7},{"damage":25,"enemies":"Writhing Mass","floor":48,"turns":3},{"damage":70,"enemies":"Awakened One","floor":50,"turns":10}],"seed_played":"3188626109180611787","potions_obtained":[{"floor":2.0,"key":"Regen Potion"},{"floor":7.0,"key":"SpeedPotion"},{"floor":10.0,"key":"Block Potion"},{"floor":16.0,"key":"Block Potion"},{"floor":18.0,"key":"SkillPotion"},{"floor":21.0,"key":"Explosive Potion"},{"floor":28.0,"key":"SteroidPotion"},{"floor":29.0,"key":"Weak Potion"},{"floor":37,"key":"GamblersBrew"},{"floor":39,"key":"FocusPotion"},{"floor":46,"key":"FocusPotion"}],"is_trial":false,"path_per_floor":["M","M","?","?","M","R","E","R","T","E","T","R","?","M","R","B",null,"M","M","M","M","$","E","R","?","T","R","M","M","E","$","R","B",null,"M","M","M","?","M","R","E","?","T","R","$","M","R","M","R","B"],"character_chosen":"DEFECT","items_purchased":["Go for the Eyes","Streamline","Genetic Algorithm","Torii","Lee\u0027s Waffle","Strawberry","Strength Potion"],"campfire_rested":2,"item_purchase_floors":[22,22,22,31,31,45,45],"current_hp_per_floor":[80,80,73,73,69,69,60,60,60,48,48,48,77,74,74,40,77,65,65,64,61,61,43,43,43,43,69,64,64,51,96,96,52,85,64,57,35,35,18,46,10,84,84,84,91,91,91,66,66,0],"gold":36,"neow_bonus":"TWENTY_PERCENT_HP_BONUS","is_prod":false,"is_daily":false,"chose_seed":false,"campfire_upgraded":9,"win_rate":0,"timestamp":1551564358,"path_taken":["M","M","?","?","?","R","E","R","T","E","?","R","?","M","R","BOSS","M","M","M","M","$","E","R","?","T","R","M","M","E","?","R","BOSS","M","M","M","?","M","R","E","?","T","R","$","M","R","M","R","BOSS"],"build_version":"2019-01-23","purchased_purges":1,"victory":false,"max_hp_per_floor":[89,89,89,89,89,89,89,89,89,89,89,89,89,89,89,89,89,89,89,89,89,89,89,89,89,89,89,89,89,89,96,96,96,96,96,96,96,96,96,96,96,84,84,84,91,91,91,91,91,91],"card_choices":[{"not_picked":["Sweeping Beam","Darkness"],"picked":"Beam Cell","floor":1.0},{"not_picked":["BootSequence","Coolheaded"],"picked":"Chill","floor":2.0},{"not_picked":["Redo","Ball Lightning"],"picked":"Defragment","floor":5.0},{"not_picked":["Buffer","Ball Lightning"],"picked":"Core Surge","floor":7.0},{"not_picked":["Gash","Coolheaded"],"picked":"Darkness","floor":10.0},{"not_picked":["Steam Power","Capacitor"],"picked":"Hologram","floor":14.0},{"not_picked":["Multi-Cast","Fission"],"picked":"All For One","floor":16.0},{"not_picked":["Hologram","Coolheaded"],"picked":"Conserve Battery","floor":18.0},{"not_picked":["Leap","Sweeping Beam"],"picked":"Compile Driver+1","floor":19.0},{"not_picked":["Ball Lightning","Coolheaded+1"],"picked":"Beam Cell","floor":20.0},{"not_picked":["Cold Snap","Leap","Undo"],"picked":"SKIP","floor":21.0},{"not_picked":["Cold Snap","Skim+1"],"picked":"Echo Form","floor":23.0},{"not_picked":["Consume","Auto Shields"],"picked":"Hologram","floor":28.0},{"not_picked":["Stack+1","Gash","Streamline"],"picked":"SKIP","floor":29.0},{"not_picked":["Steam","Sweeping Beam"],"picked":"Static Discharge+1","floor":30.0},{"not_picked":["Meteor Strike","Hyperbeam"],"picked":"Rainbow","floor":33.0},{"not_picked":["Aggregate+1","Cold Snap+1"],"picked":"Auto Shields","floor":35.0},{"not_picked":["Sunder","Capacitor+1","Consume+1"],"picked":"SKIP","floor":36.0},{"not_picked":["Stack","Streamline"],"picked":"Doom and Gloom+1","floor":37},{"not_picked":["Mind Blast","HandOfGreed"],"picked":"Purity","floor":38},{"not_picked":["Barrage","Stack"],"picked":"Leap+1","floor":39},{"not_picked":["Steam","Sweeping Beam+1"],"picked":"Rebound+1","floor":41},{"not_picked":["Undo","Multi-Cast"],"picked":"Reprogram+1","floor":46},{"not_picked":["Steam","Genetic Algorithm"],"picked":"Conserve Battery+1","floor":48}],"player_experience":377217,"relics_obtained":[{"floor":7.0,"key":"Symbiotic Virus"},{"floor":9.0,"key":"Whetstone"},{"floor":10.0,"key":"MawBank"},{"floor":11.0,"key":"Lantern"},{"floor":23.0,"key":"Frozen Egg 2"},{"floor":26.0,"key":"Bronze Scales"},{"floor":30.0,"key":"Vajra"},{"floor":41,"key":"Potion Belt"},{"floor":41,"key":"Dream Catcher"},{"floor":43,"key":"War Paint"}],"event_choices":[{"cards_removed":["Strike_B"],"damage_healed":0.0,"max_hp_gain":0.0,"max_hp_loss":0.0,"gold_gain":0.0,"event_name":"Golden Wing","player_choice":"Card Removal","floor":3.0,"gold_loss":0.0,"damage_taken":7.0},{"damage_healed":0.0,"max_hp_gain":0.0,"max_hp_loss":0.0,"gold_gain":0.0,"event_name":"Accursed Blacksmith","player_choice":"Rummage","floor":4.0,"gold_loss":0.0,"damage_taken":0.0,"relics_obtained":["WarpedTongs"],"cards_obtained":["Pain"]},{"damage_healed":29.0,"max_hp_gain":0.0,"max_hp_loss":0.0,"gold_gain":0.0,"event_name":"Big Fish","player_choice":"Banana","floor":13.0,"gold_loss":0.0,"damage_taken":0.0},{"damage_healed":0.0,"max_hp_gain":0.0,"max_hp_loss":0.0,"gold_gain":100.0,"event_name":"Golden Shrine","player_choice":"Pray","floor":25.0,"gold_loss":0.0,"damage_taken":0.0},{"damage_healed":0,"gold_gain":0,"player_choice":"Memory 1","damage_taken":0,"max_hp_gain":0,"max_hp_loss":0,"event_name":"SensoryStone","floor":38,"gold_loss":0},{"damage_healed":84,"gold_gain":0,"player_choice":"Heal","damage_taken":0,"max_hp_gain":0,"max_hp_loss":12,"event_name":"The Moai Head","floor":42,"gold_loss":0}],"is_beta":false,"boss_relics":[{"not_picked":["Inserter","Orrery"],"picked":"Nuclear Battery"},{"not_picked":["Snecko Eye","Pandora\u0027s Box"],"picked":"Black Star"}],"items_purged_floors":[22],"is_endless":false,"potions_floor_spawned":[2,7,10,16,18,21,28,29,37,39,46],"killed_by":"Awakened One","ascension_level":6}