{"gold_per_floor":[367,385,399,84,159,193,193,228,228,228,241,260,280,230,230,330,330,330,330,330,330,330,330,100,100,100,100,100,100,100,100,100,100,100,100,70,70,70,37,37,37,37,37,37,37,37,37,37,37,37],"floor_reached":51,"playtime":3535,"items_purged":["Parasite","Shame"],"score":921,"play_id":"74005e77-14c6-4c19-bdcd-212dfb0d44c0","local_time":"20190128001100","is_ascension_mode":true,"campfire_choices":[{"data":"Iron Wave","floor":7,"key":"SMITH"},{"floor":10,"key":"REST"},{"data":"Pommel Strike","floor":15,"key":"SMITH"},{"data":"Bash","floor":23,"key":"SMITH"},{"data":"Metallicize","floor":30,"key":"SMITH"},{"data":"J.A.X.","floor":32,"key":"SMITH"},{"data":"Madness","floor":40,"key":"SMITH"},{"data":"Inflame","floor":42,"key":"SMITH"},{"data":"Ghostly Armor","floor":47,"key":"SMITH"},{"data":"Defend_R","floor":49,"key":"SMITH"}],"neow_cost":"CURSE","seed_source_timestamp":555826362228975,"circlet_count":0,"master_deck":["Strike_R","Strike_R","Strike_R","Strike_R","Defend_R","Defend_R+1","Defend_R","Defend_R+1","Bash+1","Pommel Strike+1","Iron Wave+1","Anger+1","Pummel+1","Shrug It Off+1","Iron Wave+1","Reaper+1","Reaper+1","Clash+1","J.A.X.+1","Thunderclap+1","Pommel Strike+1","Inflame+1","Flash of Steel+1","Metallicize+1","Inflame+1","Clash+1","Immolate+1","Madness+1","Madness+1","Ghostly Armor+1","Thunderclap+1","Blood for Blood+1","Sword Boomerang+1","Parasite"],"relics":["Burning Blood","Molten Egg 2","Juzu Bracelet","Letter Opener","Lantern","Ectoplasm","Darkstone Periapt","Potion Belt","Bottled Flame","Strawberry","FossilizedHelix","Eternal Feather","War Paint","Bag of Marbles","Dream Catcher"],"potions_floor_usage":[6,6,27,27,27,41,41,41,50,50,50,50,50],"damage_taken":[{"damage":9,"enemies":"Jaw Worm","floor":1,"turns":4},{"damage":10,"enemies":"2 Louse","floor":2,"turns":3},{"damage":3,"enemies":"Cultist","floor":3,"turns":2},{"damage":33,"enemies":"Lagavulin","floor":6,"turns":7},{"damage":31,"enemies":"3 Sentries","floor":8,"turns":8},{"damage":2,"enemies":"Red Slaver","floor":11,"turns":2},{"damage":4,"enemies":"Large Slime","floor":12,"turns":5},{"damage":4,"enemies":"Gremlin Gang","floor":13,"turns":4},{"damage":64,"enemies":"Slime Boss","floor":16,"turns":12},{"damage":16,"enemies":"Spheric Guardian","floor":18,"turns":5},{"damage":9,"enemies":"3 Byrds","floor":20,"turns":4},{"damage":39,"enemies":"Snake Plant","floor":21,"turns":5},{"damage":21,"enemies":"Book of Stabbing","floor":27,"turns":2},{"damage":33,"enemies":"Slavers","floor":29,"turns":4},{"damage":2,"enemies":"Snecko","floor":31,"turns":3},{"damage":79,"enemies":"Collector","floor":33,"turns":6},{"damage":0,"enemies":"Orb Walker","floor":35,"turns":2},{"damage":79,"enemies":"Nemesis","floor":41,"turns":7},{"damage":19,"enemies":"3 Shapes","floor":44,"turns":2},{"damage":3,"enemies":"Giant Head","floor":45,"turns":5},{"damage":38,"enemies":"Writhing Mass","floor":48,"turns":4},{"damage":77,"enemies":"Awakened One","floor":50,"turns":7}],"seed_played":"-8972480183148151964","potions_obtained":[{"floor":1,"key":"Fire Potion"},{"floor":2,"key":"Fire Potion"},{"floor":3,"key":"FairyPotion"},{"floor":6,"key":"Weak Potion"},{"floor":18,"key":"SteroidPotion"},{"floor":21,"key":"Strength Potion"},{"floor":27,"key":"GamblersBrew"},{"floor":31,"key":"Regen Potion"},{"floor":35,"key":"Regen Potion"},{"floor":36,"key":"Dexterity Potion"},{"floor":36,"key":"Ancient Potion"},{"floor":41,"key":"SpeedPotion"},{"floor":44,"key":"Block Potion"},{"floor":46,"key":"Regen Potion"},{"floor":46,"key":"AttackPotion"},{"floor":46,"key":"FearPotion"}],"is_trial":false,"path_per_floor":["M","M","M","$","?","E","R","E","T","R","M","M","M","?","R","B",null,"M","?","M","M","?","R","$","T","T","E","?","E","R","M","R","B",null,"M","?","?","?","$","R","E","R","T","M","E","?","R","M","R","B",null],"character_chosen":"IRONCLAD","items_purchased":["Molten Egg 2","Inflame","Flash of Steel+1","Ghostly Armor"],"campfire_rested":1,"item_purchase_floors":[4,24,24,39],"current_hp_per_floor":[77,73,76,76,65,38,38,13,13,36,40,42,44,44,44,12,77,72,72,77,44,50,50,50,50,50,42,90,73,73,90,90,45,90,90,90,79,79,79,90,57,75,75,62,84,84,90,64,82,30],"gold":37,"neow_bonus":"TWO_FIFTY_GOLD","is_prod":false,"is_daily":false,"chose_seed":false,"campfire_upgraded":9,"win_rate":0,"timestamp":1548663060,"path_taken":["M","M","M","$","?","E","R","E","T","R","M","M","M","?","R","BOSS","M","?","M","M","?","R","$","?","T","E","?","E","R","M","R","BOSS","M","?","?","?","$","R","E","R","T","M","E","?","R","M","R","BOSS"],"build_version":"2019-01-23","purchased_purges":2,"victory":true,"max_hp_per_floor":[80,80,80,77,77,77,77,77,77,77,77,77,77,77,77,77,77,77,77,77,77,83,83,83,83,83,90,90,90,90,90,90,90,90,90,90,90,90,90,90,90,90,90,90,90,90,90,96,96,96],"card_choices":[{"not_picked":["Bloodletting","Dual Wield"],"picked":"Pommel Strike","floor":1},{"not_picked":["Pommel Strike","Wild Strike"],"picked":"Bloodletting","floor":2},{"not_picked":["Clash","Sword Boomerang"],"picked":"Iron Wave","floor":3},{"not_picked":["Pommel Strike+1","Flex"],"picked":"Anger+1","floor":6},{"not_picked":["Perfected Strike+1","Warcry"],"picked":"Pummel+1","floor":8},{"not_picked":["Flame Barrier","Cleave+1"],"picked":"Shrug It Off","floor":11},{"not_picked":["Sentinel","Disarm"],"picked":"Iron Wave+1","floor":12},{"not_picked":["Flex","Infernal Blade"],"picked":"Reaper+1","floor":13},{"not_picked":["Brutality","Fiend Fire+1"],"picked":"Reaper+1","floor":16},{"not_picked":["Clothesline+1","Whirlwind+1"],"picked":"Clash+1","floor":18},{"not_picked":["Sword Boomerang+1","Hemokinesis+1"],"picked":"Thunderclap+1","floor":20},{"not_picked":["Feel No Pain","Heavy Blade+1"],"picked":"Pommel Strike+1","floor":21},{"not_picked":["Flex+1","Sword Boomerang+1"],"picked":"Metallicize","floor":27},{"not_picked":["Pommel Strike+1","Armaments"],"picked":"Inflame+1","floor":29},{"not_picked":["Armaments","Entrench+1"],"picked":"Clash+1","floor":31},{"not_picked":["Fiend Fire+1","Exhume"],"picked":"Immolate+1","floor":33},{"not_picked":["Clothesline+1","Wild Strike+1","True Grit"],"picked":"SKIP","floor":35},{"not_picked":["Disarm","Ghostly Armor"],"picked":"Thunderclap+1","floor":41},{"not_picked":["Pommel Strike+1","Headbutt+1"],"picked":"Blood for Blood+1","floor":44},{"not_picked":["Twin Strike+1","Perfected Strike+1"],"picked":"Sword Boomerang+1","floor":45},{"not_picked":["True Grit","Sentinel","Feel No Pain"],"picked":"SKIP","floor":48}],"player_experience":187645,"relics_obtained":[{"floor":6,"key":"Juzu Bracelet"},{"floor":8,"key":"Letter Opener"},{"floor":9,"key":"Lantern"},{"floor":25,"key":"Potion Belt"},{"floor":26,"key":"Bottled Flame"},{"floor":27,"key":"Strawberry"},{"floor":29,"key":"FossilizedHelix"},{"floor":41,"key":"War Paint"},{"floor":43,"key":"Bag of Marbles"},{"floor":45,"key":"Dream Catcher"}],"event_choices":[{"damage_healed":0,"gold_gain":75,"player_choice":"Gather Gold","damage_taken":11,"max_hp_gain":0,"max_hp_loss":0,"event_name":"World of Goop","floor":5,"gold_loss":0},{"cards_removed":["Strike_R"],"damage_healed":0,"gold_gain":0,"player_choice":"Card Removal","damage_taken":0,"max_hp_gain":0,"max_hp_loss":0,"event_name":"The Cleric","floor":14,"gold_loss":50},{"damage_healed":0,"gold_gain":0,"player_choice":"Obtain J.A.X.","damage_taken":0,"max_hp_gain":0,"max_hp_loss":0,"event_name":"Drug Dealer","floor":19,"gold_loss":0,"cards_obtained":["J.A.X."]},{"damage_healed":0,"gold_gain":0,"player_choice":"Stole Relic","damage_taken":0,"relics_obtained":["Darkstone Periapt"],"max_hp_gain":0,"max_hp_loss":0,"event_name":"Addict","floor":22,"gold_loss":0,"cards_obtained":["Shame"]},{"cards_removed":["Bloodletting"],"damage_healed":48,"gold_gain":0,"player_choice":"Offered Uncommon","damage_taken":0,"max_hp_gain":0,"max_hp_loss":0,"event_name":"Bonfire Elementals","floor":28,"gold_loss":0},{"damage_healed":0,"gold_gain":0,"player_choice":"Bought 2 Potions","damage_taken":0,"max_hp_gain":0,"max_hp_loss":0,"event_name":"The Woman in Blue","floor":36,"gold_loss":0},{"damage_healed":0,"gold_gain":0,"player_choice":"Embrace Madness","damage_taken":11,"max_hp_gain":0,"max_hp_loss":0,"event_name":"Winding Halls","floor":37,"gold_loss":0,"cards_obtained":["Madness","Madness"]},{"damage_healed":0,"gold_gain":0,"player_choice":"Upgraded","damage_taken":0,"max_hp_gain":0,"max_hp_loss":0,"event_name":"Upgrade Shrine","floor":38,"gold_loss":0,"cards_upgraded":["Madness"]},{"damage_healed":0,"gold_gain":0,"player_choice":"Got Potions","damage_taken":0,"max_hp_gain":0,"max_hp_loss":0,"event_name":"Lab","floor":46,"gold_loss":0}],"is_beta":false,"boss_relics":[{"not_picked":["Lizard Tail","Black Blood"],"picked":"Ectoplasm"},{"not_picked":["Coffee Dripper","Orrery"],"picked":"Eternal Feather"}],"items_purged_floors":[4,24],"is_endless":false,"potions_floor_spawned":[1,2,3,6,18,21,27,31,35,41,44],"ascension_level":4}