{"gold_per_floor":[114,129,139,139,139,164,164,181,181,181,199,199,199,216,216,321,321,335,335,335,354,157,157,157,157,212,232,261,278,295,307,307,407,407,424,66,0,0,14,14,29,29],"floor_reached":42,"playtime":2642,"items_purged":[],"score":554,"play_id":"cfd1e41f-0501-4c00-97d7-9d2c11251e9e","local_time":"20190215160120","is_ascension_mode":true,"campfire_choices":[{"floor":7,"key":"DIG"},{"floor":10,"key":"REST"},{"floor":12,"key":"DIG"},{"floor":15,"key":"DIG"},{"floor":23,"key":"DIG"},{"floor":25,"key":"REST"},{"floor":32,"key":"REST"},{"floor":40,"key":"DIG"}],"neow_cost":"NONE","seed_source_timestamp":105624098677977,"circlet_count":0,"master_deck":["Strike_B+1","Strike_B+1","Strike_B+1","Defend_B+1","Defend_B+1","Defend_B+1","Defend_B+1","Zap+1","Dualcast","Barrage","Melter","Beam Cell","Loop","Chill","Streamline+1","Static Discharge","Echo Form","Static Discharge+1","Barrage+1","Zap+1","Rebound+1","Sweeping Beam+1","Chill+1","Machine Learning","BootSequence","Core Surge+1","Compile Driver+1","Barrage+1","Redo","Doom and Gloom+1","Undo","Chill+1","Madness","Madness","Streamline+1","Parasite","Fusion+1"],"relics":["Cracked Core","War Paint","Shovel","Molten Egg 2","Sundial","Anchor","Pear","Meat on the Bone","Velvet Choker","DollysMirror","Potion Belt","Regal Pillow","Bag of Preparation","Peace Pipe","Orrery","Bronze Scales","ClockworkSouvenir","Red Mask","Dodecahedron"],"potions_floor_usage":[6,14,16,28],"damage_taken":[{"damage":5,"enemies":"2 Louse","floor":1,"turns":2},{"damage":9,"enemies":"Small Slimes","floor":2,"turns":2},{"damage":2,"enemies":"Jaw Worm","floor":3,"turns":3},{"damage":27,"enemies":"3 Sentries","floor":6,"turns":5},{"damage":5,"enemies":"2 Fungi Beasts","floor":8,"turns":3},{"damage":10,"enemies":"Large Slime","floor":11,"turns":4},{"damage":0,"enemies":"Lots of Slimes","floor":14,"turns":4},{"damage":33,"enemies":"Hexaghost","floor":16,"turns":6},{"damage":21,"enemies":"Spheric Guardian","floor":18,"turns":4},{"damage":0,"enemies":"3 Byrds","floor":21,"turns":5},{"damage":24,"enemies":"Cultist and Chosen","floor":27,"turns":4},{"damage":20,"enemies":"Book of Stabbing","floor":28,"turns":4},{"damage":14,"enemies":"Shelled Parasite and Fungi","floor":29,"turns":3},{"damage":0,"enemies":"3 Cultists","floor":30,"turns":4},{"damage":21,"enemies":"Snake Plant","floor":31,"turns":3},{"damage":43,"enemies":"Collector","floor":33,"turns":9},{"damage":12,"enemies":"3 Darklings","floor":35,"turns":4},{"damage":0,"enemies":"3 Shapes","floor":39,"turns":3},{"damage":17,"enemies":"Writhing Mass","floor":41,"turns":6},{"damage":66,"enemies":"Nemesis","floor":42,"turns":5}],"seed_played":"8429908190745719063","potions_obtained":[{"floor":2,"key":"AttackPotion"},{"floor":6,"key":"GamblersBrew"},{"floor":11,"key":"PowerPotion"},{"floor":14,"key":"PowerPotion"},{"floor":16,"key":"Poison Potion"},{"floor":27,"key":"SkillPotion"},{"floor":30,"key":"Poison Potion"},{"floor":31,"key":"Weak Potion"},{"floor":39,"key":"AttackPotion"}],"is_trial":false,"path_per_floor":["M","M","M","?","?","E","R","M","T","R","M","R","T","M","R","B",null,"M","?","?","M","$","R","?","R","T","M","E","M","M","M","R","B",null,"M","$","?","?","M","R","M","E"],"character_chosen":"DEFECT","items_purchased":["DollysMirror","Bronze Scales","ClockworkSouvenir"],"campfire_rested":3,"item_purchase_floors":[22,36,36],"current_hp_per_floor":[77,68,66,54,54,27,27,22,22,46,36,36,46,46,46,25,92,71,71,53,53,53,53,53,97,97,73,53,51,51,42,86,55,97,85,85,85,73,73,73,56,0],"gold":29,"neow_bonus":"TEN_PERCENT_HP_BONUS","is_prod":false,"is_daily":false,"chose_seed":false,"campfire_upgraded":0,"win_rate":0,"timestamp":1550275280,"path_taken":["M","M","M","?","?","E","R","M","T","R","M","R","?","M","R","BOSS","M","?","?","M","$","R","?","R","T","?","E","M","M","M","R","BOSS","M","$","?","?","M","R","M","E"],"build_version":"2019-01-23","purchased_purges":0,"victory":false,"max_hp_per_floor":[82,82,82,82,82,82,82,82,82,82,82,82,92,92,92,92,92,92,92,97,97,97,97,97,97,97,97,97,97,97,97,97,97,97,97,97,97,97,97,97,97,97],"card_choices":[{"not_picked":["Go for the Eyes","Hologram"],"picked":"Barrage","floor":1},{"not_picked":["Streamline","Redo"],"picked":"Melter","floor":2},{"not_picked":["Scrape","Ball Lightning"],"picked":"Beam Cell","floor":3},{"not_picked":["Creative AI","Hello World"],"picked":"Chill","floor":6},{"not_picked":["Leap","Coolheaded"],"picked":"Streamline+1","floor":8},{"not_picked":["Turbo","Redo","Aggregate"],"picked":"SKIP","floor":11},{"not_picked":["Sweeping Beam+1","Go for the Eyes+1"],"picked":"Static Discharge","floor":14},{"not_picked":["Biased Cognition","Rainbow"],"picked":"Echo Form","floor":16},{"not_picked":["Rebound+1","Streamline+1"],"picked":"Static Discharge+1","floor":18},{"not_picked":["Auto Shields","Stack+1"],"picked":"Barrage+1","floor":21},{"not_picked":["Gash+1","Aggregate"],"picked":"Rebound+1","floor":27},{"not_picked":["Conserve Battery","Hologram"],"picked":"Sweeping Beam+1","floor":28},{"not_picked":["Barrage+1","Self Repair"],"picked":"Chill+1","floor":29},{"not_picked":["Heatsinks","Go for the Eyes+1"],"picked":"Machine Learning","floor":30},{"not_picked":["Steam","Fusion"],"picked":"BootSequence","floor":31},{"not_picked":["Amplify","Fission"],"picked":"Core Surge+1","floor":33},{"not_picked":["Blizzard+1","Conserve Battery"],"picked":"Compile Driver+1","floor":34},{"not_picked":["Leap","Steam Power"],"picked":"Barrage+1","floor":34},{"not_picked":["Reprogram","Fusion"],"picked":"Redo","floor":34},{"not_picked":["Rebound+1","Barrage+1"],"picked":"Doom and Gloom+1","floor":34},{"not_picked":["Go for the Eyes+1","Darkness"],"picked":"Undo","floor":34},{"not_picked":["Beam Cell+1","Conserve Battery"],"picked":"Chill+1","floor":35},{"not_picked":["Turbo","Recycle"],"picked":"Streamline+1","floor":39},{"not_picked":["Redo","Loop"],"picked":"Fusion+1","floor":41}],"player_experience":288710,"relics_obtained":[{"floor":6,"key":"Shovel"},{"floor":7,"key":"Molten Egg 2"},{"floor":9,"key":"Sundial"},{"floor":12,"key":"Anchor"},{"floor":13,"key":"Pear"},{"floor":15,"key":"Meat on the Bone"},{"floor":23,"key":"Potion Belt"},{"floor":26,"key":"Bag of Preparation"},{"floor":28,"key":"Peace Pipe"},{"floor":40,"key":"Dodecahedron"}],"event_choices":[{"damage_healed":0,"gold_gain":0,"player_choice":"Success","damage_taken":12,"relics_obtained":["War Paint"],"max_hp_gain":0,"max_hp_loss":0,"event_name":"Scrap Ooze","floor":4,"gold_loss":0},{"damage_healed":0,"gold_gain":0,"cards_transformed":["Strike_B"],"player_choice":"Change","damage_taken":0,"max_hp_gain":0,"max_hp_loss":0,"event_name":"Living Wall","floor":5,"gold_loss":0,"cards_obtained":["Loop"]},{"damage_healed":0,"gold_gain":0,"player_choice":"Simplicity","damage_taken":0,"max_hp_gain":0,"max_hp_loss":0,"event_name":"Back to Basics","floor":19,"gold_loss":0,"cards_upgraded":["Strike_B","Strike_B","Strike_B","Defend_B","Defend_B","Defend_B"]},{"damage_healed":0,"gold_gain":0,"player_choice":"Shed Blood","damage_taken":23,"max_hp_gain":5,"max_hp_loss":0,"event_name":"Forgotten Altar","floor":20,"gold_loss":0},{"damage_healed":0,"gold_gain":0,"player_choice":"Gave Potion","damage_taken":0,"relics_obtained":["Regal Pillow"],"max_hp_gain":0,"max_hp_loss":0,"event_name":"WeMeetAgain","floor":24,"gold_loss":0},{"damage_healed":0,"gold_gain":0,"player_choice":"Paid","damage_taken":0,"relics_obtained":["Red Mask"],"max_hp_gain":0,"max_hp_loss":0,"event_name":"Tomb of Lord Red Mask","floor":37,"gold_loss":66},{"damage_healed":0,"gold_gain":0,"player_choice":"Embrace Madness","damage_taken":12,"max_hp_gain":0,"max_hp_loss":0,"event_name":"Winding Halls","floor":38,"gold_loss":0,"cards_obtained":["Madness","Madness"]}],"is_beta":false,"boss_relics":[{"not_picked":["Ectoplasm","Runic Pyramid"],"picked":"Velvet Choker"},{"not_picked":["Busted Crown","Lizard Tail"],"picked":"Orrery"}],"items_purged_floors":[],"is_endless":false,"potions_floor_spawned":[2,6,11,14,16,27,30,31,39],"killed_by":"Nemesis","ascension_level":4}