{"gold_per_floor":[117,292,292,308,9,34,54,85,85,85,115,135,135,166,166,265,265,276,191,206,131,141,141,161,161,161,161,179,205,205,305,305,400,450,469,488,339,358,372,372,399,419,419,419,454,472,472,483,483,483],"floor_reached":51,"playtime":2351,"items_purged":["Doubt"],"score":1018,"play_id":"5c423046-9214-4ac0-9ac8-0990cd292d85","local_time":"20190319131419","is_ascension_mode":true,"campfire_choices":[{"data":"Offering","floor":10,"key":"SMITH"},{"floor":15,"key":"REST"},{"data":"Armaments","floor":23,"key":"SMITH"},{"data":"Armaments","floor":25,"key":"SMITH"},{"data":"Infernal Blade","floor":30,"key":"SMITH"},{"data":"Flame Barrier","floor":32,"key":"SMITH"},{"data":"Demon Form","floor":40,"key":"SMITH"},{"data":"Limit Break","floor":44,"key":"SMITH"},{"floor":47,"key":"DIG"},{"floor":49,"key":"DIG"}],"neow_cost":"NONE","seed_source_timestamp":846458199317154,"circlet_count":0,"master_deck":["Strike_R+1","Strike_R","Strike_R","Strike_R","Strike_R","Defend_R","Defend_R","Defend_R","Defend_R","Bash+1","Flame Barrier+1","Shrug It Off","Inflame","Thunderclap","Offering+1","Pommel Strike","Armaments+1","Infernal Blade+1","Reaper+1","Rage","Armaments+1","Doubt","Writhe","Spot Weakness","Perfected Strike","Demon Form+1","Intimidate+1","Limit Break+1","Parasite","Flame Barrier+1","Pain"],"relics":["Burning Blood","NeowsBlessing","Incense Burner","Shuriken","Letter Opener","Gremlin Horn","Unceasing Top","Kunai","Bird Faced Urn","Cursed Key","Darkstone Periapt","Dead Branch","Gambling Chip","Du-Vu Doll","Tiny House","Lantern","Ice Cream","Shovel","Charon\u0027s Ashes","Question Card","FossilizedHelix"],"potions_floor_usage":[16,16,33,33,45,46,50,50,50],"damage_taken":[{"damage":0,"enemies":"Small Slimes","floor":1,"turns":1},{"damage":0,"enemies":"Jaw Worm","floor":4,"turns":1},{"damage":0,"enemies":"3 Sentries","floor":6,"turns":1},{"damage":2,"enemies":"2 Louse","floor":7,"turns":4},{"damage":18,"enemies":"Gremlin Nob","floor":8,"turns":4},{"damage":19,"enemies":"Lagavulin","floor":11,"turns":5},{"damage":12,"enemies":"2 Fungi Beasts","floor":12,"turns":2},{"damage":21,"enemies":"Gremlin Nob","floor":14,"turns":4},{"damage":16,"enemies":"The Guardian","floor":16,"turns":12},{"damage":6,"enemies":"Chosen","floor":18,"turns":3},{"damage":8,"enemies":"3 Byrds","floor":20,"turns":4},{"damage":11,"enemies":"Centurion and Healer","floor":22,"turns":5},{"damage":17,"enemies":"Snecko","floor":24,"turns":4},{"damage":11,"enemies":"Cultist and Chosen","floor":28,"turns":4},{"damage":6,"enemies":"Gremlin Leader","floor":29,"turns":3},{"damage":6,"enemies":"Collector","floor":33,"turns":5},{"damage":12,"enemies":"3 Shapes","floor":35,"turns":2},{"damage":29,"enemies":"3 Darklings","floor":36,"turns":4},{"damage":12,"enemies":"Writhing Mass","floor":38,"turns":4},{"damage":6,"enemies":"Maw","floor":39,"turns":4},{"damage":15,"enemies":"Reptomancer","floor":41,"turns":5},{"damage":6,"enemies":"4 Shapes","floor":42,"turns":2},{"damage":62,"enemies":"Nemesis","floor":45,"turns":7},{"damage":23,"enemies":"Spire Growth","floor":46,"turns":4},{"damage":28,"enemies":"Transient","floor":48,"turns":5},{"damage":120,"enemies":"Time Eater","floor":50,"turns":9}],"seed_played":"-1566960850823627421","potions_obtained":[{"floor":1,"key":"Swift Potion"},{"floor":11,"key":"EssenceOfSteel"},{"floor":12,"key":"Strength Potion"},{"floor":14,"key":"Block Potion"},{"floor":16,"key":"PowerPotion"},{"floor":22,"key":"Energy Potion"},{"floor":33,"key":"AttackPotion"},{"floor":34,"key":"LiquidBronze"},{"floor":45,"key":"EssenceOfSteel"},{"floor":48,"key":"SteroidPotion"}],"is_trial":false,"path_per_floor":["M","?","?","M","$","E","M","E","T","R","E","M","?","E","R","B",null,"M","?","M","$","M","R","M","R","T","?","M","E","R","?","R","B",null,"M","M","$","M","M","R","E","M","T","R","E","M","R","M","R","B",null],"character_chosen":"IRONCLAD","items_purchased":["Incense Burner","Lantern"],"campfire_rested":1,"item_purchase_floors":[5,37],"current_hp_per_floor":[80,80,64,70,70,76,80,68,68,68,55,49,37,22,46,38,80,80,80,78,78,75,75,64,64,70,76,83,92,92,92,92,92,97,93,97,97,103,103,103,100,103,109,109,57,57,57,84,84,25],"gold":483,"neow_bonus":"THREE_ENEMY_KILL","is_prod":false,"is_daily":false,"chose_seed":false,"campfire_upgraded":7,"win_rate":0,"timestamp":1553001259,"path_taken":["M","?","?","M","$","E","M","E","T","R","E","M","?","E","R","BOSS","M","?","M","$","M","R","M","R","T","?","M","E","R","?","R","BOSS","M","M","$","?","M","R","E","M","T","R","E","M","R","M","R","BOSS"],"build_version":"2019-01-23","purchased_purges":1,"victory":true,"max_hp_per_floor":[80,80,80,80,80,80,80,80,80,80,80,80,80,80,80,80,80,80,80,80,80,80,80,80,80,86,92,92,92,92,92,92,92,97,97,97,97,103,103,103,103,103,109,109,109,109,109,109,109,109],"card_choices":[{"not_picked":["Disarm","True Grit"],"picked":"Flame Barrier","floor":1},{"not_picked":["Wild Strike","Havoc"],"picked":"Shrug It Off","floor":4},{"not_picked":["Pummel","Body Slam"],"picked":"Inflame","floor":6},{"not_picked":["Combust","Shrug It Off"],"picked":"Thunderclap","floor":7},{"not_picked":["Rupture","Barricade"],"picked":"Offering","floor":8},{"not_picked":["Power Through","Rampage"],"picked":"Pommel Strike","floor":11},{"not_picked":["Pommel Strike","Metallicize"],"picked":"Armaments","floor":12},{"not_picked":["Armaments","Thunderclap"],"picked":"Infernal Blade","floor":14},{"not_picked":["Double Tap","Fiend Fire"],"picked":"Reaper","floor":16},{"not_picked":["Hemokinesis","Anger"],"picked":"Rage","floor":18},{"not_picked":["Thunderclap","Pommel Strike","Clash"],"picked":"SKIP","floor":20},{"not_picked":["Twin Strike","Hemokinesis"],"picked":"Armaments","floor":22},{"not_picked":["Sentinel","Thunderclap","Clash+1"],"picked":"SKIP","floor":24},{"not_picked":["Battle Trance","Sever Soul"],"picked":"Spot Weakness","floor":28},{"not_picked":["True Grit","Headbutt"],"picked":"Perfected Strike","floor":29},{"not_picked":["Double Tap","Dark Embrace"],"picked":"Demon Form","floor":33},{"not_picked":["Uppercut","True Grit+1"],"picked":"Intimidate+1","floor":35},{"not_picked":["Warcry+1","Perfected Strike+1"],"picked":"Limit Break","floor":36},{"not_picked":["Sword Boomerang","Armaments","Havoc+1"],"picked":"SKIP","floor":38},{"not_picked":["Power Through+1","Havoc+1","Pommel Strike"],"picked":"SKIP","floor":39},{"not_picked":["Feed","Pommel Strike+1"],"picked":"Flame Barrier+1","floor":41},{"not_picked":["Body Slam","True Grit","Thunderclap"],"picked":"SKIP","floor":42},{"not_picked":["Cleave","Havoc","Sword Boomerang"],"picked":"SKIP","floor":45},{"not_picked":["Twin Strike+1","Evolve+1","Perfected Strike"],"picked":"SKIP","floor":46},{"not_picked":["Warcry","Power Through","Iron Wave+1","Sever Soul+1"],"picked":"SKIP","floor":48}],"player_experience":138536,"relics_obtained":[{"floor":6,"key":"Shuriken"},{"floor":8,"key":"Letter Opener"},{"floor":9,"key":"Gremlin Horn"},{"floor":11,"key":"Unceasing Top"},{"floor":14,"key":"Bird Faced Urn"},{"floor":26,"key":"Dead Branch"},{"floor":29,"key":"Du-Vu Doll"},{"floor":41,"key":"Ice Cream"},{"floor":43,"key":"Shovel"},{"floor":45,"key":"Charon\u0027s Ashes"},{"floor":47,"key":"Question Card"},{"floor":49,"key":"FossilizedHelix"}],"event_choices":[{"damage_healed":0,"gold_gain":175,"player_choice":"AGREE","damage_taken":0,"max_hp_gain":0,"max_hp_loss":0,"event_name":"Liars Game","floor":2,"gold_loss":0,"cards_obtained":["Doubt"]},{"damage_healed":0,"gold_gain":0,"player_choice":"Entered Light","damage_taken":16,"max_hp_gain":0,"max_hp_loss":0,"event_name":"Shining Light","floor":3,"gold_loss":0,"cards_upgraded":["Bash","Strike_R"]},{"damage_healed":0,"gold_gain":0,"player_choice":"Success","damage_taken":12,"relics_obtained":["Kunai"],"max_hp_gain":0,"max_hp_loss":0,"event_name":"Scrap Ooze","floor":13,"gold_loss":0},{"damage_healed":0,"gold_gain":0,"player_choice":"Obtained Relic","damage_taken":0,"relics_obtained":["Darkstone Periapt"],"max_hp_gain":0,"max_hp_loss":0,"event_name":"Addict","floor":19,"gold_loss":85},{"damage_healed":0,"gold_gain":0,"player_choice":"Opened","damage_taken":0,"relics_obtained":["Gambling Chip"],"max_hp_gain":0,"max_hp_loss":0,"event_name":"The Mausoleum","floor":27,"gold_loss":0,"cards_obtained":["Writhe"]},{"damage_healed":0,"gold_gain":100,"player_choice":"Pray","damage_taken":0,"max_hp_gain":0,"max_hp_loss":0,"event_name":"Golden Shrine","floor":31,"gold_loss":0}],"is_beta":false,"boss_relics":[{"not_picked":["Astrolabe","Mark of Pain"],"picked":"Cursed Key"},{"not_picked":["Coffee Dripper","Orrery"],"picked":"Tiny House"}],"items_purged_floors":[21],"is_endless":false,"potions_floor_spawned":[1,11,12,14,16,22,28,33,38,39,41,45,48],"ascension_level":2}