{"gold_per_floor":[118,118,134,154,154,187,187,221,246,276,313,343,383,365,377,486,498,527,539,565,453,470,470,499,499,570,570,596,613,474,501,501,602,602,612,612,635,653,113,113,143,158,158,158,168,168,11,11,11,11,11,11,11,41,41],"floor_reached":55,"playtime":2915,"items_purged":["Defend_G","Defend_G","Strike_G"],"score":1153,"play_id":"59c24151-2d1f-4566-b2b7-63a63db16005","local_time":"20190311234300","is_ascension_mode":true,"campfire_choices":[{"data":"Sucker Punch","floor":7.0,"key":"SMITH"},{"floor":15.0,"key":"REST"},{"data":"Noxious Fumes","floor":23.0,"key":"SMITH"},{"floor":32,"key":"REST"},{"floor":40,"key":"RECALL"},{"data":"Adrenaline","floor":44,"key":"SMITH"},{"data":"Catalyst","floor":46,"key":"SMITH"},{"data":"Leg Sweep","floor":49,"key":"SMITH"},{"data":"Noxious Fumes","floor":52,"key":"SMITH"}],"neow_cost":"NONE","seed_source_timestamp":0,"circlet_count":0,"master_deck":["Defend_G","Defend_G","Strike_G","Strike_G","Strike_G","Survivor","Neutralize","Bouncing Flask+1","Dagger Spray","Sucker Punch+1","Backstab","Blur","Leg Sweep+1","Backflip+1","Noxious Fumes+1","Crippling Poison","Catalyst+1","Noxious Fumes+1","Adrenaline+1","Flying Knee+1","Dodge and Roll+1","Backstab+1","Doubt"],"special_seed":0,"relics":["Ring of the Snake","Omamori","Snake Skull","Oddly Smooth Stone","MawBank","Paper Crane","Blood Vial","Runic Pyramid","Orichalcum","MutagenicStrength","Pear","Pen Nib","Ornamental Fan","The Courier","Cursed Key","Vajra","Pantograph","Strawberry","Lantern","Thread and Needle","TwistedFunnel","Bottled Flame"],"potions_floor_usage":[31,31,33,50,55],"damage_taken":[{"damage":0.0,"enemies":"Small Slimes","floor":1.0,"turns":3.0},{"damage":0.0,"enemies":"Cultist","floor":3.0,"turns":5.0},{"damage":1.0,"enemies":"Jaw Worm","floor":4.0,"turns":3.0},{"damage":12.0,"enemies":"3 Sentries","floor":6.0,"turns":7.0},{"damage":10.0,"enemies":"Gremlin Nob","floor":8.0,"turns":3.0},{"damage":2.0,"enemies":"Red Slaver","floor":10.0,"turns":2.0},{"damage":3.0,"enemies":"Lagavulin","floor":11.0,"turns":5.0},{"damage":12.0,"enemies":"Large Slime","floor":12.0,"turns":8.0},{"damage":14.0,"enemies":"Gremlin Nob","floor":13.0,"turns":4.0},{"damage":0.0,"enemies":"Looter","floor":14.0,"turns":4.0},{"damage":3.0,"enemies":"Hexaghost","floor":16.0,"turns":9.0},{"damage":8.0,"enemies":"Shell Parasite","floor":18.0,"turns":6.0},{"damage":4.0,"enemies":"Chosen","floor":20.0,"turns":6.0},{"damage":2.0,"enemies":"Centurion and Healer","floor":22.0,"turns":9.0},{"damage":16.0,"enemies":"Book of Stabbing","floor":24.0,"turns":8.0},{"damage":3.0,"enemies":"Gremlin Leader","floor":28.0,"turns":7.0},{"damage":0.0,"enemies":"Cultist and Chosen","floor":29.0,"turns":5.0},{"damage":31,"enemies":"Slavers","floor":31,"turns":5},{"damage":46,"enemies":"Collector","floor":33,"turns":9},{"damage":3,"enemies":"3 Darklings","floor":35,"turns":5},{"damage":0,"enemies":"3 Shapes","floor":38,"turns":4},{"damage":13,"enemies":"Giant Head","floor":41,"turns":9},{"damage":0,"enemies":"Spire Growth","floor":42,"turns":4},{"damage":0,"enemies":"Sphere and 2 Shapes","floor":45,"turns":3},{"damage":0,"enemies":"Donu and Deca","floor":50,"turns":8},{"damage":7,"enemies":"Shield and Spear","floor":54,"turns":6},{"damage":88,"enemies":"The Heart","floor":55,"turns":9}],"seed_played":"-991022987362931208","potions_obtained":[{"floor":3.0,"key":"AttackPotion"},{"floor":4.0,"key":"Poison Potion"},{"floor":8.0,"key":"SkillPotion"},{"floor":13.0,"key":"Regen Potion"},{"floor":16.0,"key":"SpeedPotion"},{"floor":18.0,"key":"Weak Potion"},{"floor":22.0,"key":"SpeedPotion"},{"floor":24.0,"key":"Dexterity Potion"},{"floor":28.0,"key":"GamblersBrew"},{"floor":31,"key":"Poison Potion"},{"floor":35,"key":"GamblersBrew"},{"floor":45,"key":"SteroidPotion"}],"is_trial":false,"path_per_floor":["M","?","M","M","?","E","R","E","T","M","E","M","E","M","R","B",null,"M","?","M","$","M","R","E","?","T","?","E","M","$","E","R","B",null,"M","?","T","M","$","R","E","M","T","R","M","R","$","?","R","B",null,"R","$","E","B"],"character_chosen":"THE_SILENT","items_purchased":["Energy Potion","Noxious Fumes","Pantograph","Strawberry","Lantern","TwistedFunnel"],"campfire_rested":2,"item_purchase_floors":[21,30,39,39,39,47],"current_hp_per_floor":[63,63,63,62,62,50,50,40,40,38,35,23,9,25,46,45,64,58,70,66,66,66,66,52,52,62,62,61,63,63,34,58,14,64,63,80,80,80,87,87,74,76,76,76,78,78,78,78,78,87,87,87,87,80,0],"gold":41,"neow_bonus":"RANDOM_COMMON_RELIC","is_prod":false,"is_daily":false,"chose_seed":false,"campfire_upgraded":6,"win_rate":0,"timestamp":1552372980,"path_taken":["M","?","?","?","?","E","R","E","T","M","E","M","E","M","R","BOSS","M","?","?","$","M","R","E","?","T","?","E","M","$","E","R","BOSS","M","?","?","?","?","R","E","M","T","R","M","R","$","?","R","BOSS","R","$","E","BOSS"],"build_version":"2019-01-23","purchased_purges":3,"victory":false,"max_hp_per_floor":[70,70,70,70,70,70,70,70,70,70,70,70,70,70,70,70,70,70,70,70,70,70,70,70,70,80,80,80,80,80,80,80,80,80,80,80,80,80,87,87,87,87,87,87,87,87,87,87,87,87,87,87,87,87,87],"card_choices":[{"not_picked":["Dagger Spray","Distraction"],"picked":"Bouncing Flask","floor":1.0},{"not_picked":["Dagger Spray","Poisoned Stab"],"picked":"Sucker Punch","floor":3.0},{"not_picked":["Outmaneuver","Quick Slash"],"picked":"Backstab","floor":4.0},{"not_picked":["Choke","Blade Dance","Masterful Stab"],"picked":"SKIP","floor":6.0},{"not_picked":["Backstab","Quick Slash"],"picked":"Blur","floor":8.0},{"not_picked":["Deflect","Blade Dance","Dash"],"picked":"SKIP","floor":10.0},{"not_picked":["Accuracy","Night Terror","Blur"],"picked":"SKIP","floor":11.0},{"not_picked":["Sucker Punch","Slice","Expertise"],"picked":"SKIP","floor":12.0},{"not_picked":["Masterful Stab","Concentrate","Calculated Gamble"],"picked":"SKIP","floor":13.0},{"not_picked":["Cloak And Dagger","Bane"],"picked":"Leg Sweep","floor":14.0},{"not_picked":["Quick Slash","Dagger Spray"],"picked":"Backflip+1","floor":18.0},{"not_picked":["Backflip+1","Slice+1","Blur"],"picked":"SKIP","floor":20.0},{"not_picked":["Poisoned Stab","Masterful Stab"],"picked":"Noxious Fumes","floor":22.0},{"not_picked":["Flying Knee","Grand Finale","Acrobatics"],"picked":"SKIP","floor":24.0},{"not_picked":["Quick Slash","Distraction"],"picked":"Crippling Poison","floor":28.0},{"not_picked":["Cloak And Dagger","Dash+1"],"picked":"Catalyst","floor":29.0},{"not_picked":["Cloak And Dagger","Reflex","Glass Knife"],"picked":"SKIP","floor":31},{"not_picked":["Wraith Form v2","Storm of Steel"],"picked":"Adrenaline","floor":33},{"not_picked":["Well Laid Plans","Dagger Spray"],"picked":"Flying Knee+1","floor":35},{"not_picked":["Masterful Stab+1","Prepared+1"],"picked":"Dodge and Roll+1","floor":38},{"not_picked":["Quick Slash+1","Flying Knee","Blur+1"],"picked":"SKIP","floor":41},{"not_picked":["Crippling Poison+1","Setup"],"picked":"Backstab+1","floor":42},{"not_picked":["PiercingWail+1","Masterful Stab+1","Deflect+1"],"picked":"SKIP","floor":45},{"not_picked":["Quick Slash+1","Terror","Heel Hook+1"],"picked":"SKIP","floor":54}],"player_experience":1267558,"relics_obtained":[{"floor":6.0,"key":"Snake Skull"},{"floor":8.0,"key":"Oddly Smooth Stone"},{"floor":9.0,"key":"MawBank"},{"floor":11.0,"key":"Paper Crane"},{"floor":13.0,"key":"Blood Vial"},{"floor":24.0,"key":"Orichalcum"},{"floor":26.0,"key":"Pear"},{"floor":28.0,"key":"Ornamental Fan"},{"floor":31,"key":"The Courier"},{"floor":37,"key":"Vajra"},{"floor":41,"key":"Thread and Needle"},{"floor":54,"key":"Bottled Flame"}],"event_choices":[{"damage_healed":0.0,"max_hp_gain":0.0,"max_hp_loss":0.0,"gold_gain":0.0,"cards_transformed":["Strike_G"],"event_name":"Transmorgrifier","player_choice":"Transformed","floor":2.0,"gold_loss":0.0,"damage_taken":0.0,"cards_obtained":["Dagger Spray"]},{"damage_healed":0.0,"max_hp_gain":0.0,"max_hp_loss":0.0,"gold_gain":0.0,"event_name":"Living Wall","player_choice":"Grow","floor":5.0,"gold_loss":0.0,"damage_taken":0.0,"cards_upgraded":["Bouncing Flask"]},{"damage_healed":12.0,"max_hp_gain":0.0,"max_hp_loss":0.0,"gold_gain":0.0,"event_name":"Wheel of Change","player_choice":"Full Heal","floor":19.0,"gold_loss":0.0,"damage_taken":0.0},{"damage_healed":0.0,"max_hp_gain":0.0,"max_hp_loss":0.0,"gold_gain":0.0,"event_name":"Drug Dealer","player_choice":"Inject Mutagens","floor":25.0,"gold_loss":0.0,"damage_taken":0.0,"relics_obtained":["MutagenicStrength"]},{"damage_healed":0.0,"max_hp_gain":0.0,"max_hp_loss":0.0,"gold_gain":0.0,"event_name":"WeMeetAgain","player_choice":"Gave Potion","floor":27.0,"gold_loss":0.0,"damage_taken":0.0,"relics_obtained":["Pen Nib"]},{"damage_healed":20,"gold_gain":0,"player_choice":"Writhe","damage_taken":0,"max_hp_gain":0,"max_hp_loss":0,"event_name":"Winding Halls","floor":36,"gold_loss":0,"cards_obtained":["Writhe"]},{"cards_removed":["Defend_G"],"damage_healed":0,"gold_gain":0,"player_choice":"Removed Skill","damage_taken":0,"max_hp_gain":0,"max_hp_loss":0,"event_name":"Falling","floor":48,"gold_loss":0}],"is_beta":false,"boss_relics":[{"not_picked":["Philosopher\u0027s Stone","Lizard Tail"],"picked":"Runic Pyramid"},{"not_picked":["Tiny House","Runic Dome"],"picked":"Cursed Key"}],"items_purged_floors":[21,30,39],"is_endless":false,"potions_floor_spawned":[3,4,8,13,16,18,22,24,28,31,35,45],"killed_by":"The Heart","ascension_level":8}