{"gold_per_floor":[360,374,174,192,203,231,231,34,34,54,82,82,98,98,98,203,203,223,223,322,339,354,354,95,124,124,124,124,134,150,185,185,289,289,301,312,108,127,143,143,172,172,172,189,215,215,0,30,30,30,30,30,30,58,58],"floor_reached":55,"playtime":4196,"items_purged":["Writhe","Strike_B"],"score":1053,"play_id":"70b42dc7-53e8-458e-bb59-dac74faa3312","local_time":"20190224002012","is_ascension_mode":true,"campfire_choices":[{"floor":7,"key":"REST"},{"floor":12,"key":"REST"},{"floor":15,"key":"REST"},{"data":"Zap","floor":23,"key":"SMITH"},{"data":"Defragment","floor":27,"key":"SMITH"},{"data":"Electrodynamics","floor":32,"key":"SMITH"},{"data":"Defragment","floor":40,"key":"SMITH"},{"floor":42,"key":"RECALL"},{"floor":46,"key":"REST"},{"floor":49,"key":"REST"},{"floor":52,"key":"REST"}],"neow_cost":"CURSE","seed_source_timestamp":709919427977393,"circlet_count":0,"master_deck":["Strike_B","Strike_B","Defend_B","Defend_B","Defend_B","Defend_B","Zap+1","Dualcast","Clumsy","Auto Shields","Go for the Eyes","Sweeping Beam","Beam Cell","Loop","Seek","Zap","Go for the Eyes","Coolheaded","Go for the Eyes","Cold Snap","Electrodynamics+1","Doom and Gloom","BootSequence","Defragment+1","Ball Lightning","Defragment+1","Tempest+1","Capacitor","Electrodynamics","Leap+1","Hologram+1","Defragment+1","Barrage","Lockon+1","FTL","Defragment","Melter+1","Consume"],"relics":["Cracked Core","Oddly Smooth Stone","Pocketwatch","DollysMirror","Symbiotic Virus","Meat on the Bone","Velvet Choker","Ice Cream","Blood Vial","Incense Burner","Bottled Lightning","Smiling Mask","Inserter","Emotion Chip","Boot","Red Mask","Ginger","Lantern"],"potions_floor_usage":[10,22,22,25,25,35,39,39,50,55,55],"damage_taken":[{"damage":6,"enemies":"Cultist","floor":1,"turns":3},{"damage":7,"enemies":"Jaw Worm","floor":2,"turns":4},{"damage":6,"enemies":"2 Louse","floor":4,"turns":2},{"damage":0,"enemies":"Looter","floor":5,"turns":3},{"damage":25,"enemies":"Gremlin Nob","floor":6,"turns":5},{"damage":29,"enemies":"Gremlin Gang","floor":10,"turns":4},{"damage":11,"enemies":"Lagavulin","floor":11,"turns":6},{"damage":29,"enemies":"Exordium Thugs","floor":13,"turns":4},{"damage":11,"enemies":"The Guardian","floor":16,"turns":14},{"damage":11,"enemies":"Shell Parasite","floor":18,"turns":5},{"damage":4,"enemies":"Chosen","floor":21,"turns":3},{"damage":26,"enemies":"Shelled Parasite and Fungi","floor":22,"turns":4},{"damage":7,"enemies":"Slavers","floor":25,"turns":4},{"damage":6,"enemies":"Snecko","floor":29,"turns":4},{"damage":0,"enemies":"3 Cultists","floor":30,"turns":4},{"damage":0,"enemies":"Gremlin Leader","floor":31,"turns":4},{"damage":19,"enemies":"Collector","floor":33,"turns":6},{"damage":7,"enemies":"3 Shapes","floor":35,"turns":3},{"damage":8,"enemies":"Orb Walker","floor":36,"turns":3},{"damage":8,"enemies":"Maw","floor":38,"turns":6},{"damage":18,"enemies":"Writhing Mass","floor":39,"turns":5},{"damage":6,"enemies":"Reptomancer","floor":41,"turns":4},{"damage":10,"enemies":"Spire Growth","floor":44,"turns":4},{"damage":49,"enemies":"Nemesis","floor":45,"turns":5},{"damage":28,"enemies":"Reptomancer","floor":48,"turns":4},{"damage":35,"enemies":"Donu and Deca","floor":50,"turns":5},{"damage":19,"enemies":"Shield and Spear","floor":54,"turns":5},{"damage":69,"enemies":"The Heart","floor":55,"turns":2}],"seed_played":"602930172680704030","potions_obtained":[{"floor":2,"key":"SpeedPotion"},{"floor":5,"key":"SteroidPotion"},{"floor":6,"key":"SkillPotion"},{"floor":16,"key":"Fire Potion"},{"floor":18,"key":"LiquidBronze"},{"floor":21,"key":"SkillPotion"},{"floor":22,"key":"Regen Potion"},{"floor":33,"key":"Fruit Juice"},{"floor":35,"key":"AttackPotion"},{"floor":41,"key":"FearPotion"},{"floor":45,"key":"Explosive Potion"},{"floor":48,"key":"FearPotion"}],"is_trial":false,"path_per_floor":["M","M","$","M","M","E","R","$","T","M","E","R","M","?","R","B",null,"M","?","?","M","M","R","$","E","T","R","?","M","M","E","R","B",null,"M","M","$","M","M","R","E","R","T","M","E","R","?","E","R","B",null,"R","$","E","B"],"character_chosen":"DEFECT","items_purchased":["Oddly Smooth Stone","Sweeping Beam","DollysMirror","Defragment","Blood Vial","Defragment","Regen Potion"],"campfire_rested":6,"item_purchase_floors":[3,3,8,24,24,37,37],"current_hp_per_floor":[69,62,62,56,56,31,53,53,53,24,13,35,18,18,40,41,67,56,56,56,52,38,38,38,45,45,45,45,41,43,45,45,40,66,66,60,60,54,50,50,46,46,46,50,15,39,39,25,49,28,67,80,80,61,0],"gold":58,"neow_bonus":"TWO_FIFTY_GOLD","is_prod":false,"is_daily":false,"chose_seed":false,"campfire_upgraded":4,"win_rate":0,"timestamp":1550996412,"path_taken":["M","?","$","M","M","E","R","?","T","?","E","R","M","?","R","BOSS","M","?","?","M","M","R","$","E","T","R","?","M","?","E","R","BOSS","M","M","$","M","M","R","E","R","T","M","E","R","?","E","R","BOSS","R","$","E","BOSS"],"build_version":"2019-01-23","purchased_purges":2,"victory":false,"max_hp_per_floor":[75,75,75,75,75,75,75,75,75,75,75,75,75,75,75,75,75,75,75,75,75,75,75,75,75,75,75,75,75,75,75,75,75,75,80,80,80,80,80,80,80,80,80,80,80,80,80,80,80,80,80,80,80,80,80],"card_choices":[{"not_picked":["Streamline","Stack"],"picked":"Auto Shields","floor":1},{"not_picked":["Stack","Auto Shields"],"picked":"Go for the Eyes","floor":2},{"not_picked":["Hologram","Compile Driver"],"picked":"Beam Cell","floor":4},{"not_picked":["Rebound","Undo"],"picked":"Loop","floor":5},{"not_picked":["Turbo","Redo"],"picked":"Seek","floor":6},{"not_picked":["Turbo","Streamline"],"picked":"Go for the Eyes","floor":10},{"not_picked":["Beam Cell","Aggregate"],"picked":"Coolheaded","floor":11},{"not_picked":["Compile Driver","Steam"],"picked":"Go for the Eyes","floor":13},{"not_picked":["Creative AI","Fission"],"picked":"Electrodynamics","floor":16},{"not_picked":["Auto Shields+1","Streamline"],"picked":"Doom and Gloom","floor":18},{"not_picked":["Gash","Turbo","Steam"],"picked":"SKIP","floor":21},{"not_picked":["Glacier","Cold Snap+1"],"picked":"BootSequence","floor":22},{"not_picked":["Turbo","Biased Cognition"],"picked":"Ball Lightning","floor":25},{"not_picked":["Heatsinks","Rip and Tear","Gash"],"picked":"SKIP","floor":29},{"not_picked":["Genetic Algorithm","Ball Lightning"],"picked":"Tempest+1","floor":30},{"not_picked":["Skim","Turbo"],"picked":"Capacitor","floor":31},{"not_picked":["Seek","Reboot"],"picked":"Electrodynamics","floor":33},{"not_picked":["Gash+1","Rebound"],"picked":"Leap+1","floor":35},{"not_picked":["Conserve Battery","Ball Lightning+1"],"picked":"Hologram+1","floor":36},{"not_picked":["Leap","Undo"],"picked":"Barrage","floor":38},{"not_picked":["Ball Lightning","Skim"],"picked":"Lockon+1","floor":39},{"not_picked":["Gash","Hologram","Ball Lightning"],"picked":"SKIP","floor":41},{"not_picked":["Compile Driver","Stack"],"picked":"FTL","floor":44},{"not_picked":["Buffer","Rebound+1"],"picked":"Defragment","floor":45},{"not_picked":["Cold Snap","Streamline"],"picked":"Melter+1","floor":48},{"not_picked":["Recycle","Hologram"],"picked":"Consume","floor":54}],"player_experience":336021,"relics_obtained":[{"floor":6,"key":"Pocketwatch"},{"floor":9,"key":"Symbiotic Virus"},{"floor":11,"key":"Meat on the Bone"},{"floor":25,"key":"Incense Burner"},{"floor":26,"key":"Bottled Lightning"},{"floor":31,"key":"Smiling Mask"},{"floor":41,"key":"Emotion Chip"},{"floor":45,"key":"Boot"},{"floor":48,"key":"Ginger"},{"floor":54,"key":"Lantern"}],"event_choices":[{"damage_healed":0,"gold_gain":0,"cards_transformed":["Strike_B"],"player_choice":"Transformed","damage_taken":0,"max_hp_gain":0,"max_hp_loss":0,"event_name":"Transmorgrifier","floor":14,"gold_loss":0,"cards_obtained":["Cold Snap"]},{"damage_healed":0,"gold_gain":0,"player_choice":"Opened","damage_taken":0,"relics_obtained":["Ice Cream"],"max_hp_gain":0,"max_hp_loss":0,"event_name":"The Mausoleum","floor":19,"gold_loss":0,"cards_obtained":["Writhe"]},{"damage_healed":0,"gold_gain":99,"player_choice":"Stole From Cult","damage_taken":0,"max_hp_gain":0,"max_hp_loss":0,"event_name":"Nest","floor":20,"gold_loss":0},{"damage_healed":0,"gold_gain":0,"player_choice":"Copied","damage_taken":0,"max_hp_gain":0,"max_hp_loss":0,"event_name":"Duplicator","floor":28,"gold_loss":0,"cards_obtained":["Defragment"]},{"damage_healed":0,"gold_gain":0,"player_choice":"Paid","damage_taken":0,"relics_obtained":["Red Mask"],"max_hp_gain":0,"max_hp_loss":0,"event_name":"Tomb of Lord Red Mask","floor":47,"gold_loss":215}],"is_beta":false,"boss_relics":[{"not_picked":["Coffee Dripper","Fusion Hammer"],"picked":"Velvet Choker"},{"not_picked":["Snecko Eye","Empty Cage"],"picked":"Inserter"}],"items_purged_floors":[24,37],"is_endless":false,"potions_floor_spawned":[2,5,6,16,18,21,22,33,35,41,45,48],"killed_by":"The Heart","ascension_level":5}