{"gold_per_floor":[118,133,9,9,25,25,54,54,79,114,114,114,131,150,150,246,246,258,258,258,269,286,314,324,344,368,385,385,92,111,129,129,224,224,239,255,255,155,165,165,184,184,184,184,197,210,224,224,224,224,224,224,5,38,38],"floor_reached":55,"playtime":4143,"items_purged":["Strike_R","Strike_R","Strike_R"],"score":755,"play_id":"015009a6-4485-410d-8d02-2b6cc2ecf162","local_time":"20190316133901","is_ascension_mode":false,"campfire_choices":[{"data":"True Grit","floor":6,"key":"SMITH"},{"data":"Pommel Strike","floor":8,"key":"SMITH"},{"floor":11,"key":"RECALL"},{"data":"Bash","floor":15,"key":"SMITH"},{"data":"Heavy Blade","floor":28,"key":"SMITH"},{"data":"Demon Form","floor":32,"key":"SMITH"},{"data":"Exhume","floor":40,"key":"SMITH"},{"data":"Iron Wave","floor":42,"key":"SMITH"},{"data":"Shrug It Off","floor":49,"key":"SMITH"},{"data":"Wild Strike","floor":52,"key":"SMITH"}],"neow_cost":"NONE","seed_source_timestamp":262973911704987,"circlet_count":0,"master_deck":["Defend_R","Defend_R","Defend_R","Defend_R","Bash+1","True Grit+1","Wild Strike+1","Cleave","Pommel Strike+1","Spot Weakness","Iron Wave+1","Demon Form+1","Ghostly","Ghostly","Ghostly","Ghostly","Ghostly","Ghostly","Heavy Blade+1","Shrug It Off+1","Shrug It Off+1","Exhume+1","Pommel Strike+1","Dark Shackles"],"relics":["Burning Blood","Oddly Smooth Stone","Bronze Scales","Sundial","Coffee Dripper","Boot","Dead Branch","Velvet Choker","Thread and Needle","Paper Frog"],"potions_floor_usage":[7,16,23,55,55,55],"damage_taken":[{"damage":10,"enemies":"Small Slimes","floor":1,"turns":5},{"damage":1,"enemies":"Jaw Worm","floor":2,"turns":6},{"damage":4,"enemies":"Cultist","floor":5,"turns":5},{"damage":47,"enemies":"Lagavulin","floor":7,"turns":6},{"damage":27,"enemies":"Gremlin Nob","floor":10,"turns":4},{"damage":0,"enemies":"Looter","floor":13,"turns":4},{"damage":0,"enemies":"2 Fungi Beasts","floor":14,"turns":2},{"damage":0,"enemies":"Slime Boss","floor":16,"turns":7},{"damage":3,"enemies":"3 Byrds","floor":18,"turns":3},{"damage":1,"enemies":"Spheric Guardian","floor":21,"turns":5},{"damage":2,"enemies":"3 Cultists","floor":22,"turns":6},{"damage":9,"enemies":"Gremlin Leader","floor":23,"turns":5},{"damage":18,"enemies":"Sentry and Sphere","floor":24,"turns":6},{"damage":1,"enemies":"Centurion and Healer","floor":25,"turns":7},{"damage":1,"enemies":"Snecko","floor":27,"turns":5},{"damage":3,"enemies":"Snake Plant","floor":30,"turns":4},{"damage":3,"enemies":"Centurion and Healer","floor":31,"turns":5},{"damage":22,"enemies":"Automaton","floor":33,"turns":10},{"damage":0,"enemies":"3 Shapes","floor":35,"turns":6},{"damage":5,"enemies":"3 Darklings","floor":36,"turns":6},{"damage":2,"enemies":"Sphere and 2 Shapes","floor":39,"turns":6},{"damage":1,"enemies":"Transient","floor":41,"turns":5},{"damage":0,"enemies":"Jaw Worm Horde","floor":45,"turns":4},{"damage":8,"enemies":"4 Shapes","floor":46,"turns":5},{"damage":0,"enemies":"3 Darklings","floor":47,"turns":4},{"damage":40,"enemies":"Time Eater","floor":50,"turns":13},{"damage":1,"enemies":"Shield and Spear","floor":54,"turns":7},{"damage":47,"enemies":"The Heart","floor":55,"turns":9}],"seed_played":"5997164238867699224","potions_obtained":[{"floor":5,"key":"Dexterity Potion"},{"floor":13,"key":"Strength Potion"},{"floor":14,"key":"Fire Potion"},{"floor":16,"key":"Strength Potion"},{"floor":21,"key":"Strength Potion"},{"floor":22,"key":"GamblersBrew"},{"floor":24,"key":"BloodPotion"},{"floor":25,"key":"LiquidBronze"},{"floor":36,"key":"Explosive Potion"}],"is_trial":false,"path_per_floor":["M","M","$","?","M","R","E","R","T","E","R","?","M","M","R","B",null,"M","?","?","M","M","E","M","M","T","M","R","$","M","M","R","B",null,"M","M","?","$","M","R","M","R","T","?","M","M","M","?","R","B",null,"R","$","E","B"],"character_chosen":"IRONCLAD","items_purchased":["Wild Strike","Dead Branch","Dark Shackles"],"campfire_rested":0,"item_purchase_floors":[3,29,53],"current_hp_per_floor":[84,88,88,88,88,88,47,47,47,26,26,26,32,38,38,44,88,88,44,44,44,44,41,29,34,34,39,39,39,42,44,44,28,44,44,44,44,44,44,44,44,44,44,44,44,42,44,44,44,10,44,44,44,44,0],"gold":38,"neow_bonus":"TEN_PERCENT_HP_BONUS","is_prod":false,"is_daily":false,"chose_seed":false,"campfire_upgraded":9,"win_rate":0,"timestamp":1552768741,"path_taken":["M","M","$","?","M","R","E","R","T","E","R","?","?","M","R","BOSS","M","?","?","M","M","E","M","M","T","?","R","$","M","M","R","BOSS","M","M","?","$","M","R","M","R","T","?","M","M","?","?","R","BOSS","R","$","E","BOSS"],"build_version":"2019-01-23","purchased_purges":3,"victory":false,"max_hp_per_floor":[88,88,88,88,88,88,88,88,88,88,88,88,88,88,88,88,88,88,44,44,44,44,44,44,44,44,44,44,44,44,44,44,44,44,44,44,44,44,44,44,44,44,44,44,44,44,44,44,44,44,44,44,44,44,44],"card_choices":[{"not_picked":["Wild Strike","Havoc"],"picked":"True Grit","floor":1},{"not_picked":["Fire Breathing","Rage","Warcry"],"picked":"SKIP","floor":2},{"not_picked":["Sword Boomerang","Combust"],"picked":"Cleave","floor":5},{"not_picked":["Headbutt","Battle Trance"],"picked":"Pommel Strike","floor":7},{"not_picked":["Anger","Wild Strike","Pummel"],"picked":"SKIP","floor":10},{"not_picked":["Pummel","Warcry"],"picked":"Spot Weakness","floor":13},{"not_picked":["Clothesline","Headbutt"],"picked":"Iron Wave","floor":14},{"not_picked":["Fiend Fire","Bludgeon"],"picked":"Demon Form","floor":16},{"not_picked":["Blood for Blood","Armaments","Flex"],"picked":"SKIP","floor":18},{"not_picked":["Wild Strike+1","Evolve"],"picked":"Heavy Blade","floor":21},{"not_picked":["Intimidate","True Grit"],"picked":"Shrug It Off","floor":22},{"not_picked":["Headbutt","Iron Wave","Sword Boomerang"],"picked":"SKIP","floor":23},{"not_picked":["Clash","Iron Wave","Pommel Strike"],"picked":"SKIP","floor":24},{"not_picked":["Rampage+1","Clothesline","True Grit"],"picked":"SKIP","floor":25},{"not_picked":["Havoc","Heavy Blade+1","Twin Strike"],"picked":"SKIP","floor":27},{"not_picked":["Iron Wave","Feed"],"picked":"Shrug It Off","floor":30},{"not_picked":["Searing Blow","Wild Strike","Headbutt+1"],"picked":"SKIP","floor":31},{"not_picked":["Juggernaut","Reaper"],"picked":"Exhume","floor":33},{"not_picked":["Havoc","Headbutt+1","Thunderclap"],"picked":"SKIP","floor":35},{"not_picked":["Pommel Strike+1","Twin Strike","Iron Wave+1"],"picked":"SKIP","floor":36},{"not_picked":["Dropkick+1","Heavy Blade","Clash"],"picked":"SKIP","floor":39},{"not_picked":["Body Slam","Rage","Uppercut"],"picked":"SKIP","floor":41},{"not_picked":["Ghostly Armor","Barricade","Sword Boomerang"],"picked":"SKIP","floor":45},{"not_picked":["Corruption","Pommel Strike","Flex"],"picked":"SKIP","floor":46},{"not_picked":["Iron Wave+1","Anger+1"],"picked":"Pommel Strike+1","floor":47},{"not_picked":["Clash+1","Pommel Strike+1","Shockwave"],"picked":"SKIP","floor":54}],"player_experience":491495,"relics_obtained":[{"floor":7,"key":"Oddly Smooth Stone"},{"floor":9,"key":"Bronze Scales"},{"floor":10,"key":"Sundial"},{"floor":23,"key":"Boot"},{"floor":43,"key":"Thread and Needle"},{"floor":54,"key":"Paper Frog"}],"event_choices":[{"damage_healed":0,"gold_gain":0,"player_choice":"Ignored","damage_taken":0,"max_hp_gain":0,"max_hp_loss":0,"event_name":"Liars Game","floor":4,"gold_loss":0},{"cards_removed":["Strike_R"],"damage_healed":0,"gold_gain":0,"player_choice":"Purged","damage_taken":0,"max_hp_gain":0,"max_hp_loss":0,"event_name":"Purifier","floor":12,"gold_loss":0},{"damage_healed":0,"gold_gain":0,"player_choice":"Became a Ghost","damage_taken":0,"max_hp_gain":0,"max_hp_loss":44,"event_name":"Ghosts","floor":19,"gold_loss":0,"cards_obtained":["Ghostly","Ghostly","Ghostly","Ghostly","Ghostly"]},{"damage_healed":0,"gold_gain":0,"player_choice":"Copied","damage_taken":0,"max_hp_gain":0,"max_hp_loss":0,"event_name":"Duplicator","floor":20,"gold_loss":0,"cards_obtained":["Ghostly"]},{"damage_healed":0,"gold_gain":0,"player_choice":"Ignored","damage_taken":0,"max_hp_gain":0,"max_hp_loss":0,"event_name":"Tomb of Lord Red Mask","floor":37,"gold_loss":0},{"damage_healed":0,"gold_gain":0,"player_choice":"Forge","damage_taken":0,"max_hp_gain":0,"max_hp_loss":0,"event_name":"Accursed Blacksmith","floor":44,"gold_loss":0,"cards_upgraded":["Shrug It Off"]},{"cards_removed":["Strike_R"],"damage_healed":0,"gold_gain":0,"player_choice":"Removed Attack","damage_taken":0,"max_hp_gain":0,"max_hp_loss":0,"event_name":"Falling","floor":48,"gold_loss":0}],"is_beta":false,"boss_relics":[{"not_picked":["Calling Bell","Black Blood"],"picked":"Coffee Dripper"},{"not_picked":["Runic Pyramid","Black Star"],"picked":"Velvet Choker"}],"items_purged_floors":[3,38,53],"is_endless":false,"potions_floor_spawned":[5,13,14,16,21,22,24,25,36,41,46],"killed_by":"The Heart","ascension_level":0}