{"gold_per_floor":[112,287,61,78,78,109,109,122,203,229,229,253,265,285,285,380,380,400,147,162,208,220,253,253,273,273,148,148,166,166,16,16,16],"floor_reached":33,"playtime":1628,"items_purged":["Doubt","Regret","Strike_B","Strike_B"],"score":289,"play_id":"4ec4d7a8-74f9-460e-830d-f5a6fb0aa3f4","local_time":"20180922172257","is_ascension_mode":true,"campfire_choices":[{"data":"Ball Lightning","floor":7,"key":"SMITH"},{"data":"Chaos","floor":15,"key":"SMITH"},{"floor":24,"key":"REST"},{"floor":32,"key":"REST"}],"neow_cost":"","seed_source_timestamp":803471010199376,"circlet_count":0,"master_deck":["Defend_B","Defend_B+1","Defend_B","Defend_B","Zap","Dualcast","Cold Snap","Ball Lightning+1","Auto Shields+1","Rip and Tear","Ball Lightning","Loop","Chaos+1","Beam Cell","Thunder Strike","Rebound","Tempest","Conserve Battery+1","Ball Lightning","Decay","Fusion","Gash"],"relics":["Cracked Core","Anchor","Oddly Smooth Stone","Pen Nib","Mummified Hand","Art of War","Ancient Tea Set","Snecko Eye","War Paint","Happy Flower","Juzu Bracelet","Darkstone Periapt"],"potions_floor_usage":[23,33],"damage_taken":[{"damage":1,"enemies":"2 Louse","floor":1,"turns":2},{"damage":0,"enemies":"Small Slimes","floor":4,"turns":2},{"damage":28,"enemies":"3 Sentries","floor":6,"turns":7},{"damage":2,"enemies":"Jaw Worm","floor":8,"turns":3},{"damage":6,"enemies":"Gremlin Nob","floor":10,"turns":3},{"damage":2,"enemies":"Large Slime","floor":13,"turns":4},{"damage":0,"enemies":"Blue Slaver","floor":14,"turns":2},{"damage":7,"enemies":"Slime Boss","floor":16,"turns":8},{"damage":10,"enemies":"Shell Parasite","floor":18,"turns":5},{"damage":0,"enemies":"Chosen","floor":20,"turns":3},{"damage":16,"enemies":"Snake Plant","floor":22,"turns":3},{"damage":34,"enemies":"Gremlin Leader","floor":23,"turns":6},{"damage":0,"enemies":"Centurion and Healer","floor":25,"turns":4},{"damage":10,"enemies":"Snecko","floor":29,"turns":3},{"damage":66,"enemies":"Automaton","floor":33,"turns":6}],"seed_played":"-9221641795657614712","potions_obtained":[{"floor":1,"key":"SpeedPotion"},{"floor":4,"key":"PowerPotion"},{"floor":10,"key":"Energy Potion"},{"floor":18,"key":"Energy Potion"}],"is_trial":false,"path_per_floor":["M","?","$","M","?","E","R","M","T","E","?","T","M","M","R","B",null,"M","$","M","T","M","E","R","M","T","$","?","M","?","$","R"],"character_chosen":"DEFECT","items_purchased":["Anchor","War Paint"],"campfire_rested":2,"item_purchase_floors":[3,19],"current_hp_per_floor":[74,74,74,74,74,46,46,44,44,38,38,38,36,36,36,29,75,65,65,65,65,49,15,37,37,37,37,43,33,33,33,57,0],"gold":16,"neow_bonus":"","is_prod":false,"is_daily":false,"chose_seed":false,"campfire_upgraded":2,"win_rate":0,"timestamp":1537662177,"path_taken":["M","?","$","M","?","E","R","M","T","E","?","?","M","?","R","BOSS","M","$","?","?","M","E","R","M","T","$","?","M","?","?","R","BOSS"],"build_version":"2018-09-20","purchased_purges":4,"victory":false,"max_hp_per_floor":[75,75,75,75,75,75,75,75,75,75,75,75,75,75,75,75,75,75,75,75,75,75,75,75,75,75,75,81,81,81,81,81,81],"card_choices":[{"not_picked":["Tempest","Conserve Battery"],"picked":"Cold Snap","floor":1},{"not_picked":["Recycle","Barrage"],"picked":"Ball Lightning","floor":4},{"not_picked":["Hologram","Blizzard"],"picked":"Auto Shields","floor":6},{"not_picked":["Reboot","Steam"],"picked":"Rip and Tear","floor":8},{"not_picked":["Turbo","Sunder"],"picked":"Ball Lightning","floor":10},{"not_picked":["Cold Snap","Sunder"],"picked":"Chaos","floor":13},{"not_picked":["Ball Lightning","Consume"],"picked":"Beam Cell","floor":14},{"not_picked":["Hyperbeam","Meteor Strike"],"picked":"Thunder Strike","floor":16},{"not_picked":["Sweeping Beam","Turbo"],"picked":"Rebound","floor":18},{"not_picked":["Stack+1","Turbo","Compile Driver"],"picked":"SKIP","floor":20},{"not_picked":["Barrage","Redo"],"picked":"Tempest","floor":22},{"not_picked":["Core Surge","Lockon"],"picked":"Conserve Battery+1","floor":23},{"not_picked":["Reprogram","Leap"],"picked":"Ball Lightning","floor":25},{"not_picked":["BootSequence","Darkness"],"picked":"Fusion","floor":29}],"player_experience":141784,"relics_obtained":[{"floor":6,"key":"Pen Nib"},{"floor":9,"key":"Mummified Hand"},{"floor":10,"key":"Art of War"},{"floor":12,"key":"Ancient Tea Set"},{"floor":21,"key":"Happy Flower"},{"floor":23,"key":"Juzu Bracelet"},{"floor":26,"key":"Darkstone Periapt"}],"event_choices":[{"event_name":"Liars Game","player_choice":"agreed","floor":2,"damage_taken":0},{"event_name":"Big Fish","player_choice":"Box","floor":5,"damage_taken":0},{"event_name":"Transmorgrifier","player_choice":"Transform","floor":11,"damage_taken":0},{"event_name":"Forgotten Altar","player_choice":"Smashed Altar","floor":28,"damage_taken":0},{"event_name":"Transmorgrifier","player_choice":"Transform","floor":30,"damage_taken":0}],"is_beta":false,"boss_relics":[{"not_picked":["Runic Dome","FrozenCore"],"picked":"Snecko Eye"}],"items_purged_floors":[3,19,27,31],"is_endless":false,"potions_floor_spawned":[1,4,10,16,18,22],"killed_by":"Automaton","ascension_level":1}