{"gold_per_floor":[110,35,35,51,63,63,76,98,123,123,135,211,111,111,111,208,208,219,94,94,17,33,33,60,60,86,86,102,126,144,106,106,210,260,276,126,146,146,146,146,174,186,212,230,230,244,41,41],"floor_reached":48,"playtime":4223,"items_purged":["Defend_G","Strike_G","Strike_G","Strike_G"],"score":668,"play_id":"a53346af-efcd-495e-9ac5-ae2aa1c881a3","local_time":"20180722224102","is_ascension_mode":false,"campfire_choices":[{"data":"Neutralize","floor":6,"key":"SMITH"},{"data":"Blade Dance","floor":10,"key":"SMITH"},{"floor":15,"key":"REST"},{"data":"Tools of the Trade","floor":23,"key":"SMITH"},{"data":"Accuracy","floor":25,"key":"SMITH"},{"data":"Distraction","floor":27,"key":"SMITH"},{"floor":32,"key":"REST"},{"floor":40,"key":"DIG"},{"floor":45,"key":"DIG"}],"neow_cost":"FIFTY_PERCENT_DAMAGE","seed_source_timestamp":200417862029987,"circlet_count":0,"master_deck":["Defend_G","Defend_G","Survivor","Neutralize+1","Blade Dance+1","Backstab+1","Flying Knee","Backflip+1","Flying Knee+1","Cloak And Dagger","Tools of the Trade+1","Distraction+1","J.A.X.","Accuracy+1","Terror+1","PiercingWail","Finisher+1","Backstab","Adrenaline","Dagger Throw","Calculated Gamble+1","Cloak And Dagger+1","Dash+1","Madness","Madness","Underhanded Strike+1","Finisher+1","Blade Dance"],"relics":["Ring of the Snake","Odd Mushroom","Art of War","Question Card","Eternal Feather","Nilry\u0027s Codex","Bronze Scales","Anchor","Lantern","Tiny House","Shovel","Bag of Marbles","Molten Egg 2","Snake Skull","Ice Cream","Whetstone"],"potions_floor_usage":[16,16,24,33,37,38,44],"damage_taken":[{"damage":0,"enemies":"Jaw Worm","floor":1,"turns":7},{"damage":0,"enemies":"Small Slimes","floor":4,"turns":3},{"damage":0,"enemies":"Cultist","floor":5,"turns":2},{"damage":0,"enemies":"Blue Slaver","floor":7,"turns":3},{"damage":7,"floor":8,"turns":4},{"damage":0,"enemies":"Exordium Wildlife","floor":11,"turns":1},{"damage":35,"enemies":"Hexaghost","floor":16,"turns":12},{"damage":1,"enemies":"Chosen","floor":18,"turns":4},{"damage":14,"enemies":"2 Thieves","floor":22,"turns":4},{"damage":35,"enemies":"Slavers","floor":24,"turns":5},{"damage":16,"enemies":"Snake Plant","floor":28,"turns":3},{"damage":17,"enemies":"Snecko","floor":30,"turns":4},{"damage":11,"enemies":"Champ","floor":33,"turns":6},{"damage":3,"enemies":"Flame Bruiser 1 Orb","floor":35,"turns":3},{"damage":22,"enemies":"3 Shapes","floor":37,"turns":3},{"damage":3,"floor":38,"turns":2},{"damage":35,"enemies":"Giant Head","floor":41,"turns":6},{"damage":3,"enemies":"3 Darklings","floor":42,"turns":4},{"damage":0,"enemies":"Flame Bruiser 2 Orb","floor":44,"turns":2},{"damage":4,"enemies":"Transient","floor":46,"turns":5},{"damage":30,"enemies":"Spire Growth","floor":48,"turns":2}],"seed_played":"-8889873640032023516","potions_obtained":[{"floor":1,"key":"Fire Potion"},{"floor":7,"key":"AttackPotion"},{"floor":8,"key":"Block Potion"},{"floor":11,"key":"Regen Potion"},{"floor":30,"key":"SkillPotion"},{"floor":34,"key":"SkillPotion"},{"floor":35,"key":"Fire Potion"},{"floor":37,"key":"Swift Potion"},{"floor":41,"key":"Ancient Potion"}],"is_trial":false,"path_per_floor":["M","$","?","M","M","R","M","?","T","R","M","T","$","?","R","B",null,"M","$","?","?","M","R","E","R","T","R","M","T","M","$","R","B",null,"M","$","M","?","?","R","E","M","T","M","R","M","$"],"character_chosen":"THE_SILENT","items_purchased":["Backstab","Whetstone","Dexterity Potion"],"campfire_rested":2,"item_purchase_floors":[31,47,47],"current_hp_per_floor":[35,35,28,28,28,28,28,21,21,21,21,21,21,21,42,7,70,69,69,53,53,39,48,28,37,37,46,30,30,13,13,43,32,75,72,72,50,47,38,53,18,15,15,15,30,26,26,0],"gold":41,"neow_bonus":"REMOVE_TWO","is_prod":false,"is_daily":false,"chose_seed":false,"campfire_upgraded":5,"win_rate":0,"timestamp":1532324462,"path_taken":["M","$","?","M","M","R","M","?","T","R","?","?","$","?","R","BOSS","M","$","?","?","M","R","E","R","T","R","M","?","M","$","R","BOSS","M","$","M","?","?","R","E","M","T","M","R","M","$","M"],"build_version":"2018-07-19v2","purchased_purges":4,"victory":false,"max_hp_per_floor":[70,70,70,70,70,70,70,70,70,70,70,70,70,70,70,70,70,70,70,70,70,70,70,70,70,70,70,70,70,70,70,70,70,75,75,75,75,75,75,75,75,75,75,75,75,75,75,75],"card_choices":[{"not_picked":["Bouncing Flask","Underhanded Strike"],"picked":"Blade Dance","floor":1},{"not_picked":["Tactician","Cloak And Dagger"],"picked":"Backstab","floor":4},{"not_picked":["PiercingWail","Outmaneuver"],"picked":"Flying Knee","floor":5},{"not_picked":["Crippling Poison","Heel Hook"],"picked":"Backflip","floor":7},{"not_picked":["Quick Slash","PiercingWail"],"picked":"Flying Knee","floor":8},{"not_picked":["Deadly Poison","Outmaneuver"],"picked":"Cloak And Dagger","floor":11},{"not_picked":["Phantasmal Killer","Doppelganger","Venomology"],"picked":"Tools of the Trade","floor":16},{"not_picked":["Leg Sweep","Sucker Punch","Footwork"],"picked":"Distraction","floor":18},{"not_picked":["Flying Knee+1","Underhanded Strike","Bane"],"picked":"Accuracy","floor":22},{"not_picked":["Backstab+1","Outmaneuver","Cloak And Dagger"],"picked":"Terror+1","floor":24},{"not_picked":["Catalyst","Sucker Punch+1","Skewer"],"picked":"PiercingWail","floor":28},{"not_picked":["Cloak And Dagger","Eviscerate","Dodge and Roll"],"picked":"Finisher+1","floor":30},{"not_picked":["Die Die Die","Storm of Steel","Phantasmal Killer"],"picked":"Adrenaline","floor":33},{"not_picked":["Outmaneuver","Poisoned Stab","Dodge and Roll"],"picked":"Dagger Throw","floor":34},{"not_picked":["Catalyst+1","All Out Attack","Caltrops+1"],"picked":"Calculated Gamble+1","floor":35},{"not_picked":["Bane","Phantasmal Killer","Outmaneuver"],"picked":"Cloak And Dagger+1","floor":37},{"not_picked":["Flying Knee+1","Bane+1","A Thousand Cuts"],"picked":"Dash+1","floor":38},{"not_picked":["Flying Knee+1","Leg Sweep","Blur+1","Sucker Punch+1"],"picked":"SKIP","floor":41},{"not_picked":["Deadly Poison+1","Slice+1","All Out Attack+1"],"picked":"Underhanded Strike+1","floor":42},{"not_picked":["Quick Slash+1","Escape Plan","Deflect"],"picked":"Finisher+1","floor":44},{"not_picked":["Acrobatics","Backflip+1","All Out Attack+1"],"picked":"Blade Dance","floor":46}],"player_experience":76038,"relics_obtained":[{"floor":8,"key":"Odd Mushroom"},{"floor":9,"key":"Art of War"},{"floor":12,"key":"Question Card"},{"floor":20,"key":"Nilry\u0027s Codex"},{"floor":24,"key":"Bronze Scales"},{"floor":26,"key":"Anchor"},{"floor":29,"key":"Lantern"},{"floor":38,"key":"Shovel"},{"floor":40,"key":"Bag of Marbles"},{"floor":41,"key":"Molten Egg 2"},{"floor":43,"key":"Snake Skull"},{"floor":45,"key":"Ice Cream"}],"event_choices":[{"event_name":"Golden Wing","player_choice":"Card Removal","floor":3,"damage_taken":0},{"event_name":"Mushrooms","player_choice":"Fought Mushrooms","floor":8,"damage_taken":0},{"event_name":"Living Wall","player_choice":"Forget","floor":14,"damage_taken":0},{"event_name":"Cursed Tome","player_choice":"Obtained Book","floor":20,"damage_taken":0},{"event_name":"Drug Dealer","player_choice":"Got JAXXED","floor":21,"damage_taken":0},{"event_name":"MindBloom","player_choice":"Fight","floor":38,"damage_taken":0},{"event_name":"Winding Halls","player_choice":"Embrace Madness","floor":39,"damage_taken":0}],"is_beta":false,"boss_relics":[{"not_picked":["Lizard Tail","Calling Bell"],"picked":"Eternal Feather"},{"not_picked":["Fusion Hammer","Runic Dome"],"picked":"Tiny House"}],"items_purged_floors":[2,13,19,36],"is_endless":false,"potions_floor_spawned":[1,7,8,11,30,35,37,41],"killed_by":"Spire Growth","ascension_level":0}