{"gold_per_floor":[110,35,45,18,93,122,140,157,157,173,173,183,83,117,117,117],"floor_reached":16,"playtime":811,"items_purged":["Defend_R","Strike_R"],"score":134,"play_id":"05e947c8-078f-47d6-ab83-cec5e20e4538","local_time":"20190127231144","is_ascension_mode":true,"campfire_choices":[{"data":"Armaments","floor":11,"key":"SMITH"},{"floor":15,"key":"REST"}],"neow_cost":"NONE","seed_source_timestamp":555006467769589,"circlet_count":0,"master_deck":["Strike_R","Strike_R","Strike_R","Strike_R","Defend_R","Defend_R","Defend_R","Bash","Thunderclap","Dropkick","Anger","Armaments+1","Blood for Blood","Iron Wave","Iron Wave","Feed","Bloodletting"],"relics":["Burning Blood","Oddly Smooth Stone","Omamori","Bottled Lightning","Girya"],"potions_floor_usage":[6,16],"damage_taken":[{"damage":4,"enemies":"Cultist","floor":1,"turns":4},{"damage":6,"enemies":"Small Slimes","floor":3,"turns":3},{"damage":28,"enemies":"3 Sentries","floor":6,"turns":6},{"damage":7,"enemies":"Jaw Worm","floor":7,"turns":3},{"damage":0,"enemies":"Exordium Thugs","floor":8,"turns":3},{"damage":12,"enemies":"Gremlin Gang","floor":10,"turns":4},{"damage":7,"enemies":"Looter","floor":12,"turns":4},{"damage":20,"enemies":"Gremlin Nob","floor":14,"turns":4},{"damage":63,"enemies":"The Guardian","floor":16,"turns":8}],"seed_played":"-7243989768849228035","potions_obtained":[{"floor":3,"key":"Explosive Potion"},{"floor":6,"key":"SmokeBomb"},{"floor":14,"key":"Weak Potion"}],"is_trial":false,"path_per_floor":["M","$","M","$","?","E","M","M","T","M","R","M","$","E","R","B"],"character_chosen":"IRONCLAD","items_purchased":["Anger"],"campfire_rested":1,"item_purchase_floors":[4],"current_hp_per_floor":[80,80,80,80,72,50,49,55,55,49,49,48,48,34,58,0],"gold":117,"neow_bonus":"RANDOM_COMMON_RELIC","is_prod":false,"is_daily":false,"chose_seed":false,"campfire_upgraded":1,"win_rate":0,"timestamp":1548659504,"path_taken":["M","$","?","$","?","E","?","M","T","M","R","?","$","E","R","BOSS"],"build_version":"2019-01-23","purchased_purges":2,"victory":false,"max_hp_per_floor":[80,80,80,80,80,80,80,80,80,80,80,80,80,80,80,80],"card_choices":[{"not_picked":["True Grit","Fire Breathing"],"picked":"Thunderclap","floor":1},{"not_picked":["Seeing Red","Iron Wave"],"picked":"Dropkick","floor":3},{"not_picked":["Rage","Hemokinesis"],"picked":"Armaments","floor":6},{"not_picked":["Pommel Strike","Clash"],"picked":"Blood for Blood","floor":7},{"not_picked":["Clothesline","Perfected Strike"],"picked":"Iron Wave","floor":8},{"not_picked":["Spot Weakness","Twin Strike"],"picked":"Iron Wave","floor":10},{"not_picked":["Dual Wield","Havoc"],"picked":"Feed","floor":12},{"not_picked":["Headbutt","Searing Blow"],"picked":"Bloodletting","floor":14}],"player_experience":186834,"relics_obtained":[{"floor":6,"key":"Omamori"},{"floor":9,"key":"Bottled Lightning"},{"floor":14,"key":"Girya"}],"event_choices":[{"damage_healed":0,"gold_gain":75,"player_choice":"Touch","damage_taken":8,"max_hp_gain":0,"max_hp_loss":0,"event_name":"FaceTrader","floor":5,"gold_loss":0}],"is_beta":false,"boss_relics":[],"items_purged_floors":[2,13],"is_endless":false,"potions_floor_spawned":[3,6,14],"killed_by":"The Guardian","ascension_level":4}