{"gold_per_floor":[119,132,151,166,52,52,81,81,81,96,171,346,346,363,363,460,460,476,91,6,6,6,35,47,71,83,25,25,35,48,61,61,157,157,168,43,62,77,77,93,93,110,158,158,172,172,189,25,25,25],"floor_reached":51,"playtime":2065,"items_purged":["Strike_G","Doubt","Strike_G"],"score":821,"play_id":"dfa93274-e072-48fa-bc74-d71cbb255086","local_time":"20190313192851","is_ascension_mode":false,"campfire_choices":[{"data":"Neutralize","floor":6,"key":"SMITH"},{"floor":15,"key":"REST"},{"floor":24,"key":"REST"},{"floor":28,"key":"REST"},{"floor":32,"key":"REST"},{"floor":41,"key":"REST"},{"floor":49,"key":"REST"}],"neow_cost":"NONE","seed_source_timestamp":350816186068248,"circlet_count":0,"master_deck":["Defend_G","Defend_G","Defend_G","Defend_G","Defend_G","Strike_G","Strike_G","Strike_G","Survivor","Neutralize+1","Terror","Poisoned Stab","Dodge and Roll","Caltrops","Noxious Fumes+1","Corpse Explosion","Acrobatics","Bouncing Flask+1","Envenom+1","Blade Dance","Cloak And Dagger","Well Laid Plans+1","Deflect+1","Mayhem+1"],"relics":["Ring of the Snake","Happy Flower","Regal Pillow","Blue Candle","Frozen Egg 2","Fusion Hammer","Dodecahedron","Omamori","MawBank","Lantern","Busted Crown","Juzu Bracelet"],"potions_floor_usage":[16,16,18,33,33,33,40,42,45,50,50],"damage_taken":[{"damage":0,"enemies":"Cultist","floor":1,"turns":4},{"damage":0,"enemies":"2 Louse","floor":2,"turns":4},{"damage":0,"enemies":"Jaw Worm","floor":3,"turns":3},{"damage":6,"enemies":"Looter","floor":4,"turns":3},{"damage":16,"enemies":"Gremlin Nob","floor":7,"turns":5},{"damage":3,"enemies":"Large Slime","floor":10,"turns":6},{"damage":0,"enemies":"2 Fungi Beasts","floor":14,"turns":3},{"damage":26,"enemies":"The Guardian","floor":16,"turns":8},{"damage":20,"enemies":"Spheric Guardian","floor":18,"turns":5},{"damage":32,"enemies":"Book of Stabbing","floor":23,"turns":6},{"damage":0,"enemies":"3 Byrds","floor":25,"turns":2},{"damage":13,"enemies":"Centurion and Healer","floor":29,"turns":5},{"damage":15,"enemies":"Snake Plant","floor":30,"turns":5},{"damage":9,"enemies":"Shelled Parasite and Fungi","floor":31,"turns":5},{"damage":69,"enemies":"Collector","floor":33,"turns":9},{"damage":15,"enemies":"3 Darklings","floor":35,"turns":4},{"damage":5,"enemies":"Orb Walker","floor":37,"turns":4},{"damage":22,"enemies":"Jaw Worm Horde","floor":38,"turns":3},{"damage":24,"enemies":"Sphere and 2 Shapes","floor":40,"turns":5},{"damage":10,"enemies":"Spire Growth","floor":42,"turns":4},{"damage":28,"enemies":"3 Darklings","floor":45,"turns":3},{"damage":1,"enemies":"Transient","floor":47,"turns":5},{"damage":44,"enemies":"Donu and Deca","floor":50,"turns":5}],"seed_played":"369138016952845850","potions_obtained":[{"floor":1,"key":"Fire Potion"},{"floor":2,"key":"Weak Potion"},{"floor":14,"key":"EssenceOfSteel"},{"floor":29,"key":"PowerPotion"},{"floor":30,"key":"AttackPotion"},{"floor":31,"key":"AttackPotion"},{"floor":33,"key":"Poison Potion"},{"floor":37,"key":"Explosive Potion"},{"floor":40,"key":"SkillPotion"},{"floor":42,"key":"AttackPotion"},{"floor":45,"key":"Strength Potion"}],"is_trial":false,"path_per_floor":["M","M","M","M","$","R","E","$","T","M","?","?","?","M","R","B",null,"M","$","?","?","?","E","R","M","T","$","R","M","M","M","R","B",null,"M","$","M","M","?","M","R","M","T","?","M","?","M","$","R","B",null],"character_chosen":"THE_SILENT","items_purchased":["Noxious Fumes","Dodecahedron","Cloak And Dagger","Well Laid Plans+1","Mayhem+1"],"campfire_rested":6,"item_purchase_floors":[5,19,19,27,48],"current_hp_per_floor":[70,70,70,64,64,64,48,48,48,45,34,34,16,16,52,26,70,50,50,50,37,75,43,75,75,75,75,75,62,47,38,75,6,75,60,60,55,33,33,9,46,36,36,36,8,85,84,84,85,41],"gold":25,"neow_bonus":"RANDOM_COMMON_RELIC","is_prod":false,"is_daily":false,"chose_seed":false,"campfire_upgraded":1,"win_rate":0,"timestamp":1552505331,"path_taken":["M","?","M","M","$","R","E","$","T","M","?","?","?","M","R","BOSS","M","$","?","?","?","E","R","M","T","$","R","M","M","M","R","BOSS","M","$","M","?","?","M","R","?","T","?","M","?","M","?","R","BOSS"],"build_version":"2019-01-23","purchased_purges":3,"victory":true,"max_hp_per_floor":[70,70,70,70,70,70,70,70,70,70,70,70,70,70,70,70,70,70,70,70,75,75,75,75,75,75,75,75,75,75,75,75,75,75,75,75,75,75,75,75,75,75,75,75,75,85,85,85,85,85],"card_choices":[{"not_picked":["Concentrate","Quick Slash"],"picked":"Terror","floor":1},{"not_picked":["Sucker Punch","Cloak And Dagger"],"picked":"Poisoned Stab","floor":2},{"not_picked":["Terror","Sucker Punch"],"picked":"Dodge and Roll","floor":3},{"not_picked":["Prepared","Dodge and Roll"],"picked":"Caltrops","floor":4},{"not_picked":["Prepared","Eviscerate"],"picked":"Corpse Explosion","floor":7},{"not_picked":["Bane","Underhanded Strike"],"picked":"Acrobatics","floor":10},{"not_picked":["Heel Hook","Underhanded Strike"],"picked":"Bouncing Flask","floor":14},{"not_picked":["Phantasmal Killer","Tools of the Trade+1"],"picked":"Envenom+1","floor":16},{"not_picked":["PiercingWail","Flechettes"],"picked":"Blade Dance","floor":18},{"not_picked":["Predator","Deadly Poison","Dagger Spray+1"],"picked":"SKIP","floor":23},{"not_picked":["Heel Hook","Riddle With Holes","Blur"],"picked":"SKIP","floor":25},{"not_picked":["Poisoned Stab","Acrobatics"],"picked":"Deflect+1","floor":29},{"not_picked":["Endless Agony","Heel Hook+1","PiercingWail"],"picked":"SKIP","floor":30},{"not_picked":["Bullet Time","Dagger Throw","Quick Slash"],"picked":"SKIP","floor":31},{"not_picked":["Storm of Steel","Unload"],"picked":"Corpse Explosion","floor":33},{"not_picked":["Concentrate+1"],"picked":"SKIP","floor":35},{"not_picked":["Predator+1"],"picked":"SKIP","floor":37},{"not_picked":["Flying Knee+1"],"picked":"SKIP","floor":38},{"not_picked":["Tactician+1"],"picked":"SKIP","floor":40},{"not_picked":["Sucker Punch+1"],"picked":"SKIP","floor":42},{"not_picked":["Caltrops+1"],"picked":"SKIP","floor":45},{"not_picked":["Accuracy+1"],"picked":"SKIP","floor":47}],"player_experience":105282,"relics_obtained":[{"floor":7,"key":"Regal Pillow"},{"floor":9,"key":"Blue Candle"},{"floor":23,"key":"MawBank"},{"floor":26,"key":"Lantern"},{"floor":43,"key":"Juzu Bracelet"}],"event_choices":[{"damage_healed":0,"gold_gain":75,"player_choice":"Gather Gold","damage_taken":11,"max_hp_gain":0,"max_hp_loss":0,"event_name":"World of Goop","floor":11,"gold_loss":0},{"damage_healed":0,"gold_gain":175,"player_choice":"AGREE","damage_taken":0,"max_hp_gain":0,"max_hp_loss":0,"event_name":"Liars Game","floor":12,"gold_loss":0,"cards_obtained":["Doubt"]},{"damage_healed":0,"gold_gain":0,"player_choice":"Success","damage_taken":18,"relics_obtained":["Frozen Egg 2"],"max_hp_gain":0,"max_hp_loss":0,"event_name":"Scrap Ooze","floor":13,"gold_loss":0},{"damage_healed":0,"gold_gain":0,"player_choice":"Obtained Relic","damage_taken":0,"relics_obtained":["Omamori"],"max_hp_gain":0,"max_hp_loss":0,"event_name":"Addict","floor":20,"gold_loss":85},{"damage_healed":0,"gold_gain":0,"player_choice":"Shed Blood","damage_taken":18,"max_hp_gain":5,"max_hp_loss":0,"event_name":"Forgotten Altar","floor":21,"gold_loss":0},{"damage_healed":38,"gold_gain":0,"player_choice":"Full Heal","damage_taken":0,"max_hp_gain":0,"max_hp_loss":0,"event_name":"Wheel of Change","floor":22,"gold_loss":0},{"damage_healed":0,"gold_gain":0,"player_choice":"Upgraded","damage_taken":0,"max_hp_gain":0,"max_hp_loss":0,"event_name":"Upgrade Shrine","floor":39,"gold_loss":0,"cards_upgraded":["Noxious Fumes"]},{"damage_healed":0,"gold_gain":0,"player_choice":"Forge","damage_taken":0,"max_hp_gain":0,"max_hp_loss":0,"event_name":"Accursed Blacksmith","floor":44,"gold_loss":0,"cards_upgraded":["Bouncing Flask"]},{"cards_removed":["Corpse Explosion"],"damage_healed":67,"gold_gain":0,"player_choice":"Offered Rare","damage_taken":0,"max_hp_gain":10,"max_hp_loss":0,"event_name":"Bonfire Elementals","floor":46,"gold_loss":0}],"is_beta":false,"boss_relics":[{"not_picked":["Runic Pyramid","Runic Dome"],"picked":"Fusion Hammer"},{"not_picked":["Calling Bell","Empty Cage"],"picked":"Busted Crown"}],"items_purged_floors":[5,19,36],"is_endless":false,"potions_floor_spawned":[1,2,14,29,30,31,33,37,40,42,45],"ascension_level":0}