{"gold_per_floor":[109,56,75,75,0,27,27,27,27,27,45,89,114,139,139,265,265,285,25,25,25,25,25,25,63,86,110,110,110,125,166,166,295,295,310,333,333],"floor_reached":37,"playtime":1789,"items_purged":["Strike_B"],"score":526,"play_id":"d6d406d0-7b14-4477-b9da-1e566eff8e5e","local_time":"20190215163627","is_ascension_mode":true,"campfire_choices":[{"data":"Go for the Eyes","floor":7,"key":"SMITH"},{"floor":15,"key":"REST"},{"data":"Zap","floor":23,"key":"SMITH"},{"data":"Dualcast","floor":29,"key":"SMITH"},{"floor":32,"key":"REST"}],"neow_cost":"NONE","seed_source_timestamp":108584822208740,"circlet_count":0,"master_deck":["Strike_B","Defend_B+1","Defend_B","Defend_B","Defend_B","Zap+1","Dualcast+1","Ball Lightning+1","Beam Cell","Go for the Eyes+1","Leap","BootSequence","Streamline","Coolheaded","Electrodynamics","Capacitor+1","Scrape+1","Go for the Eyes","Echo Form","Beam Cell+1"],"relics":["Cracked Core","NeowsBlessing","Bronze Scales","Incense Burner","Ornamental Fan","Golden Idol","Bag of Marbles","Omamori","Nuclear Battery","Symbiotic Virus","Dodecahedron","Strawberry","Boot","Singing Bowl","Shuriken","Sozu"],"potions_floor_usage":[31,31],"damage_taken":[{"damage":0,"enemies":"Jaw Worm","floor":1,"turns":1},{"damage":0,"enemies":"Cultist","floor":3,"turns":1},{"damage":0,"enemies":"Gremlin Nob","floor":6,"turns":1},{"damage":6,"enemies":"Small Slimes","floor":11,"turns":2},{"damage":11,"enemies":"3 Sentries","floor":12,"turns":6},{"damage":0,"enemies":"Exordium Thugs","floor":14,"turns":3},{"damage":3,"enemies":"Hexaghost","floor":16,"turns":7},{"damage":0,"enemies":"2 Thieves","floor":18,"turns":2},{"damage":12,"enemies":"Book of Stabbing","floor":25,"turns":4},{"damage":0,"enemies":"Chosen","floor":27,"turns":3},{"damage":14,"enemies":"Shelled Parasite and Fungi","floor":30,"turns":4},{"damage":15,"enemies":"Slavers","floor":31,"turns":5},{"damage":36,"enemies":"Collector","floor":33,"turns":8},{"damage":18,"enemies":"3 Shapes","floor":35,"turns":3},{"damage":22,"enemies":"3 Darklings","floor":36,"turns":3},{"damage":49,"enemies":"2 Orb Walkers","floor":37,"turns":5}],"seed_played":"-1326056515560912793","potions_obtained":[{"floor":6,"key":"SkillPotion"},{"floor":11,"key":"Weak Potion"},{"floor":12,"key":"Energy Potion"},{"floor":14,"key":"Dexterity Potion"}],"is_trial":false,"path_per_floor":["M","?","M","?","$","E","R","?","T","?","M","E","T","M","R","B",null,"M","$","?","$","?","R","T","E","T","M","?","R","M","E","R","B",null,"M","M","?"],"character_chosen":"DEFECT","items_purchased":["Symbiotic Virus"],"campfire_rested":2,"item_purchase_floors":[19],"current_hp_per_floor":[75,75,75,75,75,75,75,60,60,42,36,25,25,25,47,44,75,75,75,75,75,75,75,75,70,70,70,70,70,58,45,70,34,86,70,48,0],"gold":333,"neow_bonus":"THREE_ENEMY_KILL","is_prod":false,"is_daily":false,"chose_seed":false,"campfire_upgraded":3,"win_rate":0,"timestamp":1550277387,"path_taken":["M","?","?","?","?","E","R","?","T","?","M","E","?","M","R","BOSS","M","$","?","?","?","R","?","E","T","M","?","R","M","E","R","BOSS","M","M","?"],"build_version":"2019-01-23","purchased_purges":1,"victory":false,"max_hp_per_floor":[75,75,75,75,75,75,75,75,75,75,75,75,75,75,75,75,75,75,75,75,75,75,75,75,82,82,82,82,82,84,86,86,86,86,88,88,88],"card_choices":[{"not_picked":["Redo","Hologram"],"picked":"Ball Lightning","floor":1},{"not_picked":["Turbo","Conserve Battery"],"picked":"Beam Cell","floor":3},{"not_picked":["Stack","Skim"],"picked":"Leap","floor":6},{"not_picked":["Rebound","Redo"],"picked":"BootSequence","floor":11},{"not_picked":["Steam","Consume"],"picked":"Streamline","floor":12},{"not_picked":["Turbo","Cold Snap"],"picked":"Coolheaded","floor":14},{"not_picked":["Rainbow","Reboot"],"picked":"Electrodynamics","floor":16},{"not_picked":["Go for the Eyes","Barrage"],"picked":"Capacitor+1","floor":18},{"not_picked":["Doom and Gloom","Capacitor"],"picked":"Scrape+1","floor":25},{"not_picked":["Heatsinks+1","Redo"],"picked":"Go for the Eyes","floor":27},{"not_picked":["Genetic Algorithm","Redo","Go for the Eyes"],"picked":"Singing Bowl","floor":30},{"not_picked":["Biased Cognition","Rebound","Blizzard+1"],"picked":"Singing Bowl","floor":31},{"not_picked":["Machine Learning","Reboot"],"picked":"Echo Form","floor":33},{"not_picked":["BootSequence+1","Aggregate+1","Lockon+1"],"picked":"Singing Bowl","floor":35},{"not_picked":["Hello World","Cold Snap"],"picked":"Beam Cell+1","floor":36}],"player_experience":291644,"relics_obtained":[{"floor":6,"key":"Incense Burner"},{"floor":9,"key":"Ornamental Fan"},{"floor":12,"key":"Bag of Marbles"},{"floor":13,"key":"Omamori"},{"floor":24,"key":"Dodecahedron"},{"floor":25,"key":"Strawberry"},{"floor":26,"key":"Boot"},{"floor":31,"key":"Shuriken"}],"event_choices":[{"damage_healed":0,"gold_gain":0,"player_choice":"Paid Gold","damage_taken":0,"relics_obtained":["Bronze Scales"],"max_hp_gain":0,"max_hp_loss":0,"event_name":"WeMeetAgain","floor":2,"gold_loss":53},{"damage_healed":0,"gold_gain":0,"cards_transformed":["Strike_B"],"player_choice":"Transformed","damage_taken":0,"max_hp_gain":0,"max_hp_loss":0,"event_name":"Transmorgrifier","floor":4,"gold_loss":0,"cards_obtained":["Go for the Eyes"]},{"damage_healed":0,"gold_gain":0,"player_choice":"Entered Light","damage_taken":15,"max_hp_gain":0,"max_hp_loss":0,"event_name":"Shining Light","floor":8,"gold_loss":0,"cards_upgraded":["Ball Lightning","Defend_B"]},{"damage_healed":0,"gold_gain":0,"player_choice":"Take Damage","damage_taken":18,"relics_obtained":["Golden Idol"],"max_hp_gain":0,"max_hp_loss":0,"event_name":"Golden Idol","floor":10,"gold_loss":0},{"cards_removed":["Strike_B"],"damage_healed":0,"gold_gain":0,"player_choice":"Purged","damage_taken":0,"max_hp_gain":0,"max_hp_loss":0,"event_name":"Purifier","floor":20,"gold_loss":0},{"damage_healed":0,"gold_gain":0,"player_choice":"Ignored","damage_taken":0,"max_hp_gain":0,"max_hp_loss":0,"event_name":"Beggar","floor":22,"gold_loss":0},{"damage_healed":0,"gold_gain":0,"player_choice":"Opened","damage_taken":0,"relics_obtained":["Singing Bowl"],"max_hp_gain":0,"max_hp_loss":0,"event_name":"The Mausoleum","floor":28,"gold_loss":0},{"damage_healed":0,"gold_gain":0,"player_choice":"Fight","damage_taken":0,"max_hp_gain":0,"max_hp_loss":0,"event_name":"Mysterious Sphere","floor":37,"gold_loss":0}],"is_beta":false,"boss_relics":[{"not_picked":["Inserter","Busted Crown"],"picked":"Nuclear Battery"},{"not_picked":["Coffee Dripper","Snecko Eye"],"picked":"Sozu"}],"items_purged_floors":[5],"is_endless":false,"potions_floor_spawned":[6,11,12,14,16,18,25,27,35,36],"killed_by":"2 Orb Walkers","ascension_level":4}