{"gold_per_floor":[118,118,130,305,305,305,317,317,317,0,0,11,70,70,70,166,166,184,184,109,23,23,23,39,39,85,113,125,150,28,42,42,42],"floor_reached":33,"playtime":3376,"items_purged":[],"score":258,"play_id":"948b2195-2af0-4337-803e-b3e192dfffe3","local_time":"20190317032803","is_ascension_mode":false,"campfire_choices":[{"data":"Neutralize","floor":6,"key":"SMITH"},{"floor":11,"key":"REST"},{"data":"Deadly Poison","floor":15,"key":"SMITH"},{"floor":23,"key":"REST"},{"data":"Crippling Poison","floor":25,"key":"SMITH"},{"data":"Quick Slash","floor":28,"key":"SMITH"},{"floor":32,"key":"REST"}],"neow_cost":"NONE","seed_source_timestamp":19042443394626,"circlet_count":0,"master_deck":["Defend_G","Defend_G","Defend_G","Defend_G","Defend_G+1","Strike_G+1","Survivor","Neutralize+1","Footwork","Flying Knee","Deadly Poison+1","Terror","Dramatic Entrance","Underhanded Strike","Quick Slash+1","Tactician","Crippling Poison+1","Parasite","Envenom","After Image+1","Footwork+1","Sucker Punch+1","Dagger Spray+1","Enlightenment","Adrenaline","Deflect","Predator+1","Venomology","Heel Hook","Flash of Steel","Dash+1"],"relics":["Ring of the Snake","PreservedInsect","Dodecahedron","Happy Flower","Strawberry","Astrolabe","MawBank"],"potions_floor_usage":[33,33,33],"damage_taken":[{"damage":3,"enemies":"Jaw Worm","floor":1,"turns":5},{"damage":0,"enemies":"Small Slimes","floor":3,"turns":4},{"damage":0,"enemies":"2 Louse","floor":7,"turns":2},{"damage":12,"enemies":"Gremlin Gang","floor":12,"turns":4},{"damage":21,"enemies":"3 Sentries","floor":13,"turns":7},{"damage":36,"enemies":"The Guardian","floor":16,"turns":9},{"damage":20,"enemies":"3 Byrds","floor":18,"turns":6},{"damage":4,"enemies":"Spheric Guardian","floor":24,"turns":6},{"damage":9,"enemies":"Centurion and Healer","floor":27,"turns":9},{"damage":7,"enemies":"Shelled Parasite and Fungi","floor":29,"turns":7},{"damage":31,"enemies":"Snecko","floor":31,"turns":5},{"damage":56,"enemies":"Automaton","floor":33,"turns":10}],"seed_played":"4877450208921366931","potions_obtained":[{"floor":3,"key":"SkillPotion"},{"floor":12,"key":"GhostInAJar"},{"floor":18,"key":"Swift Potion"}],"is_trial":false,"path_per_floor":["M","?","M","?","?","R","M","?","T","$","R","M","?","?","R","B",null,"M","?","?","$","?","R","M","R","T","M","R","M","$","M","R","B"],"character_chosen":"THE_SILENT","items_purchased":["Happy Flower","Dramatic Entrance","Underhanded Strike","Quick Slash","Enlightenment","Heel Hook","Flash of Steel"],"campfire_rested":3,"item_purchase_floors":[10,10,10,10,21,30,30],"current_hp_per_floor":[74,59,59,59,56,56,56,56,56,56,77,65,51,72,72,36,84,64,48,48,48,48,74,70,70,70,61,61,54,54,23,49,0],"gold":42,"neow_bonus":"TEN_PERCENT_HP_BONUS","is_prod":false,"is_daily":false,"chose_seed":false,"campfire_upgraded":4,"win_rate":0.0,"timestamp":1552804083,"path_taken":["M","?","M","?","?","R","M","?","T","$","R","M","?","?","R","BOSS","M","?","?","?","?","R","M","R","T","?","R","?","$","M","R","BOSS"],"build_version":"2019-01-23","purchased_purges":0,"victory":false,"max_hp_per_floor":[77,77,77,77,77,77,77,77,77,77,77,77,84,84,84,84,84,84,89,89,89,89,89,89,89,89,89,89,89,89,89,89,89],"card_choices":[{"not_picked":["Underhanded Strike","Dodge and Roll"],"picked":"Footwork","floor":1},{"not_picked":["Bouncing Flask","Footwork"],"picked":"Flying Knee","floor":3},{"not_picked":["Calculated Gamble","PiercingWail"],"picked":"Deadly Poison","floor":7},{"not_picked":["Deadly Poison","Eviscerate"],"picked":"Tactician","floor":12},{"not_picked":["Footwork","Expertise"],"picked":"Crippling Poison","floor":13},{"not_picked":["Phantasmal Killer","Unload"],"picked":"Envenom","floor":16},{"not_picked":["Backflip+1","Deflect+1"],"picked":"Dagger Spray+1","floor":18},{"not_picked":["Prepared","Tactician","Footwork"],"picked":"SKIP","floor":24},{"not_picked":["Acrobatics","PiercingWail"],"picked":"Predator+1","floor":27},{"not_picked":["Prepared+1","Dodge and Roll"],"picked":"Venomology","floor":29},{"not_picked":["Sucker Punch","Eviscerate+1"],"picked":"Dash+1","floor":31}],"player_experience":8803,"relics_obtained":[{"floor":9,"key":"Dodecahedron"},{"floor":13,"key":"Strawberry"},{"floor":26,"key":"MawBank"}],"event_choices":[{"damage_healed":0,"gold_gain":0,"player_choice":"Entered Light","damage_taken":15,"max_hp_gain":0,"max_hp_loss":0,"event_name":"Shining Light","floor":2,"gold_loss":0,"cards_upgraded":["Strike_G","Defend_G"]},{"damage_healed":0,"gold_gain":175,"player_choice":"AGREE","damage_taken":0,"max_hp_gain":0,"max_hp_loss":0,"event_name":"Liars Game","floor":4,"gold_loss":0,"cards_obtained":["Doubt"]},{"damage_healed":0,"gold_gain":0,"player_choice":"Success","damage_taken":3,"relics_obtained":["PreservedInsect"],"max_hp_gain":0,"max_hp_loss":0,"event_name":"Scrap Ooze","floor":5,"gold_loss":0},{"damage_healed":0,"gold_gain":0,"cards_transformed":["Strike_G"],"player_choice":"Change","damage_taken":0,"max_hp_gain":0,"max_hp_loss":0,"event_name":"Living Wall","floor":8,"gold_loss":0,"cards_obtained":["Terror"]},{"damage_healed":0,"gold_gain":0,"player_choice":"Searched \u00271\u0027 times","damage_taken":0,"max_hp_gain":0,"max_hp_loss":0,"event_name":"Dead Adventurer","floor":13,"gold_loss":0},{"damage_healed":21,"gold_gain":0,"player_choice":"Healed and dodged fight","damage_taken":0,"max_hp_gain":0,"max_hp_loss":0,"event_name":"Mushrooms","floor":14,"gold_loss":0,"cards_obtained":["Parasite"]},{"damage_healed":0,"gold_gain":0,"player_choice":"Shed Blood","damage_taken":21,"max_hp_gain":5,"max_hp_loss":0,"event_name":"Forgotten Altar","floor":19,"gold_loss":0},{"cards_removed":["Doubt"],"damage_healed":0,"gold_gain":0,"player_choice":"Gave Gold","damage_taken":0,"max_hp_gain":0,"max_hp_loss":0,"event_name":"Beggar","floor":20,"gold_loss":75},{"damage_healed":0,"gold_gain":0,"player_choice":"2 cards matched","damage_taken":0,"max_hp_gain":0,"max_hp_loss":0,"event_name":"Match and Keep!","floor":22,"gold_loss":0,"cards_obtained":["Adrenaline","Deflect"]}],"is_beta":false,"boss_relics":[{"not_picked":["Coffee Dripper","Philosopher\u0027s Stone"],"picked":"Astrolabe"}],"items_purged_floors":[],"is_endless":false,"potions_floor_spawned":[3,12,18,27,31],"killed_by":"Automaton","ascension_level":0}