{"gold_per_floor":[114,114,39,39,17,17,27,27,81,31,66,78,88,88,88,88],"floor_reached":16,"playtime":672,"items_purged":["Strike_B"],"score":103,"play_id":"f338c815-671e-4146-8d57-78a4fdab8820","local_time":"20180903174001","is_ascension_mode":true,"campfire_choices":[{"data":"Rebound","floor":6,"key":"SMITH"},{"data":"Melter","floor":8,"key":"SMITH"},{"floor":15,"key":"REST"}],"neow_cost":"NONE","seed_source_timestamp":26196033551478,"circlet_count":0,"master_deck":["Strike_B+1","Defend_B","Defend_B","Defend_B","Zap+1","Dualcast","Rebound+1","Melter+1","Ball Lightning","Ball Lightning","Leap","Compile Driver","Beam Cell"],"relics":["Cracked Core","Anchor","Matryoshka","Art of War"],"potions_floor_usage":[16],"damage_taken":[{"damage":1,"enemies":"2 Louse","floor":1,"turns":2},{"damage":1,"enemies":"Jaw Worm","floor":7,"turns":2},{"damage":13,"enemies":"3 Sentries","floor":11,"turns":3},{"damage":0,"enemies":"Cultist","floor":12,"turns":2},{"damage":0,"enemies":"2 Fungi Beasts","floor":13,"turns":2},{"damage":38,"enemies":"The Guardian","floor":16,"turns":7}],"seed_played":"-4846626317992251547","potions_obtained":[{"floor":1,"key":"FearPotion"},{"floor":12,"key":"FearPotion"}],"is_trial":false,"path_per_floor":["M","?","$","?","$","R","M","R","T","?","E","M","M","?","R"],"character_chosen":"DEFECT","items_purchased":["Ball Lightning"],"campfire_rested":1,"item_purchase_floors":[5],"current_hp_per_floor":[74,59,59,59,59,59,58,58,58,58,45,45,45,12,34,0],"gold":88,"neow_bonus":"REMOVE_CARD","is_prod":false,"is_daily":false,"chose_seed":false,"campfire_upgraded":2,"win_rate":0,"timestamp":1536021601,"path_taken":["M","?","?","?","$","R","M","R","T","?","E","?","?","?","R","BOSS"],"build_version":"2018-08-30","purchased_purges":1,"victory":false,"max_hp_per_floor":[75,75,75,75,75,75,75,75,75,75,75,75,75,75,75,75],"card_choices":[{"not_picked":["Chill","Cold Snap"],"picked":"Rebound","floor":1},{"not_picked":["Hologram","Doom and Gloom"],"picked":"Ball Lightning","floor":7},{"not_picked":["Chill","Redo"],"picked":"Leap","floor":11},{"not_picked":["Skim","Barrage"],"picked":"Compile Driver","floor":12},{"not_picked":["Ball Lightning","Leap"],"picked":"Beam Cell","floor":13}],"player_experience":113747,"relics_obtained":[{"floor":9,"key":"Anchor"},{"floor":11,"key":"Matryoshka"}],"event_choices":[{"event_name":"Shining Light","player_choice":"Entered Light","floor":2,"damage_taken":0},{"event_name":"Transmorgrifier","player_choice":"Transform","floor":4,"damage_taken":0},{"event_name":"The Cleric","player_choice":"Card Removal","floor":10,"damage_taken":0},{"event_name":"Scrap Ooze","player_choice":"success","floor":14,"damage_taken":33}],"is_beta":false,"boss_relics":[],"items_purged_floors":[3],"is_endless":false,"potions_floor_spawned":[1,12],"killed_by":"The Guardian","ascension_level":1}