{"gold_per_floor":[19,38,38,57,57,57,78,78,78,78,78,117,190,211,211,342,342,362,398,398,245,260,260,284,284,338,401,401,401,415,415,415,415],"floor_reached":33,"playtime":2385,"items_purged":["Injury"],"score":331,"play_id":"86f0aa27-f8f7-4e0f-9654-556ec00754ce","local_time":"20190210134321","is_ascension_mode":true,"campfire_choices":[{"data":"Neutralize","floor":6,"key":"SMITH"},{"data":"Blade Dance","floor":8,"key":"SMITH"},{"data":"Flying Knee","floor":10,"key":"SMITH"},{"floor":15,"key":"DIG"},{"floor":23,"key":"REST"},{"floor":25,"key":"REST"},{"floor":29,"key":"REST"},{"floor":32,"key":"REST"}],"neow_cost":"NO_GOLD","seed_source_timestamp":697122270862429,"circlet_count":0,"master_deck":["Defend_G","Defend_G","Defend_G","Defend_G","Defend_G","Strike_G+1","Strike_G","Strike_G+1","Strike_G","Strike_G","Survivor","Neutralize+1","Flying Knee+1","Heel Hook","Escape Plan","Blade Dance+1","Leg Sweep","Poisoned Stab","Blur","Envenom+1","Poisoned Stab+1","Well Laid Plans+1","Noxious Fumes+1","Bane","Flying Knee"],"relics":["Ring of the Snake","Thread and Needle","Golden Idol","Frozen Egg 2","Shovel","Whetstone","Ice Cream","Sozu","Red Mask","MutagenicStrength","Oddly Smooth Stone","Tiny Chest"],"potions_floor_usage":[16,19,19,28],"damage_taken":[{"damage":5,"enemies":"Cultist","floor":1,"turns":5},{"damage":0,"enemies":"Small Slimes","floor":2,"turns":3},{"damage":0,"enemies":"Jaw Worm","floor":4,"turns":5},{"damage":0,"enemies":"2 Fungi Beasts","floor":7,"turns":3},{"damage":11,"enemies":"Gremlin Nob","floor":12,"turns":5},{"damage":5,"enemies":"3 Sentries","floor":13,"turns":10},{"damage":0,"enemies":"Large Slime","floor":14,"turns":5},{"damage":34,"enemies":"Hexaghost","floor":16,"turns":15},{"damage":17,"enemies":"Spheric Guardian","floor":18,"turns":6},{"damage":40,"enemies":"Masked Bandits","floor":19,"turns":6},{"damage":2,"enemies":"2 Thieves","floor":22,"turns":4},{"damage":9,"enemies":"Snake Plant","floor":24,"turns":5},{"damage":48,"enemies":"Slavers","floor":27,"turns":6},{"damage":0,"enemies":"Centurion and Healer","floor":28,"turns":1},{"damage":10,"enemies":"Shelled Parasite and Fungi","floor":30,"turns":4},{"damage":48,"enemies":"Automaton","floor":33,"turns":8}],"seed_played":"-7716713279717140924","potions_obtained":[{"floor":12,"key":"SmokeBomb"},{"floor":13,"key":"SpeedPotion"},{"floor":14,"key":"AttackPotion"},{"floor":16,"key":"Poison Potion"}],"is_trial":false,"path_per_floor":["M","M","T","M","?","R","M","R","T","R","?","E","?","M","R","B",null,"M","?","?","$","M","R","M","R","T","E","M","R","M","?","R","B"],"character_chosen":"THE_SILENT","items_purchased":["Noxious Fumes+1"],"campfire_rested":4,"item_purchase_floors":[21],"current_hp_per_floor":[79,79,79,79,79,79,79,79,79,79,79,68,63,63,63,29,70,53,13,13,13,11,36,27,52,52,4,4,29,19,19,44,0],"gold":415,"neow_bonus":"TWENTY_PERCENT_HP_BONUS","is_prod":false,"is_daily":false,"chose_seed":false,"campfire_upgraded":3,"win_rate":0,"timestamp":1549835001,"path_taken":["M","M","?","M","?","R","M","R","T","R","?","E","?","M","R","BOSS","M","?","?","$","M","R","M","R","T","E","M","R","M","?","R","BOSS"],"build_version":"2019-01-23","purchased_purges":1,"victory":false,"max_hp_per_floor":[84,84,84,84,84,84,84,84,84,84,84,84,84,84,84,84,84,84,84,84,84,84,84,84,84,84,84,84,84,84,84,84,84],"card_choices":[{"not_picked":["Slice","Prepared"],"picked":"Flying Knee","floor":1},{"not_picked":["Prepared","Acrobatics"],"picked":"Heel Hook","floor":2},{"not_picked":["Slice","Deadly Poison"],"picked":"Escape Plan","floor":4},{"not_picked":["Doppelganger","Underhanded Strike"],"picked":"Blade Dance","floor":7},{"not_picked":["Deflect","Sucker Punch"],"picked":"Leg Sweep","floor":12},{"not_picked":["Eviscerate","Deadly Poison"],"picked":"Poisoned Stab","floor":13},{"not_picked":["Cloak And Dagger","Bouncing Flask"],"picked":"Blur","floor":14},{"not_picked":["After Image+1","Doppelganger"],"picked":"Envenom+1","floor":16},{"not_picked":["Dagger Spray","Accuracy+1"],"picked":"Poisoned Stab+1","floor":18},{"not_picked":["Quick Slash+1","Tactician"],"picked":"Well Laid Plans+1","floor":19},{"not_picked":["Sucker Punch","Deflect+1"],"picked":"Bane","floor":22},{"not_picked":["Setup","Flechettes+1","Underhanded Strike"],"picked":"SKIP","floor":24},{"not_picked":["Acrobatics","Doppelganger","Underhanded Strike+1"],"picked":"SKIP","floor":27},{"not_picked":["Expertise","PiercingWail"],"picked":"Flying Knee","floor":30}],"player_experience":234013,"relics_obtained":[{"floor":3,"key":"Thread and Needle"},{"floor":9,"key":"Frozen Egg 2"},{"floor":12,"key":"Shovel"},{"floor":13,"key":"Whetstone"},{"floor":15,"key":"Ice Cream"},{"floor":19,"key":"Red Mask"},{"floor":26,"key":"Oddly Smooth Stone"},{"floor":27,"key":"Tiny Chest"}],"event_choices":[{"damage_healed":0,"gold_gain":0,"player_choice":"Take Wound","damage_taken":0,"relics_obtained":["Golden Idol"],"max_hp_gain":0,"max_hp_loss":0,"event_name":"Golden Idol","floor":5,"gold_loss":0,"cards_obtained":["Injury"]},{"damage_healed":0,"gold_gain":0,"player_choice":"Ignored","damage_taken":0,"max_hp_gain":0,"max_hp_loss":0,"event_name":"Liars Game","floor":11,"gold_loss":0},{"damage_healed":0,"gold_gain":0,"player_choice":"Searched \u00271\u0027 times","damage_taken":0,"max_hp_gain":0,"max_hp_loss":0,"event_name":"Dead Adventurer","floor":13,"gold_loss":0},{"damage_healed":0,"gold_gain":0,"player_choice":"Fought Bandits","damage_taken":0,"max_hp_gain":0,"max_hp_loss":0,"event_name":"Masked Bandits","floor":19,"gold_loss":0},{"damage_healed":0,"gold_gain":0,"player_choice":"Inject Mutagens","damage_taken":0,"relics_obtained":["MutagenicStrength"],"max_hp_gain":0,"max_hp_loss":0,"event_name":"Drug Dealer","floor":20,"gold_loss":0},{"damage_healed":0,"gold_gain":0,"player_choice":"Ignored","damage_taken":0,"max_hp_gain":0,"max_hp_loss":0,"event_name":"Ghosts","floor":31,"gold_loss":0}],"is_beta":false,"boss_relics":[{"not_picked":["Tiny House","Coffee Dripper"],"picked":"Sozu"}],"items_purged_floors":[21],"is_endless":false,"potions_floor_spawned":[12,13,14,16,22,24,27,28],"killed_by":"Automaton","ascension_level":5}