{"gold_per_floor":[113,113,129,82,149,149,179,179,179,354,364,376,41,55,55,154,154,170,183,7,20,35,35,10,28,28,28,128,139,155,168,168,267,267,277,290,290,317,345,357,369,398,410,33,44,44,44,4,4,4],"floor_reached":50,"playtime":4118,"items_purged":["Doubt","Doubt"],"score":496,"play_id":"8ec53276-ebb2-4550-b3ef-d7c33f0dd467","local_time":"20190317213452","is_ascension_mode":false,"campfire_choices":[{"data":"Anger","floor":6,"key":"SMITH"},{"data":"Rage","floor":8,"key":"SMITH"},{"data":"Bludgeon","floor":15,"key":"SMITH"},{"data":"Iron Wave","floor":23,"key":"SMITH"},{"data":"Metallicize","floor":27,"key":"SMITH"},{"floor":32,"key":"REST"},{"floor":40,"key":"REST"},{"data":"Armaments","floor":47,"key":"SMITH"},{"data":"Double Tap","floor":49,"key":"SMITH"}],"neow_cost":"NONE","seed_source_timestamp":83509282589094,"circlet_count":0,"master_deck":["Strike_R","Strike_R","Strike_R","Strike_R","Defend_R","Defend_R","Defend_R","Defend_R","Bash","Headbutt","Perfected Strike","Clash","Anger+1","Rage+1","Warcry","Iron Wave+1","Bludgeon+1","Searing Blow","Bludgeon","Uppercut+1","Dual Wield","Metallicize+1","Perfected Strike","Burning Pact","Headbutt","Sentinel+1","Pommel Strike","Shrug It Off+1","Shrug It Off","Power Through","Double Tap+1","Shrug It Off+1","Twin Strike+1","Madness","Madness","Armaments+1","Panache+1","Iron Wave+1","Injury","Good Instincts","Flex","Flex","Doubt","Corruption+1"],"relics":["Burning Blood","Letter Opener","Matryoshka","Self Forming Clay","Mark of Pain","Orichalcum","Frozen Egg 2","Mango","Kunai","Cursed Key","Juzu Bracelet","MawBank","Sundial","Bag of Preparation"],"potions_floor_usage":[16,22,22,25,30,33,36,39,42,50],"damage_taken":[{"damage":10,"enemies":"Jaw Worm","floor":1,"turns":4},{"damage":1,"enemies":"Cultist","floor":3,"turns":3},{"damage":38,"enemies":"3 Sentries","floor":7,"turns":9},{"damage":1,"enemies":"2 Louse","floor":11,"turns":3},{"damage":11,"enemies":"Large Slime","floor":12,"turns":5},{"damage":0,"enemies":"Looter","floor":14,"turns":2},{"damage":46,"enemies":"The Guardian","floor":16,"turns":10},{"damage":0,"enemies":"Chosen","floor":18,"turns":2},{"damage":5,"enemies":"Spheric Guardian","floor":19,"turns":3},{"damage":17,"enemies":"Chosen and Byrds","floor":21,"turns":5},{"damage":22,"enemies":"Centurion and Healer","floor":22,"turns":5},{"damage":11,"enemies":"Snecko","floor":25,"turns":4},{"damage":16,"enemies":"Colosseum Slavers","floor":28,"turns":6},{"damage":22,"enemies":"Colosseum Nobs","floor":28,"turns":4},{"damage":16,"enemies":"Sentry and Sphere","floor":29,"turns":7},{"damage":8,"enemies":"3 Cultists","floor":30,"turns":5},{"damage":12,"enemies":"Shelled Parasite and Fungi","floor":31,"turns":4},{"damage":51,"enemies":"Collector","floor":33,"turns":12},{"damage":12,"enemies":"3 Shapes","floor":35,"turns":4},{"damage":34,"enemies":"3 Darklings","floor":36,"turns":5},{"damage":37,"enemies":"Writhing Mass","floor":39,"turns":7},{"damage":21,"enemies":"4 Shapes","floor":42,"turns":3},{"damage":0,"enemies":"Sphere and 2 Shapes","floor":45,"turns":3},{"damage":107,"enemies":"Donu and Deca","floor":50,"turns":9}],"seed_played":"7295890566956027791","potions_obtained":[{"floor":1,"key":"SpeedPotion"},{"floor":11,"key":"Block Potion"},{"floor":16,"key":"Strength Potion"},{"floor":18,"key":"EssenceOfSteel"},{"floor":21,"key":"SteroidPotion"},{"floor":28,"key":"Dexterity Potion"},{"floor":31,"key":"Strength Potion"},{"floor":33,"key":"Poison Potion"},{"floor":35,"key":"Ancient Potion"},{"floor":36,"key":"Weak Potion"},{"floor":39,"key":"AttackPotion"}],"is_trial":false,"path_per_floor":["M","?","M","$","?","R","E","R","T","?","M","M","$","M","R","B",null,"M","M","$","M","M","R","$","M","T","R","?","M","M","M","R","B",null,"M","M","?","T","M","R","?","M","T","$","M","?","R","$","R","B"],"character_chosen":"IRONCLAD","items_purchased":["Anger","Bludgeon","Self Forming Clay","Dual Wield","Metallicize","Headbutt","Bag of Preparation","Good Instincts","Flex","Corruption+1"],"campfire_rested":2,"item_purchase_floors":[4,13,13,20,20,24,44,44,44,48],"current_hp_per_floor":[84,84,88,88,88,88,56,56,56,56,61,56,56,62,62,22,88,88,88,88,77,61,61,61,56,56,56,44,34,32,26,56,11,102,96,68,55,55,24,54,54,39,39,39,45,102,102,102,102,0],"gold":4,"neow_bonus":"TEN_PERCENT_HP_BONUS","is_prod":false,"is_daily":false,"chose_seed":false,"campfire_upgraded":7,"win_rate":0,"timestamp":1552869292,"path_taken":["M","?","?","$","?","R","E","R","T","?","M","M","$","M","R","BOSS","M","M","$","M","M","R","$","M","T","R","?","M","M","M","R","BOSS","M","M","?","?","M","R","?","M","T","$","M","?","R","$","R","BOSS"],"build_version":"2019-01-23","purchased_purges":2,"victory":false,"max_hp_per_floor":[88,88,88,88,88,88,88,88,88,88,88,88,88,88,88,88,88,88,88,88,88,88,88,88,88,88,88,102,102,102,102,102,102,102,102,102,102,102,102,102,102,102,102,102,102,102,102,102,102,102],"card_choices":[{"not_picked":["Uppercut","Reckless Charge"],"picked":"Headbutt","floor":1},{"not_picked":["True Grit","Warcry"],"picked":"Clash","floor":3},{"not_picked":["Cleave","Warcry"],"picked":"Rage","floor":7},{"not_picked":["Whirlwind","Clothesline"],"picked":"Warcry","floor":11},{"not_picked":["Sword Boomerang","Pummel"],"picked":"Iron Wave","floor":12},{"not_picked":["Shrug It Off","Thunderclap"],"picked":"Searing Blow","floor":14},{"not_picked":["Reaper","Juggernaut"],"picked":"Bludgeon","floor":16},{"not_picked":["Headbutt+1","Wild Strike"],"picked":"Uppercut+1","floor":18},{"not_picked":["Burning Pact","Flame Barrier","Havoc"],"picked":"SKIP","floor":19},{"not_picked":["Headbutt","Pommel Strike"],"picked":"Perfected Strike","floor":21},{"not_picked":["Sword Boomerang","Reckless Charge+1"],"picked":"Burning Pact","floor":22},{"not_picked":["Perfected Strike","Body Slam"],"picked":"Sentinel+1","floor":25},{"not_picked":["Sword Boomerang","Blood for Blood"],"picked":"Pommel Strike","floor":28},{"not_picked":["Shockwave","Clothesline+1"],"picked":"Shrug It Off+1","floor":29},{"not_picked":["Body Slam","Dual Wield"],"picked":"Shrug It Off","floor":30},{"not_picked":["Body Slam+1","Anger+1"],"picked":"Power Through","floor":31},{"not_picked":["Dark Embrace+1","Fiend Fire"],"picked":"Double Tap","floor":33},{"not_picked":["True Grit","Heavy Blade+1"],"picked":"Shrug It Off+1","floor":35},{"not_picked":["Sword Boomerang","Pommel Strike+1"],"picked":"Twin Strike+1","floor":36},{"not_picked":["Ghostly Armor+1","Headbutt+1"],"picked":"Armaments","floor":39},{"not_picked":["Swift Strike","Impatience"],"picked":"Panache+1","floor":41},{"not_picked":["Sever Soul","Entrench"],"picked":"Iron Wave+1","floor":42},{"not_picked":["Rupture+1","Iron Wave+1"],"picked":"Flex","floor":45}],"player_experience":29789,"relics_obtained":[{"floor":7,"key":"Letter Opener"},{"floor":9,"key":"Matryoshka"},{"floor":26,"key":"Orichalcum"},{"floor":26,"key":"Frozen Egg 2"},{"floor":28,"key":"Mango"},{"floor":28,"key":"Kunai"},{"floor":38,"key":"Juzu Bracelet"},{"floor":38,"key":"MawBank"},{"floor":43,"key":"Sundial"}],"event_choices":[{"damage_healed":0,"gold_gain":0,"cards_transformed":["Strike_R"],"player_choice":"Transformed","damage_taken":0,"max_hp_gain":0,"max_hp_loss":0,"event_name":"Transmorgrifier","floor":2,"gold_loss":0,"cards_obtained":["Perfected Strike"]},{"damage_healed":0,"gold_gain":67,"player_choice":"Gained Gold","damage_taken":0,"max_hp_gain":0,"max_hp_loss":0,"event_name":"Golden Wing","floor":5,"gold_loss":0},{"damage_healed":0,"gold_gain":175,"player_choice":"AGREE","damage_taken":0,"max_hp_gain":0,"max_hp_loss":0,"event_name":"Liars Game","floor":10,"gold_loss":0,"cards_obtained":["Doubt"]},{"damage_healed":0,"gold_gain":0,"player_choice":"Fight","damage_taken":0,"max_hp_gain":0,"max_hp_loss":0,"event_name":"Colosseum","floor":28,"gold_loss":0},{"damage_healed":0,"gold_gain":0,"player_choice":"Fought Nobs","damage_taken":0,"max_hp_gain":0,"max_hp_loss":0,"event_name":"Colosseum","floor":28,"gold_loss":0},{"damage_healed":0,"gold_gain":0,"player_choice":"Embrace Madness","damage_taken":13,"max_hp_gain":0,"max_hp_loss":0,"event_name":"Winding Halls","floor":37,"gold_loss":0,"cards_obtained":["Madness","Madness"]},{"damage_healed":0,"gold_gain":0,"player_choice":"Memory 1","damage_taken":0,"max_hp_gain":0,"max_hp_loss":0,"event_name":"SensoryStone","floor":41,"gold_loss":0},{"damage_healed":57,"gold_gain":0,"player_choice":"Heal","damage_taken":0,"max_hp_gain":0,"max_hp_loss":0,"event_name":"MindBloom","floor":46,"gold_loss":0,"cards_obtained":["Doubt"]}],"is_beta":false,"boss_relics":[{"not_picked":["Snecko Eye","Runic Dome"],"picked":"Mark of Pain"},{"not_picked":["Orrery","Eternal Feather"],"picked":"Cursed Key"}],"items_purged_floors":[20,44],"is_endless":false,"potions_floor_spawned":[1,11,16,18,21,28,28,31,33,35,36,39],"killed_by":"Donu and Deca","ascension_level":0}