{"gold_per_floor":[114,129,129,144,159,159,189,189,239,254,224,224,239,269,269,369,369,384,399,414,66,81,111,111,141,191,251,251,266,281,281,281,381,381,396,411,747,747,847,877,927,99,149,176,0,12,39,51,63,75],"floor_reached":51,"playtime":3524,"items_purged":["Strike_B","Normality"],"score":972,"play_id":"5a0c1040-b5d9-4dcd-b6f1-35fd5e7d739d","local_time":"20190317145350","daily_mods":["Cursed Run","Colorless Cards","Binary"],"is_ascension_mode":false,"campfire_choices":[{"data":"Zap","floor":6,"key":"SMITH"},{"data":"Coolheaded","floor":12,"key":"SMITH"},{"data":"Beam Cell","floor":15,"key":"SMITH"},{"data":"Scrape","floor":24,"key":"SMITH"},{"data":"Go for the Eyes","floor":28,"key":"SMITH"},{"data":"Dualcast","floor":32,"key":"SMITH"},{"data":"Chrysalis","floor":46,"key":"SMITH"},{"data":"Conserve Battery","floor":49,"key":"SMITH"}],"neow_cost":"","seed_source_timestamp":0,"circlet_count":0,"master_deck":["Strike_B","Strike_B","Defend_B","Defend_B","Defend_B","Zap+1","Dualcast+1","Conserve Battery+1","Ball Lightning+1","Good Instincts","Scrape+1","Coolheaded+1","Decay","FTL","Beam Cell+1","Dark Shackles","Shame","All For One","Gash","Beam Cell+1","Go for the Eyes+1","Turbo","Ball Lightning+1","FTL","Reboot","Regret","Purity","Trip+1","Doubt","Doubt","All For One","Conserve Battery+1","Steam Power","Steam","Bandage Up","Finesse","Panacea","Chrysalis+1","Clumsy","Parasite","Gash","Finesse","Clumsy"],"special_seed":17972,"relics":["Cursed Key","Darkstone Periapt","Du-Vu Doll","Pantograph","Anchor","Bottled Flame","Empty Cage","Toolbox","Potion Belt","Question Card","Whetstone","Tiny Chest","Blue Candle","Runic Dome","Old Coin","FossilizedHelix","DataDisk","Art of War","HandDrill","Pear","MawBank","Red Mask"],"potions_floor_usage":[7,23,29,33,40,50,50,50,50],"damage_taken":[{"damage":0,"enemies":"Cultist","floor":1,"turns":3},{"damage":0,"enemies":"Small Slimes","floor":2,"turns":3},{"damage":0,"enemies":"2 Louse","floor":4,"turns":2},{"damage":1,"enemies":"Gremlin Gang","floor":5,"turns":4},{"damage":7,"enemies":"3 Sentries","floor":7,"turns":6},{"damage":0,"enemies":"Exordium Thugs","floor":10,"turns":4},{"damage":0,"enemies":"Exordium Wildlife","floor":13,"turns":2},{"damage":16,"enemies":"Gremlin Nob","floor":14,"turns":4},{"damage":45,"enemies":"Slime Boss","floor":16,"turns":12},{"damage":0,"enemies":"Spheric Guardian","floor":18,"turns":2},{"damage":2,"enemies":"2 Thieves","floor":19,"turns":4},{"damage":6,"enemies":"Snecko","floor":20,"turns":4},{"damage":0,"enemies":"Centurion and Healer","floor":22,"turns":3},{"damage":25,"enemies":"Slavers","floor":23,"turns":8},{"damage":0,"enemies":"Book of Stabbing","floor":25,"turns":3},{"damage":24,"enemies":"Gremlin Leader","floor":27,"turns":6},{"damage":9,"enemies":"Shelled Parasite and Fungi","floor":29,"turns":5},{"damage":1,"enemies":"Snake Plant","floor":30,"turns":3},{"damage":67,"enemies":"Collector","floor":33,"turns":8},{"damage":0,"enemies":"3 Darklings","floor":35,"turns":2},{"damage":0,"enemies":"3 Shapes","floor":36,"turns":3},{"damage":1,"enemies":"2 Orb Walkers","floor":37,"turns":2},{"damage":19,"enemies":"Mind Bloom Boss Battle","floor":39,"turns":5},{"damage":16,"enemies":"Giant Head","floor":40,"turns":6},{"damage":1,"enemies":"Writhing Mass","floor":44,"turns":3},{"damage":30,"enemies":"3 Darklings","floor":47,"turns":4},{"damage":101,"enemies":"Time Eater","floor":50,"turns":9}],"seed_played":"8846997957486014283","potions_obtained":[{"floor":2,"key":"Strength Potion"},{"floor":10,"key":"Ancient Potion"},{"floor":11,"key":"Energy Potion"},{"floor":11,"key":"Dexterity Potion"},{"floor":14,"key":"Regen Potion"},{"floor":16,"key":"Strength Potion"},{"floor":27,"key":"Regen Potion"},{"floor":29,"key":"SteroidPotion"},{"floor":33,"key":"Poison Potion"},{"floor":36,"key":"Poison Potion"},{"floor":39,"key":"Fruit Juice"},{"floor":47,"key":"GamblersBrew"}],"is_trial":false,"path_per_floor":["M","M","?","M","M","R","E","?","T","M","?","R","M","E","R","B",null,"M","M","M","$","M","E","R","E","T","E","R","M","M","T","R","B",null,"M","M","?","?","?","E","T","$","T","M","?","R","M","$","R","B",null],"character_chosen":"DEFECT","items_purchased":["Toolbox","Go for the Eyes","Turbo","HandDrill","Panacea","Chrysalis","Pear"],"campfire_rested":0,"item_purchase_floors":[21,21,21,42,42,42,42],"current_hp_per_floor":[75,75,75,75,74,74,67,72,78,78,78,78,78,62,62,47,92,92,90,84,84,84,73,73,73,79,55,55,58,57,63,63,27,110,110,110,109,104,95,88,94,104,110,119,119,119,93,93,93,27],"gold":87,"neow_bonus":"","is_prod":false,"is_daily":true,"chose_seed":false,"campfire_upgraded":8,"win_rate":0,"timestamp":1552848830,"path_taken":["M","M","?","?","M","R","E","?","T","M","?","R","M","E","R","BOSS","M","M","M","$","?","E","R","E","T","E","R","M","M","?","R","BOSS","M","M","?","?","?","E","?","$","T","M","?","R","M","?","R","BOSS"],"build_version":"2019-01-23","purchased_purges":2,"victory":true,"max_hp_per_floor":[75,75,75,75,75,75,75,80,86,86,86,86,86,86,86,92,92,92,92,92,92,92,92,92,92,98,98,98,98,98,104,104,110,110,110,110,110,110,110,115,121,131,137,143,143,143,143,143,143,149],"card_choices":[{"not_picked":["Beam Cell"],"picked":"Conserve Battery","floor":1},{"not_picked":["Sweeping Beam"],"picked":"Ball Lightning","floor":2},{"not_picked":["Sunder","Hologram"],"picked":"SKIP","floor":4},{"not_picked":["Static Discharge"],"picked":"Scrape","floor":5},{"not_picked":["Sweeping Beam"],"picked":"Coolheaded","floor":7},{"not_picked":["Glacier"],"picked":"FTL","floor":10},{"not_picked":["Consume"],"picked":"Beam Cell","floor":13},{"not_picked":["Ball Lightning"],"picked":"Dark Shackles","floor":14},{"not_picked":["Creative AI"],"picked":"All For One","floor":16},{"not_picked":["Streamline","Hello World"],"picked":"SKIP","floor":18},{"not_picked":["Leap"],"picked":"Gash","floor":19},{"not_picked":["PanicButton"],"picked":"Beam Cell","floor":20},{"not_picked":["Turbo"],"picked":"Ball Lightning+1","floor":22},{"not_picked":["Turbo"],"picked":"FTL","floor":23},{"not_picked":["Skim"],"picked":"Reboot","floor":25},{"not_picked":["Darkness+1","Coolheaded","Turbo"],"picked":"SKIP","floor":27},{"not_picked":["Conserve Battery","PanicButton"],"picked":"Purity","floor":29},{"not_picked":["Cold Snap","Coolheaded"],"picked":"Trip+1","floor":30},{"not_picked":["Core Surge","Mayhem"],"picked":"All For One","floor":33},{"not_picked":["Hologram","Redo"],"picked":"Conserve Battery+1","floor":35},{"not_picked":["Redo","Hologram"],"picked":"Steam Power","floor":36},{"not_picked":["Magnetism","Ball Lightning"],"picked":"Steam","floor":37},{"not_picked":["Finesse","Dramatic Entrance"],"picked":"Bandage Up","floor":38},{"not_picked":["Mind Blast","Magnetism"],"picked":"Finesse","floor":38},{"not_picked":["Rebound+1","Mind Blast","Compile Driver"],"picked":"SKIP","floor":40},{"not_picked":["Deep Breath","Aggregate+1"],"picked":"Gash","floor":44},{"not_picked":["Redo+1","Impatience"],"picked":"Finesse","floor":47}],"player_experience":204802,"relics_obtained":[{"floor":7,"key":"Pantograph"},{"floor":9,"key":"Anchor"},{"floor":14,"key":"Bottled Flame"},{"floor":23,"key":"Potion Belt"},{"floor":25,"key":"Question Card"},{"floor":26,"key":"Whetstone"},{"floor":27,"key":"Tiny Chest"},{"floor":31,"key":"Blue Candle"},{"floor":37,"key":"Old Coin"},{"floor":39,"key":"FossilizedHelix"},{"floor":40,"key":"DataDisk"},{"floor":41,"key":"Art of War"},{"floor":43,"key":"MawBank"}],"event_choices":[{"damage_healed":0,"gold_gain":0,"player_choice":"1 cards matched","damage_taken":0,"max_hp_gain":0,"max_hp_loss":0,"event_name":"Match and Keep!","floor":3,"gold_loss":0,"cards_obtained":["Good Instincts"]},{"damage_healed":0,"gold_gain":0,"player_choice":"Donut","damage_taken":0,"max_hp_gain":5,"max_hp_loss":0,"event_name":"Big Fish","floor":8,"gold_loss":0},{"damage_healed":0,"gold_gain":0,"player_choice":"Bought 2 Potions","damage_taken":0,"max_hp_gain":0,"max_hp_loss":0,"event_name":"The Woman in Blue","floor":11,"gold_loss":0},{"damage_healed":0,"gold_gain":0,"player_choice":"Fight","damage_taken":0,"max_hp_gain":0,"max_hp_loss":0,"event_name":"Mysterious Sphere","floor":37,"gold_loss":0},{"damage_healed":0,"gold_gain":0,"player_choice":"Memory 2","damage_taken":5,"max_hp_gain":0,"max_hp_loss":0,"event_name":"SensoryStone","floor":38,"gold_loss":0},{"damage_healed":0,"gold_gain":0,"player_choice":"Fight","damage_taken":0,"max_hp_gain":0,"max_hp_loss":0,"event_name":"MindBloom","floor":39,"gold_loss":0},{"damage_healed":0,"gold_gain":0,"player_choice":"Paid","damage_taken":0,"relics_obtained":["Red Mask"],"max_hp_gain":0,"max_hp_loss":0,"event_name":"Tomb of Lord Red Mask","floor":45,"gold_loss":188}],"is_beta":false,"boss_relics":[{"not_picked":["Fusion Hammer","Tiny House"],"picked":"Empty Cage"},{"not_picked":["White Beast Statue","Busted Crown"],"picked":"Runic Dome"}],"items_purged_floors":[21,42],"is_endless":false,"potions_floor_spawned":[2,10,14,16,22,27,29,33,36,39,47],"ascension_level":0}