{"gold_per_floor":[366,331,331,16,29,29,57,69,69,84,84,84,94,124,124,203,203,222,222,137,62,62,88,105,125,148,158,53,53,85,96,96,96],"floor_reached":33,"playtime":3581,"items_purged":["Writhe"],"score":571,"play_id":"c110a839-1471-489e-b5c1-1322f86fd935","local_time":"20190310125333","is_ascension_mode":true,"campfire_choices":[{"data":"Zap","floor":6.0,"key":"SMITH"},{"floor":11.0,"key":"REST"},{"data":"Multi-Cast","floor":15,"key":"SMITH"},{"floor":29,"key":"REST"},{"floor":32,"key":"REST"}],"neow_cost":"PERCENT_DAMAGE","seed_source_timestamp":0,"circlet_count":0,"master_deck":["AscendersBane","Strike_B","Strike_B","Strike_B","Strike_B","Defend_B","Defend_B+1","Defend_B","Defend_B","Zap+1","Dualcast","Ball Lightning+1","Sweeping Beam","Chill","Conserve Battery","Ball Lightning","Echo Form","Multi-Cast+1","Buffer","FTL","Glacier","Bandage Up"],"special_seed":0,"relics":["Cracked Core","Pantograph","Unceasing Top","Dead Branch","Oddly Smooth Stone","Black Star","Mango","Meat on the Bone","Strawberry","Matryoshka","Blood Vial","Bag of Preparation","Juzu Bracelet","Regal Pillow"],"potions_floor_usage":[14,16,25,25,33],"damage_taken":[{"damage":2.0,"enemies":"Jaw Worm","floor":1.0,"turns":4.0},{"damage":1.0,"enemies":"Small Slimes","floor":5.0,"turns":3.0},{"damage":8.0,"enemies":"3 Sentries","floor":7.0,"turns":6.0},{"damage":0.0,"enemies":"Cultist","floor":8.0,"turns":3.0},{"damage":0.0,"enemies":"2 Fungi Beasts","floor":10.0,"turns":2.0},{"damage":0.0,"enemies":"Exordium Wildlife","floor":13.0,"turns":1.0},{"damage":14,"enemies":"Gremlin Nob","floor":14,"turns":3},{"damage":26,"enemies":"Hexaghost","floor":16,"turns":8},{"damage":0,"enemies":"Chosen","floor":18,"turns":7},{"damage":55,"enemies":"Book of Stabbing","floor":23,"turns":7},{"damage":18,"enemies":"Shell Parasite","floor":24,"turns":6},{"damage":23,"enemies":"3 Cultists","floor":25,"turns":6},{"damage":22,"enemies":"Snake Plant","floor":27,"turns":4},{"damage":37,"enemies":"Gremlin Leader","floor":30,"turns":7},{"damage":12,"enemies":"Centurion and Healer","floor":31,"turns":10},{"damage":125,"enemies":"Collector","floor":33,"turns":15}],"seed_played":"-5218256769646517456","potions_obtained":[{"floor":5.0,"key":"Dexterity Potion"},{"floor":8.0,"key":"EssenceOfSteel"},{"floor":18,"key":"SpeedPotion"},{"floor":24,"key":"AttackPotion"},{"floor":30,"key":"SteroidPotion"}],"is_trial":false,"path_per_floor":["M","?","?","$","M","R","E","M","T","M","R","?","M","E","R","B",null,"M","?","?","$","T","E","M","M","T","M","$","R","E","M","R","B"],"character_chosen":"DEFECT","items_purchased":["Pantograph","Sweeping Beam","Bandage Up"],"campfire_rested":3,"item_purchase_floors":[4,4,28],"current_hp_per_floor":[44,61,40,40,39,39,31,31,31,31,52,52,52,38,38,37,63,63,77,77,77,77,41,35,24,24,16,16,43,24,30,72,0],"gold":96,"neow_bonus":"TWO_FIFTY_GOLD","is_prod":false,"is_daily":false,"chose_seed":false,"campfire_upgraded":2,"win_rate":0,"timestamp":1552247613,"path_taken":["M","?","?","$","M","R","E","M","T","M","R","?","M","E","R","BOSS","M","?","?","$","?","E","M","?","T","M","$","R","E","M","R","BOSS"],"build_version":"2019-01-23","purchased_purges":1,"victory":false,"max_hp_per_floor":[71,71,71,71,71,71,71,71,71,71,71,71,71,71,71,71,71,71,85,85,85,85,92,92,92,92,92,92,92,92,92,92,92],"card_choices":[{"not_picked":["Steam","Go for the Eyes"],"picked":"Ball Lightning","floor":1.0},{"not_picked":["Loop","Blizzard"],"picked":"Chill","floor":5.0},{"not_picked":["Aggregate","Gash"],"picked":"Conserve Battery","floor":7.0},{"not_picked":["Fusion","Steam Power","Heatsinks"],"picked":"SKIP","floor":8.0},{"not_picked":["Conserve Battery","Sunder"],"picked":"Ball Lightning","floor":10.0},{"not_picked":["Chaos","Reprogram","Sunder"],"picked":"SKIP","floor":13.0},{"not_picked":["Leap","Meteor Strike"],"picked":"Multi-Cast","floor":14},{"not_picked":["Machine Learning","Rainbow"],"picked":"Buffer","floor":16},{"not_picked":["Hologram","Conserve Battery"],"picked":"FTL","floor":18},{"not_picked":["Consume","Rebound","Streamline"],"picked":"SKIP","floor":23},{"not_picked":["Stack","Genetic Algorithm","Streamline"],"picked":"SKIP","floor":24},{"not_picked":["Stack","Steam"],"picked":"Glacier","floor":25},{"not_picked":["Sweeping Beam","Gash+1","Barrage"],"picked":"SKIP","floor":27},{"not_picked":["Turbo","Rebound","Sweeping Beam"],"picked":"SKIP","floor":30},{"not_picked":["Turbo","Stack","Gash+1"],"picked":"SKIP","floor":31}],"player_experience":1252846,"relics_obtained":[{"floor":7.0,"key":"Unceasing Top"},{"floor":9.0,"key":"Dead Branch"},{"floor":14,"key":"Oddly Smooth Stone"},{"floor":23,"key":"Strawberry"},{"floor":23,"key":"Matryoshka"},{"floor":26,"key":"Blood Vial"},{"floor":26,"key":"Bag of Preparation"},{"floor":30,"key":"Juzu Bracelet"},{"floor":30,"key":"Regal Pillow"}],"event_choices":[{"damage_healed":17.0,"max_hp_gain":0.0,"max_hp_loss":0.0,"gold_gain":0.0,"event_name":"The Cleric","player_choice":"Healed","floor":2.0,"gold_loss":35.0,"damage_taken":0.0},{"damage_healed":0.0,"max_hp_gain":0.0,"max_hp_loss":0.0,"gold_gain":0.0,"event_name":"Shining Light","player_choice":"Entered Light","floor":3.0,"gold_loss":0.0,"damage_taken":21.0,"cards_upgraded":["Defend_B","Ball Lightning"]},{"damage_healed":0.0,"max_hp_gain":0.0,"max_hp_loss":0.0,"gold_gain":0.0,"event_name":"Match and Keep!","player_choice":"1 cards matched","floor":12.0,"gold_loss":0.0,"damage_taken":0.0,"cards_obtained":["Echo Form"]},{"damage_healed":0,"gold_gain":0,"player_choice":"Opened","damage_taken":0,"relics_obtained":["Mango"],"max_hp_gain":0,"max_hp_loss":0,"event_name":"The Mausoleum","floor":19,"gold_loss":0,"cards_obtained":["Writhe"]},{"damage_healed":0,"gold_gain":0,"player_choice":"Obtained Relic","damage_taken":0,"relics_obtained":["Meat on the Bone"],"max_hp_gain":0,"max_hp_loss":0,"event_name":"Addict","floor":20,"gold_loss":85}],"is_beta":false,"boss_relics":[{"not_picked":["Lizard Tail","Tiny House"],"picked":"Black Star"}],"items_purged_floors":[21],"is_endless":false,"potions_floor_spawned":[5,8,13,18,24,30],"killed_by":"Collector","ascension_level":17}