{"gold_per_floor":[110,124,49,49,67,67,82,112,135,210,245,245,263,275,275,354,354,367,367,367,386,398,425,441,441,468,393,393,427,446,446],"floor_reached":31,"playtime":1283,"items_purged":["Strike_B"],"score":623,"play_id":"fdeceb30-c5f8-493a-a54c-887ae71f6191","local_time":"20190303191619","is_ascension_mode":true,"campfire_choices":[{"data":"Zap","floor":6,"key":"SMITH"},{"floor":15,"key":"REST"},{"floor":25,"key":"REST"}],"neow_cost":"NONE","seed_source_timestamp":0,"circlet_count":0,"master_deck":["AscendersBane","Strike_B+1","Defend_B","Defend_B","Zap+1","Dualcast","Ball Lightning","Chill","Sweeping Beam+1","Coolheaded","Conserve Battery","Capacitor","Biased Cognition","Buffer","FTL+1","Creative AI+1","Steam","Defragment"],"special_seed":0,"relics":["Cracked Core","CultistMask","Bag of Preparation","DataDisk","Whetstone","Astrolabe","Singing Bowl","Mummified Hand","Dodecahedron","Pen Nib"],"potions_floor_usage":[8,11,16,29,30],"damage_taken":[{"damage":2,"enemies":"Jaw Worm","floor":1,"turns":3},{"damage":0,"enemies":"Cultist","floor":2,"turns":2},{"damage":0,"enemies":"Small Slimes","floor":5,"turns":2},{"damage":3,"enemies":"3 Louse","floor":7,"turns":3},{"damage":27,"enemies":"Lagavulin","floor":8,"turns":6},{"damage":1,"enemies":"3 Sentries","floor":11,"turns":5},{"damage":0,"enemies":"Gremlin Gang","floor":13,"turns":3},{"damage":1,"enemies":"Blue Slaver","floor":14,"turns":3},{"damage":0,"enemies":"The Guardian","floor":16,"turns":9},{"damage":9,"enemies":"Chosen","floor":18,"turns":4},{"damage":6,"enemies":"Shell Parasite","floor":21,"turns":6},{"damage":14,"enemies":"Centurion and Healer","floor":22,"turns":5},{"damage":44,"enemies":"Gremlin Leader","floor":23,"turns":8},{"damage":0,"enemies":"Cultist and Chosen","floor":24,"turns":5},{"damage":30,"enemies":"Slavers","floor":29,"turns":5},{"damage":0,"enemies":"Snake Plant","floor":30,"turns":4},{"damage":9,"enemies":"Centurion and Healer","floor":31,"turns":1}],"seed_played":"-2961112028029113178","potions_obtained":[{"floor":1,"key":"Energy Potion"},{"floor":5,"key":"Explosive Potion"},{"floor":11,"key":"SteroidPotion"},{"floor":14,"key":"LiquidBronze"},{"floor":23,"key":"Swift Potion"},{"floor":29,"key":"FocusPotion"},{"floor":30,"key":"GamblersBrew"}],"is_trial":false,"path_per_floor":["M","M","$","?","M","R","M","E","T","?","E","?","M","M","R","B",null,"M","?","?","M","M","E","M","R","T","?","?","E","M","M"],"character_chosen":"DEFECT","items_purchased":[],"campfire_rested":2,"item_purchase_floors":[],"current_hp_per_floor":[69,69,69,69,69,69,66,39,39,28,27,27,27,26,49,49,71,62,62,62,58,46,4,6,31,31,31,31,1,1,0],"gold":446,"neow_bonus":"TEN_PERCENT_HP_BONUS","is_prod":false,"is_daily":false,"chose_seed":false,"campfire_upgraded":1,"win_rate":0,"timestamp":1551669379,"path_taken":["M","M","$","?","?","R","M","E","T","?","E","?","M","?","R","BOSS","M","?","?","M","?","E","M","R","T","?","?","E","M","?"],"build_version":"2019-01-23","purchased_purges":1,"victory":false,"max_hp_per_floor":[78,78,78,78,78,78,78,78,78,78,78,78,78,78,78,78,78,78,78,78,80,82,84,86,86,86,86,86,86,86,86],"card_choices":[{"not_picked":["Coolheaded","Sunder"],"picked":"Ball Lightning","floor":1},{"not_picked":["Beam Cell","Gash"],"picked":"Chill","floor":2},{"not_picked":["Go for the Eyes","Scrape"],"picked":"Sweeping Beam","floor":5},{"not_picked":["Beam Cell","Streamline"],"picked":"Coolheaded","floor":7},{"not_picked":["Compile Driver","Force Field","Rebound"],"picked":"SKIP","floor":8},{"not_picked":["Auto Shields","Undo"],"picked":"Conserve Battery","floor":11},{"not_picked":["Leap","Hologram"],"picked":"Biased Cognition","floor":13},{"not_picked":["Gash","Hello World","Double Energy"],"picked":"SKIP","floor":14},{"not_picked":["Amplify","All For One"],"picked":"Buffer","floor":16},{"not_picked":["Steam Power","Hello World","Sunder"],"picked":"SKIP","floor":18},{"not_picked":["Aggregate+1","Chaos","Blizzard+1"],"picked":"Singing Bowl","floor":21},{"not_picked":["Compile Driver","Cold Snap","Rebound+1"],"picked":"Singing Bowl","floor":22},{"not_picked":["Sunder","Darkness","Rebound"],"picked":"Singing Bowl","floor":23},{"not_picked":["Hyperbeam","Conserve Battery","Hologram"],"picked":"Singing Bowl","floor":24},{"not_picked":["Melter","Static Discharge"],"picked":"Steam","floor":29},{"not_picked":["Force Field","Streamline"],"picked":"Defragment","floor":30}],"player_experience":1240743,"relics_obtained":[{"floor":8,"key":"Bag of Preparation"},{"floor":9,"key":"DataDisk"},{"floor":11,"key":"Whetstone"},{"floor":23,"key":"Mummified Hand"},{"floor":29,"key":"Pen Nib"}],"event_choices":[{"damage_healed":0,"gold_gain":0,"player_choice":"Trade","damage_taken":0,"relics_obtained":["CultistMask"],"max_hp_gain":0,"max_hp_loss":0,"event_name":"FaceTrader","floor":4,"gold_loss":0},{"damage_healed":0,"gold_gain":75,"player_choice":"Gather Gold","damage_taken":11,"max_hp_gain":0,"max_hp_loss":0,"event_name":"World of Goop","floor":10,"gold_loss":0},{"damage_healed":0,"gold_gain":0,"cards_transformed":["Strike_B"],"player_choice":"Transformed","damage_taken":0,"max_hp_gain":0,"max_hp_loss":0,"event_name":"Transmorgrifier","floor":12,"gold_loss":0,"cards_obtained":["Capacitor"]},{"damage_healed":0,"gold_gain":0,"player_choice":"Opened","damage_taken":0,"relics_obtained":["Singing Bowl"],"max_hp_gain":0,"max_hp_loss":0,"event_name":"The Mausoleum","floor":19,"gold_loss":0,"cards_obtained":["Writhe"]},{"cards_removed":["Writhe"],"damage_healed":0,"gold_gain":0,"player_choice":"Removed Curses","damage_taken":0,"max_hp_gain":0,"max_hp_loss":0,"event_name":"Fountain of Cleansing","floor":20,"gold_loss":0},{"cards_removed":["Creative AI"],"damage_healed":0,"gold_gain":0,"player_choice":"Gave Gold","damage_taken":0,"max_hp_gain":0,"max_hp_loss":0,"event_name":"Beggar","floor":27,"gold_loss":75},{"damage_healed":0,"gold_gain":0,"player_choice":"Gave Potion","damage_taken":0,"relics_obtained":["Dodecahedron"],"max_hp_gain":0,"max_hp_loss":0,"event_name":"WeMeetAgain","floor":28,"gold_loss":0}],"is_beta":false,"boss_relics":[{"not_picked":["Cursed Key","Runic Dome"],"picked":"Astrolabe"}],"items_purged_floors":[3],"is_endless":false,"potions_floor_spawned":[1,5,11,14,23,29,30],"killed_by":"Centurion and Healer","ascension_level":17}