{"gold_per_floor":[112,129,129,147,163,163,180,180,204,216,251,251,267,114,114,209,209,225,44,143,143,143,143,143],"floor_reached":24,"playtime":1083,"items_purged":["Strike_B","Strike_B"],"score":196,"play_id":"fead2fa3-9ec7-4ebd-b975-55322eef4e66","local_time":"20190316005444","is_ascension_mode":false,"campfire_choices":[{"data":"Zap","floor":6,"key":"SMITH"},{"data":"Defragment","floor":8,"key":"SMITH"},{"data":"Defragment","floor":12,"key":"SMITH"},{"data":"Defragment","floor":15,"key":"SMITH"},{"floor":23,"key":"RECALL"}],"neow_cost":"NONE","seed_source_timestamp":220165550142528,"circlet_count":0,"master_deck":["Strike_B","Defend_B","Defend_B","Defend_B","Defend_B","Zap+1","Dualcast","Streamline","Cold Snap","Glacier","Echo Form","Defragment+1","Defragment+1","Doom and Gloom","White Noise","Defragment+1","Buffer","Loop","Hyperbeam","Skim"],"relics":["Cracked Core","Oddly Smooth Stone","Juzu Bracelet","Boot","Inserter"],"potions_floor_usage":[10,16,16,24],"damage_taken":[{"damage":0,"enemies":"Small Slimes","floor":1,"turns":3},{"damage":1,"enemies":"Jaw Worm","floor":2,"turns":3},{"damage":0,"enemies":"Cultist","floor":4,"turns":3},{"damage":1,"enemies":"Large Slime","floor":5,"turns":8},{"damage":1,"enemies":"2 Fungi Beasts","floor":7,"turns":4},{"damage":7,"enemies":"Exordium Thugs","floor":10,"turns":6},{"damage":18,"enemies":"Lagavulin","floor":11,"turns":7},{"damage":5,"enemies":"3 Louse","floor":13,"turns":2},{"damage":6,"enemies":"The Guardian","floor":16,"turns":8},{"damage":12,"enemies":"Shell Parasite","floor":18,"turns":5},{"damage":68,"enemies":"Gremlin Leader","floor":24,"turns":3}],"seed_played":"2770253059419579652","potions_obtained":[{"floor":4,"key":"SneckoOil"},{"floor":11,"key":"SpeedPotion"},{"floor":13,"key":"PowerPotion"},{"floor":16,"key":"Swift Potion"}],"is_trial":false,"path_per_floor":["M","M","?","M","M","R","M","R","T","M","E","R","M","$","R","B",null,"M","$","?","?","?","R","E"],"character_chosen":"DEFECT","items_purchased":["Defragment","Loop"],"campfire_rested":0,"item_purchase_floors":[14,19],"current_hp_per_floor":[75,74,74,74,73,73,72,72,72,65,47,47,42,42,42,36,75,63,63,63,63,63,63,0],"gold":143,"neow_bonus":"RANDOM_COMMON_RELIC","is_prod":false,"is_daily":false,"chose_seed":false,"campfire_upgraded":4,"win_rate":0,"timestamp":1552722884,"path_taken":["M","M","?","M","M","R","M","R","T","M","E","R","M","$","R","BOSS","M","$","?","?","?","R","E"],"build_version":"2019-01-23","purchased_purges":2,"victory":false,"max_hp_per_floor":[75,75,75,75,75,75,75,75,75,75,75,75,75,75,75,75,75,75,75,75,75,75,75,75],"card_choices":[{"not_picked":["Blizzard","Redo"],"picked":"Streamline","floor":1},{"not_picked":["Conserve Battery","Rebound"],"picked":"Cold Snap","floor":2},{"not_picked":["FTL","Gash"],"picked":"Glacier","floor":4},{"not_picked":["Steam","Leap"],"picked":"Echo Form","floor":5},{"not_picked":["Conserve Battery","Scrape"],"picked":"Defragment","floor":7},{"not_picked":["Static Discharge","Go for the Eyes"],"picked":"Defragment","floor":10},{"not_picked":["Chill","Ball Lightning"],"picked":"Doom and Gloom","floor":11},{"not_picked":["Heatsinks","Hologram"],"picked":"White Noise","floor":13},{"not_picked":["Reboot","Electrodynamics"],"picked":"Buffer","floor":16},{"not_picked":["Sweeping Beam+1","Cold Snap","Lockon+1"],"picked":"SKIP","floor":18}],"player_experience":486349,"relics_obtained":[{"floor":9,"key":"Juzu Bracelet"},{"floor":11,"key":"Boot"}],"event_choices":[{"damage_healed":0,"gold_gain":0,"player_choice":"Ignored","damage_taken":0,"max_hp_gain":0,"max_hp_loss":0,"event_name":"Liars Game","floor":3,"gold_loss":0},{"damage_healed":0,"gold_gain":99,"player_choice":"Stole From Cult","damage_taken":0,"max_hp_gain":0,"max_hp_loss":0,"event_name":"Nest","floor":20,"gold_loss":0},{"damage_healed":0,"gold_gain":0,"cards_transformed":["Strike_B"],"player_choice":"Transformed","damage_taken":0,"max_hp_gain":0,"max_hp_loss":0,"event_name":"Transmorgrifier","floor":21,"gold_loss":0,"cards_obtained":["Hyperbeam"]},{"damage_healed":0,"gold_gain":0,"player_choice":"Read","damage_taken":0,"max_hp_gain":0,"max_hp_loss":0,"event_name":"The Library","floor":22,"gold_loss":0,"cards_obtained":["Skim"]}],"is_beta":false,"boss_relics":[{"not_picked":["Black Star","Astrolabe"],"picked":"Inserter"}],"items_purged_floors":[14,19],"is_endless":false,"potions_floor_spawned":[4,11,13,16],"killed_by":"Gremlin Leader","ascension_level":0}