{"gold_per_floor":[118,118,128,128,139,166,166,244,244,244,264,264,264,289,289,378,378,393,393,393,418,333,333,356,356,356,356,356],"floor_reached":28,"playtime":1154,"items_purged":[],"score":400,"play_id":"975f2eb4-d6c0-485a-ae6c-3a01b77c8850","local_time":"20190210083135","is_ascension_mode":true,"campfire_choices":[{"floor":10,"key":"REST"},{"data":"Zap","floor":13,"key":"SMITH"},{"data":"Loop","floor":15,"key":"SMITH"},{"floor":23,"key":"REST"},{"floor":25,"key":"REST"}],"neow_cost":"NONE","seed_source_timestamp":172513123749300,"circlet_count":0,"master_deck":["AscendersBane","Strike_B","Strike_B","Strike_B","Strike_B","Defend_B","Defend_B","Defend_B","Defend_B","Zap+1","Dualcast","Finesse","Glacier","Ball Lightning","Cold Snap","Loop+1","Sunder+1","Seek","Conserve Battery+1","Seek"],"relics":["Cracked Core","Juzu Bracelet","StoneCalendar","Golden Idol","Pantograph","Busted Crown","Nilry\u0027s Codex","Meat on the Bone","Gambling Chip"],"potions_floor_usage":[6,21],"damage_taken":[{"damage":0,"enemies":"Cultist","floor":1,"turns":3},{"damage":2,"enemies":"Small Slimes","floor":3,"turns":4},{"damage":1,"enemies":"2 Louse","floor":5,"turns":2},{"damage":21,"enemies":"Gremlin Nob","floor":6,"turns":5},{"damage":0,"enemies":"Looter","floor":11,"turns":3},{"damage":6,"enemies":"Blue Slaver","floor":14,"turns":2},{"damage":41,"enemies":"Slime Boss","floor":16,"turns":7},{"damage":15,"enemies":"Spheric Guardian","floor":18,"turns":4},{"damage":7,"enemies":"2 Thieves","floor":21,"turns":4},{"damage":23,"enemies":"Sentry and Sphere","floor":24,"turns":6},{"damage":42,"enemies":"Book of Stabbing","floor":28,"turns":4}],"seed_played":"-3438728076027963708","potions_obtained":[{"floor":3,"key":"Ancient Potion"},{"floor":5,"key":"FocusPotion"},{"floor":16,"key":"Swift Potion"},{"floor":21,"key":"SkillPotion"}],"is_trial":false,"path_per_floor":["M","?","M","?","M","E","?","T","T","R","M","?","R","M","R","B",null,"M","?","?","M","?","R","M","R","T","?","E"],"character_chosen":"DEFECT","items_purchased":[],"campfire_rested":3,"item_purchase_floors":[],"current_hp_per_floor":[64,46,44,44,43,22,22,22,22,41,41,41,41,35,35,19,53,38,17,17,10,10,29,18,37,37,37,0],"gold":356,"neow_bonus":"RANDOM_COLORLESS","is_prod":false,"is_daily":false,"chose_seed":false,"campfire_upgraded":2,"win_rate":0,"timestamp":1549816295,"path_taken":["M","?","M","?","M","E","?","?","T","R","M","?","R","M","R","BOSS","M","?","?","M","?","R","M","R","T","?","E"],"build_version":"2019-01-23","purchased_purges":0,"victory":false,"max_hp_per_floor":[71,71,71,71,71,71,64,64,64,64,64,64,64,64,64,64,64,64,64,64,64,64,64,64,64,64,64,64],"card_choices":[{"not_picked":["Reinforced Body","FTL"],"picked":"Glacier","floor":1},{"not_picked":["Sweeping Beam","Redo"],"picked":"Ball Lightning","floor":3},{"not_picked":["Barrage","Leap"],"picked":"Cold Snap","floor":5},{"not_picked":["Meteor Strike","Turbo"],"picked":"Loop","floor":6},{"not_picked":["BootSequence","Consume"],"picked":"Sunder","floor":11},{"not_picked":["Compile Driver","Barrage","Cold Snap"],"picked":"SKIP","floor":14},{"not_picked":["Amplify","Biased Cognition"],"picked":"Seek","floor":16},{"not_picked":[],"picked":"Conserve Battery+1","floor":18},{"not_picked":["Gash"],"picked":"SKIP","floor":21},{"not_picked":["Redo+1"],"picked":"SKIP","floor":24}],"player_experience":1236548,"relics_obtained":[{"floor":6,"key":"StoneCalendar"},{"floor":9,"key":"Pantograph"},{"floor":19,"key":"Nilry\u0027s Codex"},{"floor":26,"key":"Gambling Chip"}],"event_choices":[{"damage_healed":0,"gold_gain":0,"player_choice":"Success","damage_taken":18,"relics_obtained":["Juzu Bracelet"],"max_hp_gain":0,"max_hp_loss":0,"event_name":"Scrap Ooze","floor":2,"gold_loss":0},{"damage_healed":0,"gold_gain":0,"player_choice":"Ignored","damage_taken":0,"max_hp_gain":0,"max_hp_loss":0,"event_name":"Liars Game","floor":4,"gold_loss":0},{"damage_healed":0,"gold_gain":0,"player_choice":"Lose Max HP","damage_taken":0,"relics_obtained":["Golden Idol"],"max_hp_gain":0,"max_hp_loss":7,"event_name":"Golden Idol","floor":7,"gold_loss":0},{"damage_healed":0,"gold_gain":0,"player_choice":"Grow","damage_taken":0,"max_hp_gain":0,"max_hp_loss":0,"event_name":"Living Wall","floor":12,"gold_loss":0,"cards_upgraded":["Sunder"]},{"damage_healed":0,"gold_gain":0,"player_choice":"Obtained Book","damage_taken":21,"max_hp_gain":0,"max_hp_loss":0,"event_name":"Cursed Tome","floor":19,"gold_loss":0},{"damage_healed":0,"gold_gain":0,"player_choice":"Copied","damage_taken":0,"max_hp_gain":0,"max_hp_loss":0,"event_name":"Duplicator","floor":20,"gold_loss":0,"cards_obtained":["Seek"]},{"damage_healed":0,"gold_gain":0,"player_choice":"Obtained Relic","damage_taken":0,"relics_obtained":["Meat on the Bone"],"max_hp_gain":0,"max_hp_loss":0,"event_name":"Addict","floor":22,"gold_loss":85},{"damage_healed":0,"gold_gain":0,"player_choice":"Ignored","damage_taken":0,"max_hp_gain":0,"max_hp_loss":0,"event_name":"Vampires","floor":27,"gold_loss":0}],"is_beta":false,"boss_relics":[{"not_picked":["Nuclear Battery","Inserter"],"picked":"Busted Crown"}],"items_purged_floors":[],"is_endless":false,"potions_floor_spawned":[3,5,16,21],"killed_by":"Book of Stabbing","ascension_level":17}