{"gold_per_floor":[109,125,125,137,62,62,62,87,87,87,101,101,133,88],"floor_reached":14,"playtime":524,"items_purged":["Strike_B"],"score":127,"play_id":"45d5526e-7080-499d-85e1-08d0c33ba2b1","local_time":"20190226203326","is_ascension_mode":true,"campfire_choices":[{"floor":6,"key":"REST"},{"data":"Loop","floor":10,"key":"SMITH"},{"floor":12,"key":"REST"}],"neow_cost":"TEN_PERCENT_HP_LOSS","seed_source_timestamp":959210766436666,"circlet_count":0,"master_deck":["Strike_B","Strike_B","Defend_B","Defend_B","Defend_B","Defend_B","Zap","Dualcast","Genetic Algorithm","Beam Cell","Loop+1","Darkness","Genetic Algorithm","Streamline","Reinforced Body"],"relics":["Cracked Core","Unceasing Top","Letter Opener","Peace Pipe","Lantern","Boot"],"potions_floor_usage":[8,8,13],"damage_taken":[{"damage":5,"enemies":"Small Slimes","floor":1,"turns":4},{"damage":7,"enemies":"2 Louse","floor":2,"turns":3},{"damage":7,"enemies":"Jaw Worm","floor":4,"turns":2},{"damage":12,"enemies":"Gremlin Nob","floor":8,"turns":5},{"damage":10,"enemies":"Blue Slaver","floor":11,"turns":3},{"damage":30,"enemies":"3 Sentries","floor":13,"turns":6},{"damage":16,"enemies":"Exordium Thugs","floor":14,"turns":3}],"seed_played":"-6482788396958469960","potions_obtained":[{"floor":2,"key":"Block Potion"},{"floor":4,"key":"Weak Potion"},{"floor":11,"key":"Explosive Potion"}],"is_trial":false,"path_per_floor":["M","M","?","M","$","R","?","E","T","R","M","R","E","M"],"character_chosen":"DEFECT","items_purchased":[],"campfire_rested":2,"item_purchase_floors":[],"current_hp_per_floor":[63,56,23,16,16,36,36,24,24,24,14,34,4,0],"gold":88,"neow_bonus":"ONE_RARE_RELIC","is_prod":false,"is_daily":false,"chose_seed":false,"campfire_upgraded":1,"win_rate":0,"timestamp":1551242006,"path_taken":["M","M","?","M","$","R","?","E","T","R","?","R","E","M"],"build_version":"2019-01-23","purchased_purges":1,"victory":false,"max_hp_per_floor":[68,68,68,68,68,68,68,68,68,68,68,68,68,68],"card_choices":[{"not_picked":["Hologram","Genetic Algorithm","Blizzard"],"picked":"SKIP","floor":1},{"not_picked":["Hologram","Blizzard"],"picked":"Genetic Algorithm","floor":1},{"not_picked":["Gash","Turbo"],"picked":"Beam Cell","floor":2},{"not_picked":["Leap","Sweeping Beam"],"picked":"Loop","floor":4},{"not_picked":["Beam Cell","Redo"],"picked":"Genetic Algorithm","floor":8},{"not_picked":["Ball Lightning","Cold Snap"],"picked":"Streamline","floor":11},{"not_picked":["Steam","Stack"],"picked":"Reinforced Body","floor":13}],"player_experience":371465,"relics_obtained":[{"floor":8,"key":"Peace Pipe"},{"floor":9,"key":"Lantern"},{"floor":13,"key":"Boot"}],"event_choices":[{"damage_healed":0,"gold_gain":0,"player_choice":"Success","damage_taken":33,"relics_obtained":["Letter Opener"],"max_hp_gain":0,"max_hp_loss":0,"event_name":"Scrap Ooze","floor":3,"gold_loss":0},{"damage_healed":0,"gold_gain":0,"cards_transformed":["Strike_B"],"player_choice":"Change","damage_taken":0,"max_hp_gain":0,"max_hp_loss":0,"event_name":"Living Wall","floor":7,"gold_loss":0,"cards_obtained":["Darkness"]}],"is_beta":false,"boss_relics":[],"items_purged_floors":[5],"is_endless":false,"potions_floor_spawned":[2,4,11],"killed_by":"Exordium Thugs","ascension_level":6}