{"gold_per_floor":[138,313,273,308,347,398,398,444,481,493,505],"floor_reached":11,"playtime":496,"items_purged":[],"score":89,"play_id":"3a0d0a83-cfc0-4ec6-b9bb-fbe3098ffccf","local_time":"20190319005916","is_ascension_mode":true,"campfire_choices":[{"data":"Neutralize","floor":7,"key":"SMITH"},{"floor":10,"key":"REST"}],"neow_cost":"CURSE","seed_source_timestamp":422605864687518,"circlet_count":0,"master_deck":["Defend_G","Defend_G","Defend_G","Defend_G","Defend_G","Strike_G","Strike_G","Strike_G","Strike_G","Strike_G","Survivor","Neutralize+1","Forethought","HandOfGreed","Clumsy","Quick Slash","Doubt","Acrobatics","Deadly Poison","Heel Hook","Tactician"],"relics":["Ring of the Snake","Vajra","MawBank","Juzu Bracelet"],"potions_floor_usage":[4,5,6,8,8],"damage_taken":[{"damage":4,"enemies":"Small Slimes","floor":1,"turns":3},{"damage":2,"enemies":"Jaw Worm","floor":4,"turns":2},{"damage":0,"enemies":"Cultist","floor":5,"turns":2},{"damage":20,"enemies":"3 Sentries","floor":6,"turns":10},{"damage":21,"enemies":"Lagavulin","floor":8,"turns":7},{"damage":45,"enemies":"3 Sentries","floor":11,"turns":9}],"seed_played":"-1788602147535141064","potions_obtained":[{"floor":3,"key":"Ancient Potion"},{"floor":3,"key":"SteroidPotion"},{"floor":3,"key":"AttackPotion"},{"floor":4,"key":"SpeedPotion"},{"floor":5,"key":"EssenceOfSteel"}],"is_trial":false,"path_per_floor":["M","?","?","M","M","E","R","E","T","R","E"],"character_chosen":"THE_SILENT","items_purchased":[],"campfire_rested":1,"item_purchase_floors":[],"current_hp_per_floor":[66,66,66,64,64,44,44,23,23,44,0],"gold":505,"neow_bonus":"RANDOM_COLORLESS_2","is_prod":false,"is_daily":false,"chose_seed":false,"campfire_upgraded":1,"win_rate":0,"timestamp":1552924756,"path_taken":["M","?","?","?","M","E","R","E","T","R","E"],"build_version":"2019-01-23","purchased_purges":0,"victory":false,"max_hp_per_floor":[70,70,70,70,70,70,70,70,70,70,70],"card_choices":[{"not_picked":["Skewer","Prepared"],"picked":"Quick Slash","floor":1},{"not_picked":["Dagger Throw","Poisoned Stab"],"picked":"Acrobatics","floor":4},{"not_picked":["Concentrate","Dagger Throw"],"picked":"Deadly Poison","floor":5},{"not_picked":["Underhanded Strike","Quick Slash"],"picked":"Heel Hook","floor":6},{"not_picked":["Corpse Explosion","Grand Finale"],"picked":"Tactician","floor":8}],"player_experience":564959,"relics_obtained":[{"floor":6,"key":"Vajra"},{"floor":8,"key":"MawBank"},{"floor":9,"key":"Juzu Bracelet"}],"event_choices":[{"damage_healed":0,"gold_gain":175,"player_choice":"AGREE","damage_taken":0,"max_hp_gain":0,"max_hp_loss":0,"event_name":"Liars Game","floor":2,"gold_loss":0,"cards_obtained":["Doubt"]},{"damage_healed":0,"gold_gain":0,"player_choice":"Bought 3 Potions","damage_taken":0,"max_hp_gain":0,"max_hp_loss":0,"event_name":"The Woman in Blue","floor":3,"gold_loss":0}],"is_beta":false,"boss_relics":[],"items_purged_floors":[],"is_endless":false,"potions_floor_spawned":[4,5],"killed_by":"3 Sentries","ascension_level":2}