{"gold_per_floor":[116,16,36,36,47,47,71,97,97,97,115,15,15,27,27,27],"floor_reached":16,"playtime":773,"items_purged":["Strike_R","Strike_R"],"score":120,"play_id":"db803be9-fbe4-47c6-bb13-22d0f619bd37","local_time":"20190127221834","is_ascension_mode":true,"campfire_choices":[{"data":"Bash","floor":6,"key":"SMITH"},{"floor":13,"key":"REST"},{"data":"1","floor":15,"key":"LIFT"}],"neow_cost":"NONE","seed_source_timestamp":551853988277486,"circlet_count":0,"master_deck":["Strike_R","Strike_R","Strike_R","Defend_R","Defend_R","Defend_R","Defend_R+1","Bash+1","Fire Breathing","Pommel Strike+1","Bloodletting","Pommel Strike","Armaments","Shrug It Off","Bloodletting","Shrug It Off"],"relics":["Burning Blood","NeowsBlessing","Odd Mushroom","Girya","Du-Vu Doll"],"potions_floor_usage":[16],"damage_taken":[{"damage":0,"enemies":"Small Slimes","floor":1,"turns":1},{"damage":0,"enemies":"2 Louse","floor":3,"turns":1},{"damage":0,"enemies":"Jaw Worm","floor":5,"turns":1},{"damage":30,"enemies":"The Mushroom Lair","floor":7,"turns":4},{"damage":26,"enemies":"Gremlin Nob","floor":8,"turns":4},{"damage":3,"enemies":"Blue Slaver","floor":11,"turns":3},{"damage":3,"enemies":"Large Slime","floor":14,"turns":5},{"damage":58,"enemies":"Slime Boss","floor":16,"turns":12}],"seed_played":"-2753313055988607662","potions_obtained":[{"floor":1,"key":"GamblersBrew"},{"floor":3,"key":"Poison Potion"}],"is_trial":false,"path_per_floor":["M","$","M","?","M","R","?","E","T","?","M","$","R","M","R","B"],"character_chosen":"IRONCLAD","items_purchased":["Pommel Strike"],"campfire_rested":1,"item_purchase_floors":[2],"current_hp_per_floor":[80,80,80,80,80,80,56,36,36,20,23,23,47,50,50,0],"gold":27,"neow_bonus":"THREE_ENEMY_KILL","is_prod":false,"is_daily":false,"chose_seed":false,"campfire_upgraded":1,"win_rate":0,"timestamp":1548656314,"path_taken":["M","$","M","?","M","R","?","E","T","?","M","$","R","M","R","BOSS"],"build_version":"2019-01-23","purchased_purges":2,"victory":false,"max_hp_per_floor":[80,80,80,80,80,80,80,80,80,80,80,80,80,80,80,80],"card_choices":[{"not_picked":["Heavy Blade","Twin Strike"],"picked":"Fire Breathing","floor":1},{"not_picked":["Dual Wield","Clash"],"picked":"Bloodletting","floor":3},{"not_picked":["Combust","Twin Strike"],"picked":"Pommel Strike","floor":5},{"not_picked":["Wild Strike","Intimidate"],"picked":"Armaments","floor":7},{"not_picked":["Dual Wield","Body Slam"],"picked":"Shrug It Off","floor":8},{"not_picked":["Uppercut","Whirlwind"],"picked":"Bloodletting","floor":11},{"not_picked":["Anger","Perfected Strike"],"picked":"Shrug It Off","floor":14}],"player_experience":183727,"relics_obtained":[{"floor":7,"key":"Odd Mushroom"},{"floor":8,"key":"Girya"},{"floor":9,"key":"Du-Vu Doll"}],"event_choices":[{"damage_healed":0,"gold_gain":0,"player_choice":"Leave","damage_taken":0,"max_hp_gain":0,"max_hp_loss":0,"event_name":"The Cleric","floor":4,"gold_loss":0},{"damage_healed":0,"gold_gain":0,"player_choice":"Fought Mushrooms","damage_taken":0,"max_hp_gain":0,"max_hp_loss":0,"event_name":"Mushrooms","floor":7,"gold_loss":0},{"damage_healed":0,"gold_gain":0,"player_choice":"Entered Light","damage_taken":16,"max_hp_gain":0,"max_hp_loss":0,"event_name":"Shining Light","floor":10,"gold_loss":0,"cards_upgraded":["Pommel Strike","Defend_R"]}],"is_beta":false,"boss_relics":[],"items_purged_floors":[2,12],"is_endless":false,"potions_floor_spawned":[1,3],"killed_by":"Slime Boss","ascension_level":4}