{"gold_per_floor":[116,134,134,134,147,181,181,209,233,183,215,215,233,0,0,104,104,118,136,136,136],"floor_reached":21,"playtime":1667,"items_purged":[],"score":236,"play_id":"78e98d8d-088c-4e00-9d0d-1e8fd1647cc3","local_time":"20190319021505","is_ascension_mode":true,"campfire_choices":[{"data":"Leg Sweep","floor":7,"key":"SMITH"},{"data":"Finisher","floor":12,"key":"SMITH"},{"floor":15,"key":"REST"}],"neow_cost":"NONE","seed_source_timestamp":468664844952300,"circlet_count":0,"master_deck":["Defend_G","Defend_G","Defend_G","Defend_G","Strike_G","Strike_G","Strike_G","Strike_G","Survivor","Neutralize","Heel Hook","Leg Sweep+1","Sucker Punch","Endless Agony","Expertise","Slice","Endless Agony","Venomology","Blade Dance","Finisher+1","Accuracy","Corpse Explosion","Blade Dance+1"],"relics":["Orrery","Orichalcum","Omamori","Potion Belt","Darkstone Periapt","Membership Card","White Beast Statue","Nilry\u0027s Codex"],"potions_floor_usage":[8,11,16,16,16,18,18,19,21,21],"damage_taken":[{"damage":0,"enemies":"2 Louse","floor":1,"turns":4},{"damage":0,"enemies":"Jaw Worm","floor":2,"turns":5},{"damage":0,"enemies":"Small Slimes","floor":5,"turns":4},{"damage":14,"enemies":"Gremlin Nob","floor":6,"turns":5},{"damage":15,"enemies":"Lagavulin","floor":8,"turns":9},{"damage":21,"enemies":"3 Sentries","floor":11,"turns":8},{"damage":0,"enemies":"3 Louse","floor":13,"turns":4},{"damage":13,"enemies":"Hexaghost","floor":16,"turns":8},{"damage":16,"enemies":"Shell Parasite","floor":18,"turns":9},{"damage":19,"enemies":"Spheric Guardian","floor":19,"turns":4},{"damage":37,"enemies":"Chosen and Byrds","floor":21,"turns":6}],"seed_played":"3132191783465089374","potions_obtained":[{"floor":5,"key":"Explosive Potion"},{"floor":6,"key":"Fire Potion"},{"floor":13,"key":"Energy Potion"},{"floor":16,"key":"Dexterity Potion"},{"floor":18,"key":"SmokeBomb"},{"floor":19,"key":"PowerPotion"}],"is_trial":false,"path_per_floor":["M","M","?","?","M","E","R","E","T","?","E","R","M","$","R","B",null,"M","M","?","M"],"character_chosen":"THE_SILENT","items_purchased":["Membership Card","Accuracy"],"campfire_rested":1,"item_purchase_floors":[14,14],"current_hp_per_floor":[70,70,63,68,68,54,54,39,39,39,18,18,18,18,40,27,75,59,40,24,0],"gold":136,"neow_bonus":"BOSS_RELIC","is_prod":false,"is_daily":false,"chose_seed":false,"campfire_upgraded":2,"win_rate":0,"timestamp":1552976105,"path_taken":["M","M","?","?","M","E","R","E","T","?","E","R","M","$","R","BOSS","M","M","?","M"],"build_version":"2019-01-23","purchased_purges":0,"victory":false,"max_hp_per_floor":[70,70,70,75,75,75,75,75,75,75,75,75,75,75,75,75,75,75,75,75,75],"card_choices":[{"not_picked":["Calculated Gamble","Outmaneuver"],"picked":"Heel Hook","floor":0},{"not_picked":["Dagger Throw","Masterful Stab"],"picked":"Leg Sweep","floor":0},{"not_picked":["Prepared","Dodge and Roll"],"picked":"Sucker Punch","floor":0},{"not_picked":["Slice","Well Laid Plans"],"picked":"Endless Agony","floor":0},{"not_picked":["Underhanded Strike","Dodge and Roll"],"picked":"Expertise","floor":0},{"not_picked":["Noxious Fumes","Bane"],"picked":"Slice","floor":1},{"not_picked":["Flying Knee","Sucker Punch","Dagger Throw"],"picked":"SKIP","floor":2},{"not_picked":["Crippling Poison","Poisoned Stab"],"picked":"Endless Agony","floor":5},{"not_picked":["Eviscerate","Prepared"],"picked":"Venomology","floor":6},{"not_picked":["Dagger Throw","Distraction"],"picked":"Blade Dance","floor":8},{"not_picked":["Backflip","Flying Knee"],"picked":"Finisher","floor":11},{"not_picked":["Underhanded Strike","Deadly Poison","Bane"],"picked":"SKIP","floor":13},{"not_picked":["Doppelganger","Die Die Die"],"picked":"Corpse Explosion","floor":16},{"not_picked":["Outmaneuver+1","Sucker Punch","Expertise+1"],"picked":"SKIP","floor":18},{"not_picked":["Choke","Accuracy"],"picked":"Blade Dance+1","floor":19}],"player_experience":208326,"relics_obtained":[{"floor":6,"key":"Orichalcum"},{"floor":8,"key":"Omamori"},{"floor":9,"key":"Potion Belt"},{"floor":11,"key":"Darkstone Periapt"},{"floor":20,"key":"Nilry\u0027s Codex"}],"event_choices":[{"cards_removed":["Strike_G"],"damage_healed":0,"gold_gain":0,"player_choice":"Card Removal","damage_taken":7,"max_hp_gain":0,"max_hp_loss":0,"event_name":"Golden Wing","floor":3,"gold_loss":0},{"damage_healed":0,"gold_gain":0,"player_choice":"Donut","damage_taken":0,"max_hp_gain":5,"max_hp_loss":0,"event_name":"Big Fish","floor":4,"gold_loss":0},{"cards_removed":["Defend_G"],"damage_healed":0,"gold_gain":0,"player_choice":"Card Removal","damage_taken":0,"max_hp_gain":0,"max_hp_loss":0,"event_name":"The Cleric","floor":10,"gold_loss":50},{"damage_healed":0,"gold_gain":0,"player_choice":"Obtained Book","damage_taken":16,"max_hp_gain":0,"max_hp_loss":0,"event_name":"Cursed Tome","floor":20,"gold_loss":0}],"is_beta":false,"boss_relics":[{"not_picked":["Ectoplasm","Velvet Choker"],"picked":"White Beast Statue"}],"items_purged_floors":[],"is_endless":false,"potions_floor_spawned":[5,6,13,16,18,19],"killed_by":"Chosen and Byrds","ascension_level":4}