{"gold_per_floor":[115,133,146,146,157,157,172,172,199,217,173,184,184,215,215,313,313,332,32,43,58,157,157,170,47,47,47,47,58,70,70,70,172,172,190,210,4,19,19,19,19,34,87,99,211,240,262,291,303,315],"floor_reached":50,"playtime":1932,"items_purged":["Strike_B","Regret"],"score":450,"play_id":"7d27181e-3a5d-4e80-9ce2-217960608e02","local_time":"20190310112436","is_ascension_mode":false,"campfire_choices":[{"data":"Rainbow","floor":6,"key":"SMITH"},{"data":"Zap","floor":8,"key":"SMITH"},{"data":"White Noise","floor":13,"key":"SMITH"},{"floor":15,"key":"REST"},{"data":"Storm","floor":23,"key":"SMITH"},{"floor":32,"key":"REST"},{"data":"Loop","floor":40,"key":"SMITH"},{"data":"Electrodynamics","floor":44,"key":"SMITH"},{"floor":49,"key":"REST"}],"neow_cost":"NONE","seed_source_timestamp":62708438026361,"circlet_count":0,"master_deck":["Strike_B+1","Strike_B+1","Defend_B+1","Defend_B+1","Defend_B+1","Defend_B+1","Zap+1","Dualcast","Loop+1","Go for the Eyes","Ball Lightning","Rainbow+1","Steam","Auto Shields","White Noise+1","FTL","Electrodynamics+1","Ball Lightning+1","Storm+1","BootSequence+1","Steam+1","Thinking Ahead","Conserve Battery+1","Loop+1"],"relics":["Cracked Core","Oddly Smooth Stone","Omamori","Bag of Preparation","Sozu","Blood Vial","Dodecahedron","War Paint","Cursed Key","OrangePellets","MawBank","Turnip"],"potions_floor_usage":[14,16,16],"damage_taken":[{"damage":6,"enemies":"Jaw Worm","floor":1,"turns":3},{"damage":0,"enemies":"2 Louse","floor":2,"turns":2},{"damage":0,"enemies":"Small Slimes","floor":3,"turns":3},{"damage":2,"enemies":"3 Louse","floor":5,"turns":3},{"damage":9,"enemies":"Exordium Wildlife","floor":7,"turns":4},{"damage":12,"enemies":"2 Fungi Beasts","floor":10,"turns":3},{"damage":3,"enemies":"Looter","floor":12,"turns":3},{"damage":10,"enemies":"3 Sentries","floor":14,"turns":4},{"damage":24,"enemies":"Slime Boss","floor":16,"turns":9},{"damage":13,"enemies":"Spheric Guardian","floor":18,"turns":4},{"damage":7,"enemies":"Shell Parasite","floor":20,"turns":3},{"damage":4,"enemies":"Snecko","floor":21,"turns":4},{"damage":7,"enemies":"Shelled Parasite and Fungi","floor":24,"turns":4},{"damage":4,"enemies":"3 Cultists","floor":29,"turns":3},{"damage":1,"enemies":"Snecko","floor":30,"turns":4},{"damage":36,"enemies":"Automaton","floor":33,"turns":10},{"damage":1,"enemies":"3 Darklings","floor":35,"turns":2},{"damage":0,"enemies":"3 Shapes","floor":36,"turns":3},{"damage":0,"enemies":"Transient","floor":38,"turns":5},{"damage":0,"enemies":"Sphere and 2 Shapes","floor":42,"turns":3},{"damage":0,"enemies":"Mind Bloom Boss Battle","floor":45,"turns":7},{"damage":31,"enemies":"3 Darklings","floor":46,"turns":4},{"damage":0,"enemies":"Transient","floor":47,"turns":5},{"damage":0,"enemies":"Jaw Worm Horde","floor":48,"turns":3},{"damage":65,"enemies":"Donu and Deca","floor":50,"turns":9}],"seed_played":"-285214245018925909","potions_obtained":[{"floor":7,"key":"Fire Potion"},{"floor":10,"key":"Weak Potion"},{"floor":12,"key":"Poison Potion"}],"is_trial":false,"path_per_floor":["M","M","M","?","M","R","M","R","T","M","?","M","R","E","R","B",null,"M","$","M","M","?","R","M","$","T","?","?","M","M","$","R","B",null,"M","M","$","M","?","R","?","M","T","R","?","M","M","M","R","B"],"character_chosen":"DEFECT","items_purchased":["Blood Vial","Storm","Steam","OrangePellets"],"campfire_rested":3,"item_purchase_floors":[19,19,25,37],"current_hp_per_floor":[76,76,76,76,74,74,65,65,65,53,53,50,50,40,64,40,82,69,69,64,62,62,62,57,57,57,57,57,55,56,56,80,46,82,81,82,82,82,82,82,82,82,82,82,82,51,53,55,79,16],"gold":315,"neow_bonus":"TEN_PERCENT_HP_BONUS","is_prod":false,"is_daily":false,"chose_seed":false,"campfire_upgraded":6,"win_rate":0,"timestamp":1552217076,"path_taken":["M","M","M","?","M","R","M","R","T","M","?","M","R","E","R","BOSS","M","$","M","M","?","R","M","$","T","?","?","?","M","$","R","BOSS","M","M","$","M","?","R","?","M","T","R","?","M","M","M","R","BOSS"],"build_version":"2019-01-23","purchased_purges":2,"victory":false,"max_hp_per_floor":[82,82,82,82,82,82,82,82,82,82,82,82,82,82,82,82,82,82,82,82,82,82,82,82,82,82,82,82,82,82,82,82,82,82,82,82,82,82,82,82,82,82,82,82,82,82,82,82,82,82],"card_choices":[{"not_picked":["Coolheaded","Conserve Battery"],"picked":"Loop","floor":1},{"not_picked":["Self Repair","Beam Cell"],"picked":"Go for the Eyes","floor":2},{"not_picked":["Hello World","Skim"],"picked":"Ball Lightning","floor":3},{"not_picked":["Aggregate","Rebound"],"picked":"Rainbow","floor":5},{"not_picked":["Compile Driver","Recycle"],"picked":"Steam","floor":7},{"not_picked":["Sweeping Beam","Self Repair"],"picked":"Auto Shields","floor":10},{"not_picked":["Stack","Barrage"],"picked":"White Noise","floor":12},{"not_picked":["Force Field","Beam Cell"],"picked":"FTL","floor":14},{"not_picked":["Rainbow","Creative AI"],"picked":"Electrodynamics","floor":16},{"not_picked":["Go for the Eyes","Darkness"],"picked":"Ball Lightning+1","floor":18},{"not_picked":["Cold Snap","Ball Lightning","Beam Cell"],"picked":"SKIP","floor":20},{"not_picked":["Go for the Eyes","Hello World","Gash"],"picked":"SKIP","floor":21},{"not_picked":["Compile Driver","Chaos"],"picked":"BootSequence","floor":24},{"not_picked":["Coolheaded","Streamline","Rebound"],"picked":"SKIP","floor":29},{"not_picked":["Steam Power","Buffer","Beam Cell"],"picked":"SKIP","floor":30},{"not_picked":["Reinforced Body","Go for the Eyes+1","Reprogram"],"picked":"SKIP","floor":35},{"not_picked":["Beam Cell+1","Blizzard","Heatsinks"],"picked":"SKIP","floor":36},{"not_picked":["Barrage","Go for the Eyes+1","Steam"],"picked":"SKIP","floor":38},{"not_picked":["Violence","Blind"],"picked":"Thinking Ahead","floor":39},{"not_picked":["Barrage","Undo","Beam Cell+1"],"picked":"SKIP","floor":42},{"not_picked":["Hologram","Rip and Tear"],"picked":"Conserve Battery+1","floor":45},{"not_picked":["Redo","Scrape"],"picked":"Loop+1","floor":46},{"not_picked":["Heatsinks","Glacier","Hello World+1"],"picked":"SKIP","floor":47},{"not_picked":["Buffer","Stack","Leap"],"picked":"SKIP","floor":48}],"player_experience":92684,"relics_obtained":[{"floor":9,"key":"Omamori"},{"floor":14,"key":"Bag of Preparation"},{"floor":26,"key":"Dodecahedron"},{"floor":43,"key":"MawBank"},{"floor":45,"key":"Turnip"}],"event_choices":[{"damage_healed":0,"gold_gain":0,"player_choice":"Box","damage_taken":0,"relics_obtained":["Oddly Smooth Stone"],"max_hp_gain":0,"max_hp_loss":0,"event_name":"Big Fish","floor":4,"gold_loss":0,"cards_obtained":["Regret"]},{"damage_healed":0,"gold_gain":0,"player_choice":"Left Gold","damage_taken":0,"max_hp_gain":0,"max_hp_loss":0,"event_name":"World of Goop","floor":11,"gold_loss":44},{"damage_healed":0,"gold_gain":99,"player_choice":"Stole From Cult","damage_taken":0,"max_hp_gain":0,"max_hp_loss":0,"event_name":"Nest","floor":22,"gold_loss":0},{"damage_healed":0,"gold_gain":0,"player_choice":"Simplicity","damage_taken":0,"max_hp_gain":0,"max_hp_loss":0,"event_name":"Back to Basics","floor":27,"gold_loss":0,"cards_upgraded":["Strike_B","Strike_B","Strike_B","Defend_B","Defend_B","Defend_B","Defend_B"]},{"damage_healed":0,"gold_gain":0,"player_choice":"Opened","damage_taken":0,"relics_obtained":["War Paint"],"max_hp_gain":0,"max_hp_loss":0,"event_name":"The Mausoleum","floor":28,"gold_loss":0},{"damage_healed":0,"gold_gain":0,"player_choice":"Memory 1","damage_taken":0,"max_hp_gain":0,"max_hp_loss":0,"event_name":"SensoryStone","floor":39,"gold_loss":0},{"cards_removed":["Strike_B"],"damage_healed":0,"gold_gain":0,"player_choice":"Removed Attack","damage_taken":0,"max_hp_gain":0,"max_hp_loss":0,"event_name":"Falling","floor":41,"gold_loss":0},{"damage_healed":0,"gold_gain":0,"player_choice":"Fight","damage_taken":0,"max_hp_gain":0,"max_hp_loss":0,"event_name":"MindBloom","floor":45,"gold_loss":0}],"is_beta":false,"boss_relics":[{"not_picked":["Pandora\u0027s Box","Tiny House"],"picked":"Sozu"},{"not_picked":["Astrolabe","Snecko Eye"],"picked":"Cursed Key"}],"items_purged_floors":[19,25],"is_endless":false,"potions_floor_spawned":[7,10,12,20,24,29,33,36,46,48],"killed_by":"Donu and Deca","ascension_level":0}