{"gold_per_floor":[111,125,135,148,159,159,159,178,252,276,299,339,339,363,363,493,493,516,516,516,531,25,69,69,92,169,69,69],"floor_reached":28,"playtime":1238,"items_purged":["Injury","Defend_G"],"score":293,"play_id":"c04f9e7d-da3f-4cd7-964c-e25c37c7d4bc","local_time":"20190319012004","is_ascension_mode":true,"campfire_choices":[{"data":"Neutralize","floor":6,"key":"SMITH"},{"floor":13,"key":"REST"},{"data":"Noxious Fumes","floor":15,"key":"SMITH"},{"floor":24,"key":"REST"}],"neow_cost":"NONE","seed_source_timestamp":423110691300741,"circlet_count":0,"master_deck":["Defend_G","Defend_G","Defend_G","Defend_G","Strike_G","Strike_G","Strike_G","Strike_G","Strike_G","Survivor","Neutralize+1","Choke","Flying Knee","Cloak And Dagger","Quick Slash","Infinite Blades","PiercingWail","Well Laid Plans","Malaise","Outmaneuver","Noxious Fumes+1","Doppelganger","Distraction","Terror","Secret Weapon","Setup+1"],"relics":["Ring of the Snake","NeowsBlessing","Golden Idol","Pear","StoneCalendar","WristBlade","Girya","Letter Opener","Anchor","Matryoshka"],"potions_floor_usage":[4,11,11,12,16],"damage_taken":[{"damage":0,"enemies":"Cultist","floor":1,"turns":1},{"damage":0,"enemies":"Jaw Worm","floor":2,"turns":1},{"damage":0,"enemies":"Small Slimes","floor":3,"turns":1},{"damage":13,"enemies":"Exordium Wildlife","floor":4,"turns":3},{"damage":6,"enemies":"Large Slime","floor":5,"turns":7},{"damage":4,"enemies":"Blue Slaver","floor":8,"turns":3},{"damage":7,"enemies":"2 Fungi Beasts","floor":10,"turns":3},{"damage":15,"enemies":"Large Slime","floor":11,"turns":4},{"damage":21,"enemies":"3 Sentries","floor":12,"turns":7},{"damage":0,"enemies":"Blue Slaver","floor":14,"turns":3},{"damage":40,"enemies":"Slime Boss","floor":16,"turns":7},{"damage":17,"enemies":"3 Byrds","floor":18,"turns":5},{"damage":12,"enemies":"Chosen","floor":21,"turns":6},{"damage":51,"enemies":"Book of Stabbing","floor":23,"turns":7},{"damage":11,"enemies":"Shelled Parasite and Fungi","floor":25,"turns":6},{"damage":39,"enemies":"Masked Bandits","floor":28,"turns":3}],"seed_played":"-273792208372873449","potions_obtained":[{"floor":2,"key":"AttackPotion"},{"floor":5,"key":"SteroidPotion"},{"floor":10,"key":"SteroidPotion"},{"floor":11,"key":"Fruit Juice"},{"floor":14,"key":"EssenceOfSteel"},{"floor":18,"key":"FairyPotion"}],"is_trial":false,"path_per_floor":["M","M","M","M","M","R","?","M","T","M","M","E","R","M","R","B",null,"M","?","?","M","$","E","R","M","T","$","?"],"character_chosen":"THE_SILENT","items_purchased":["Secret Weapon","Letter Opener"],"campfire_rested":2,"item_purchase_floors":[22,22],"current_hp_per_floor":[70,70,70,57,51,51,51,47,57,50,40,19,44,44,44,4,85,68,68,68,56,56,5,30,19,19,19,0],"gold":69,"neow_bonus":"THREE_ENEMY_KILL","is_prod":false,"is_daily":false,"chose_seed":false,"campfire_upgraded":2,"win_rate":0,"timestamp":1552926004,"path_taken":["M","?","M","M","M","R","?","M","T","M","M","E","R","M","R","BOSS","M","?","?","M","$","E","R","M","T","?","?"],"build_version":"2019-01-23","purchased_purges":2,"victory":false,"max_hp_per_floor":[70,70,70,70,70,70,70,70,80,80,85,85,85,85,85,85,85,85,85,85,85,85,85,85,85,85,85,85],"card_choices":[{"not_picked":["Outmaneuver","Concentrate"],"picked":"Choke","floor":1},{"not_picked":["Reflex","Escape Plan"],"picked":"Flying Knee","floor":2},{"not_picked":["Escape Plan","Blur"],"picked":"Cloak And Dagger","floor":3},{"not_picked":["Underhanded Strike","Prepared"],"picked":"Quick Slash","floor":4},{"not_picked":["Masterful Stab","Concentrate"],"picked":"Infinite Blades","floor":5},{"not_picked":["Deadly Poison","Underhanded Strike"],"picked":"PiercingWail","floor":8},{"not_picked":["Reflex","Poisoned Stab"],"picked":"Well Laid Plans","floor":10},{"not_picked":["Eviscerate","Reflex"],"picked":"Malaise","floor":11},{"not_picked":["Terror","Skewer"],"picked":"Outmaneuver","floor":12},{"not_picked":["Backstab","Deflect"],"picked":"Noxious Fumes","floor":14},{"not_picked":["Phantasmal Killer","Tools of the Trade"],"picked":"Doppelganger","floor":16},{"not_picked":["Concentrate","Prepared+1"],"picked":"Distraction","floor":18},{"not_picked":["PiercingWail","Deflect"],"picked":"Terror","floor":21},{"not_picked":["Underhanded Strike+1","Phantasmal Killer","Caltrops"],"picked":"SKIP","floor":23},{"not_picked":["Finisher","Outmaneuver"],"picked":"Setup+1","floor":25}],"player_experience":565455,"relics_obtained":[{"floor":9,"key":"Pear"},{"floor":12,"key":"StoneCalendar"},{"floor":23,"key":"Anchor"},{"floor":26,"key":"Matryoshka"}],"event_choices":[{"damage_healed":0,"gold_gain":0,"player_choice":"Take Wound","damage_taken":0,"relics_obtained":["Golden Idol"],"max_hp_gain":0,"max_hp_loss":0,"event_name":"Golden Idol","floor":7,"gold_loss":0,"cards_obtained":["Injury"]},{"damage_healed":0,"gold_gain":0,"player_choice":"Ignored","damage_taken":0,"max_hp_gain":0,"max_hp_loss":0,"event_name":"Vampires","floor":19,"gold_loss":0},{"damage_healed":0,"gold_gain":0,"player_choice":"Opened","damage_taken":0,"relics_obtained":["Girya"],"max_hp_gain":0,"max_hp_loss":0,"event_name":"The Mausoleum","floor":20,"gold_loss":0},{"damage_healed":0,"gold_gain":0,"player_choice":"Fought Bandits","damage_taken":0,"max_hp_gain":0,"max_hp_loss":0,"event_name":"Masked Bandits","floor":28,"gold_loss":0}],"is_beta":false,"boss_relics":[{"not_picked":["Tiny House","White Beast Statue"],"picked":"WristBlade"}],"items_purged_floors":[22,27],"is_endless":false,"potions_floor_spawned":[2,5,10,11,14,18],"killed_by":"Masked Bandits","ascension_level":2}