{"gold_per_floor":[16,16,16,27,127,127,146,181,206,109,125,102,102,119,119,221,221,238,238,249,263,263],"floor_reached":22,"playtime":1020,"items_purged":["Defend_B"],"score":283,"play_id":"be03548a-8370-4f36-94f0-88978dd87849","local_time":"20190215000524","is_ascension_mode":true,"campfire_choices":[{"data":"Zap","floor":6,"key":"SMITH"},{"floor":15,"key":"REST"}],"neow_cost":"NO_GOLD","seed_source_timestamp":49886100511181,"circlet_count":0,"master_deck":["Strike_B","Strike_B","Defend_B","Zap+1","Dualcast","Genetic Algorithm","Barrage+1","Leap","Static Discharge","Conserve Battery","Streamline+1","Core Surge+1","Rebound+1","Compile Driver+1"],"relics":["FrozenCore","Happy Flower","Molten Egg 2","Pen Nib"],"potions_floor_usage":[18,21,22,22],"damage_taken":[{"damage":1,"enemies":"2 Louse","floor":1,"turns":3},{"damage":3,"enemies":"Small Slimes","floor":4,"turns":3},{"damage":2,"enemies":"Cultist","floor":7,"turns":3},{"damage":22,"enemies":"Lagavulin","floor":8,"turns":9},{"damage":3,"enemies":"Blue Slaver","floor":11,"turns":3},{"damage":0,"enemies":"Red Slaver","floor":14,"turns":3},{"damage":0,"enemies":"Slime Boss","floor":16,"turns":8},{"damage":20,"enemies":"2 Thieves","floor":18,"turns":3},{"damage":24,"enemies":"Shell Parasite","floor":20,"turns":4},{"damage":24,"enemies":"Centurion and Healer","floor":21,"turns":4},{"damage":13,"enemies":"Colosseum Slavers","floor":22,"turns":1}],"seed_played":"-1271123694761149492","potions_obtained":[{"floor":4,"key":"SkillPotion"},{"floor":8,"key":"SkillPotion"},{"floor":11,"key":"PowerPotion"},{"floor":21,"key":"Strength Potion"}],"is_trial":false,"path_per_floor":["M","?","?","M","?","R","M","E","T","$","M","$","?","M","R","B",null,"M","?","M","M","?"],"character_chosen":"DEFECT","items_purchased":["Leap","Conserve Battery"],"campfire_rested":1,"item_purchase_floors":[10,12],"current_hp_per_floor":[74,74,74,71,71,71,69,47,47,47,44,44,37,37,59,59,75,55,60,36,12,0],"gold":263,"neow_bonus":"REMOVE_TWO","is_prod":false,"is_daily":false,"chose_seed":false,"campfire_upgraded":1,"win_rate":0,"timestamp":1550217924,"path_taken":["M","?","?","?","?","R","?","E","T","$","M","?","?","M","R","BOSS","M","?","?","M","?"],"build_version":"2019-01-23","purchased_purges":1,"victory":false,"max_hp_per_floor":[75,75,75,75,75,75,75,75,75,75,75,75,75,75,75,75,75,75,75,75,75,75],"card_choices":[{"not_picked":["Stack","Doom and Gloom"],"picked":"Leap","floor":1},{"not_picked":["Hologram","Undo"],"picked":"Coolheaded","floor":4},{"not_picked":["Redo","Doom and Gloom"],"picked":"Genetic Algorithm","floor":7},{"not_picked":["Hello World","Stack"],"picked":"Barrage","floor":8},{"not_picked":["Blizzard+1","Double Energy"],"picked":"Static Discharge","floor":11},{"not_picked":["Leap","Cold Snap+1"],"picked":"Streamline+1","floor":14},{"not_picked":["Reboot","Amplify"],"picked":"Core Surge+1","floor":16},{"not_picked":["Consume+1","Stack","Gash+1"],"picked":"SKIP","floor":18},{"not_picked":["Stack","Turbo"],"picked":"Rebound+1","floor":20},{"not_picked":["Turbo","Capacitor+1"],"picked":"Compile Driver+1","floor":21}],"player_experience":280956,"relics_obtained":[{"floor":8,"key":"Molten Egg 2"},{"floor":9,"key":"Pen Nib"}],"event_choices":[{"cards_removed":["Defend_B"],"damage_healed":0,"gold_gain":0,"player_choice":"Forget","damage_taken":0,"max_hp_gain":0,"max_hp_loss":0,"event_name":"Living Wall","floor":2,"gold_loss":0},{"cards_removed":["Leap"],"damage_healed":0,"gold_gain":0,"player_choice":"Gave Card","damage_taken":0,"relics_obtained":["Happy Flower"],"max_hp_gain":0,"max_hp_loss":0,"event_name":"WeMeetAgain","floor":3,"gold_loss":0},{"damage_healed":0,"gold_gain":100,"player_choice":"Gold","damage_taken":0,"max_hp_gain":0,"max_hp_loss":0,"event_name":"Wheel of Change","floor":5,"gold_loss":0},{"cards_removed":["Defend_B"],"damage_healed":0,"gold_gain":0,"player_choice":"Card Removal","damage_taken":7,"max_hp_gain":0,"max_hp_loss":0,"event_name":"Golden Wing","floor":13,"gold_loss":0},{"cards_removed":["Coolheaded"],"damage_healed":5,"gold_gain":0,"player_choice":"Offered Common","damage_taken":0,"max_hp_gain":0,"max_hp_loss":0,"event_name":"Bonfire Elementals","floor":19,"gold_loss":0},{"cards_removed":["Coolheaded"],"damage_healed":5,"gold_gain":0,"player_choice":"Offered Special","damage_taken":0,"max_hp_gain":0,"max_hp_loss":0,"event_name":"Bonfire Elementals","floor":19,"gold_loss":0},{"damage_healed":0,"gold_gain":0,"player_choice":"Fight","damage_taken":0,"max_hp_gain":0,"max_hp_loss":0,"event_name":"Colosseum","floor":22,"gold_loss":0}],"is_beta":false,"boss_relics":[{"not_picked":["Astrolabe","Velvet Choker"],"picked":"FrozenCore"}],"items_purged_floors":[10],"is_endless":false,"potions_floor_spawned":[4,8,11,21],"killed_by":"Colosseum Slavers","ascension_level":4}