{"gold_per_floor":[17,37,37,37,56,56,95,20,20,20,41,41,41,61,61,192,192,207,207,223,242,267,267,303,317,317,11,24,45,45,88,88,209,209,234,234,259,277,152,196,196,211,263,263,263,294,294,310,310,310],"floor_reached":50,"playtime":4476,"items_purged":["Regret","Strike_B","Defend_B"],"score":653,"play_id":"878bec27-0add-4afb-88b3-ee6f50d2990b","local_time":"20190214225521","is_ascension_mode":true,"campfire_choices":[{"data":"Zap","floor":6,"key":"SMITH"},{"data":"Static Discharge","floor":13,"key":"SMITH"},{"floor":15,"key":"REST"},{"floor":23,"key":"REST"},{"data":"Defragment","floor":30,"key":"SMITH"},{"data":"Defragment","floor":32,"key":"SMITH"},{"data":"Beam Cell","floor":41,"key":"SMITH"},{"data":"Dualcast","floor":44,"key":"SMITH"},{"floor":47,"key":"REST"},{"floor":49,"key":"REST"}],"neow_cost":"NO_GOLD","seed_source_timestamp":42226878969676,"circlet_count":0,"master_deck":["Strike_B","Defend_B","Defend_B","Zap+1","Dualcast+1","Core Surge","Gash","Beam Cell+1","Genetic Algorithm","BootSequence","Static Discharge+1","Defragment+1","All For One","Beam Cell","Chill","Machine Learning","Leap+1","Defragment+1","Machine Learning","Chill","Streamline","Seek","Leap+1","Multi-Cast","Static Discharge+1","Sweeping Beam+1","Electrodynamics","PanicButton","Scrape+1","Gash+1"],"relics":["FrozenCore","Golden Idol","Art of War","DataDisk","Bottled Flame","Ancient Tea Set","Matryoshka","Lee\u0027s Waffle","Bag of Preparation","Sozu","Molten Egg 2","Blood Vial","Potion Belt","Orichalcum"],"potions_floor_usage":[7,11,16,21,24,25,46,50],"damage_taken":[{"damage":0,"enemies":"Small Slimes","floor":1,"turns":2},{"damage":0,"enemies":"2 Louse","floor":2,"turns":2},{"damage":0,"enemies":"Cultist","floor":5,"turns":2},{"damage":31,"enemies":"3 Sentries","floor":7,"turns":6},{"damage":2,"enemies":"Gremlin Gang","floor":11,"turns":4},{"damage":19,"enemies":"Large Slime","floor":14,"turns":4},{"damage":15,"enemies":"The Guardian","floor":16,"turns":8},{"damage":3,"enemies":"Chosen","floor":18,"turns":5},{"damage":17,"enemies":"2 Thieves","floor":20,"turns":4},{"damage":27,"enemies":"Shelled Parasite and Fungi","floor":21,"turns":5},{"damage":18,"enemies":"Snecko","floor":22,"turns":4},{"damage":36,"enemies":"Slavers","floor":24,"turns":5},{"damage":21,"enemies":"Centurion and Healer","floor":25,"turns":6},{"damage":0,"enemies":"Chosen and Byrds","floor":28,"turns":6},{"damage":12,"enemies":"Shelled Parasite and Fungi","floor":29,"turns":3},{"damage":18,"enemies":"Book of Stabbing","floor":31,"turns":5},{"damage":13,"enemies":"Automaton","floor":33,"turns":9},{"damage":0,"enemies":"Orb Walker","floor":35,"turns":4},{"damage":2,"enemies":"3 Shapes","floor":37,"turns":7},{"damage":35,"enemies":"Transient","floor":38,"turns":5},{"damage":10,"enemies":"Reptomancer","floor":40,"turns":7},{"damage":10,"enemies":"Spire Growth","floor":42,"turns":5},{"damage":26,"enemies":"Nemesis","floor":46,"turns":6},{"damage":0,"enemies":"4 Shapes","floor":48,"turns":7},{"damage":53,"enemies":"Time Eater","floor":50,"turns":7}],"seed_played":"-8338155107601858768","potions_obtained":[{"floor":1,"key":"LiquidBronze"},{"floor":7,"key":"Explosive Potion"},{"floor":14,"key":"Weak Potion"},{"floor":18,"key":"Regen Potion"},{"floor":22,"key":"Ancient Potion"},{"floor":24,"key":"Regen Potion"},{"floor":25,"key":"SteroidPotion"},{"floor":28,"key":"Ancient Potion"}],"is_trial":false,"path_per_floor":["M","M","?","?","M","R","E","$","T","?","M","?","R","M","R","B",null,"M","?","M","M","M","R","E","M","T","$","M","M","R","E","R","B",null,"M","?","M","M","$","E","R","M","T","R","?","E","R","M","R","B"],"character_chosen":"DEFECT","items_purchased":["Lee\u0027s Waffle"],"campfire_rested":4,"item_purchase_floors":[27],"current_hp_per_floor":[75,75,75,75,75,75,44,44,44,37,35,35,35,16,38,23,75,72,72,55,42,24,46,10,4,4,82,82,70,70,52,52,39,82,82,82,80,45,45,35,35,25,25,25,25,1,25,27,51,0],"gold":310,"neow_bonus":"THREE_RARE_CARDS","is_prod":false,"is_daily":false,"chose_seed":false,"campfire_upgraded":6,"win_rate":0,"timestamp":1550213721,"path_taken":["M","M","?","?","M","R","E","$","T","?","M","?","R","M","R","BOSS","M","?","?","M","?","R","E","M","T","$","M","M","R","E","R","BOSS","M","?","M","?","$","E","R","M","T","R","?","E","R","M","R","BOSS"],"build_version":"2019-01-23","purchased_purges":3,"victory":false,"max_hp_per_floor":[75,75,75,75,75,75,75,75,75,75,75,75,75,75,75,75,75,75,75,75,75,75,75,75,75,75,82,82,82,82,82,82,82,82,82,82,82,82,82,82,82,82,82,82,82,82,82,82,82,82],"card_choices":[{"not_picked":["Fission","Meteor Strike"],"picked":"Core Surge","floor":0},{"not_picked":["Blizzard","Cold Snap"],"picked":"Gash","floor":1},{"not_picked":["Capacitor","Coolheaded"],"picked":"Beam Cell","floor":2},{"not_picked":["Redo","Leap"],"picked":"Genetic Algorithm","floor":5},{"not_picked":["Steam Power","Conserve Battery"],"picked":"BootSequence","floor":7},{"not_picked":["All For One","Turbo"],"picked":"Static Discharge","floor":11},{"not_picked":["Auto Shields","Barrage"],"picked":"Defragment","floor":14},{"not_picked":["Buffer","Biased Cognition"],"picked":"All For One","floor":16},{"not_picked":["Rebound","Turbo+1"],"picked":"Beam Cell","floor":18},{"not_picked":["Compile Driver","Turbo+1"],"picked":"Chill","floor":20},{"not_picked":["Cold Snap+1","Compile Driver"],"picked":"Machine Learning","floor":21},{"not_picked":["Stack","Barrage"],"picked":"Leap+1","floor":22},{"not_picked":["Consume","Go for the Eyes+1"],"picked":"Defragment","floor":24},{"not_picked":["Heatsinks","Coolheaded"],"picked":"Machine Learning","floor":25},{"not_picked":["Sunder","Steam","Storm"],"picked":"SKIP","floor":28},{"not_picked":["Sunder","Darkness"],"picked":"Chill","floor":29},{"not_picked":["Tempest","Steam"],"picked":"Streamline","floor":31},{"not_picked":["Multi-Cast","Reboot"],"picked":"Seek","floor":33},{"not_picked":["Fusion","Cold Snap"],"picked":"Leap+1","floor":35},{"not_picked":["Redo","Leap+1"],"picked":"Static Discharge+1","floor":37},{"not_picked":["Hologram","Sunder"],"picked":"Sweeping Beam+1","floor":38},{"not_picked":["Ball Lightning+1","FTL"],"picked":"Electrodynamics","floor":40},{"not_picked":["Auto Shields+1","Aggregate+1","Barrage+1"],"picked":"SKIP","floor":42},{"not_picked":["HandOfGreed+1","Violence"],"picked":"PanicButton","floor":45},{"not_picked":["Redo","Darkness+1"],"picked":"Scrape+1","floor":46},{"not_picked":["Hologram","Conserve Battery+1"],"picked":"Gash+1","floor":48}],"player_experience":273345,"relics_obtained":[{"floor":7,"key":"DataDisk"},{"floor":9,"key":"Bottled Flame"},{"floor":24,"key":"Ancient Tea Set"},{"floor":26,"key":"Matryoshka"},{"floor":31,"key":"Bag of Preparation"},{"floor":40,"key":"Molten Egg 2"},{"floor":43,"key":"Blood Vial"},{"floor":43,"key":"Potion Belt"},{"floor":46,"key":"Orichalcum"}],"event_choices":[{"damage_healed":0,"gold_gain":0,"player_choice":"Take Wound","damage_taken":0,"relics_obtained":["Golden Idol"],"max_hp_gain":0,"max_hp_loss":0,"event_name":"Golden Idol","floor":3,"gold_loss":0,"cards_obtained":["Injury"]},{"damage_healed":0,"gold_gain":0,"player_choice":"Box","damage_taken":0,"relics_obtained":["Art of War"],"max_hp_gain":0,"max_hp_loss":0,"event_name":"Big Fish","floor":4,"gold_loss":0,"cards_obtained":["Regret"]},{"cards_removed":["Injury"],"damage_healed":0,"gold_gain":0,"player_choice":"Card Removal","damage_taken":7,"max_hp_gain":0,"max_hp_loss":0,"event_name":"Golden Wing","floor":10,"gold_loss":0},{"cards_removed":["Strike_B"],"damage_healed":0,"gold_gain":0,"player_choice":"Forget","damage_taken":0,"max_hp_gain":0,"max_hp_loss":0,"event_name":"Living Wall","floor":12,"gold_loss":0},{"cards_removed":["Defend_B"],"damage_healed":0,"gold_gain":0,"player_choice":"Card Removal","damage_taken":0,"max_hp_gain":0,"max_hp_loss":0,"event_name":"Wheel of Change","floor":19,"gold_loss":0},{"damage_healed":0,"gold_gain":0,"cards_transformed":["Strike_B"],"player_choice":"Transformed","damage_taken":0,"max_hp_gain":0,"max_hp_loss":0,"event_name":"Transmorgrifier","floor":36,"gold_loss":0,"cards_obtained":["Multi-Cast"]},{"damage_healed":0,"gold_gain":0,"player_choice":"Memory 1","damage_taken":0,"max_hp_gain":0,"max_hp_loss":0,"event_name":"SensoryStone","floor":45,"gold_loss":0}],"is_beta":false,"boss_relics":[{"not_picked":["Cursed Key","Tiny House"],"picked":"FrozenCore"},{"not_picked":["Runic Pyramid","Empty Cage"],"picked":"Sozu"}],"items_purged_floors":[8,27,39],"is_endless":false,"potions_floor_spawned":[1,7,14,18,22,24,25,28,35,42],"killed_by":"Time Eater","ascension_level":4}