{"gold_per_floor":[363,363,363,73,73,73,23,36,36,36,59,84,109,124,124,243,243,256,256,61,61,61],"floor_reached":22,"playtime":636,"items_purged":["Strike_R"],"score":308,"play_id":"6ae71c4d-eae6-4f6e-ac3b-2c0089bd4eb9","local_time":"20190318035701","is_ascension_mode":true,"campfire_choices":[{"data":"Spot Weakness","floor":6,"key":"SMITH"},{"data":"Heavy Blade","floor":10,"key":"SMITH"},{"data":"Inflame","floor":15,"key":"SMITH"}],"neow_cost":"TEN_PERCENT_HP_LOSS","seed_source_timestamp":346730311481615,"circlet_count":0,"master_deck":["AscendersBane","Strike_R","Strike_R","Defend_R","Defend_R","Defend_R","Bash","Spot Weakness+1","Flex","Inflame+1","Thunderclap","Heavy Blade+1","Sword Boomerang","Spot Weakness","Pummel","Shrug It Off","Double Tap","Whirlwind","Pommel Strike"],"relics":["Burning Blood","Golden Idol","Chemical X","Bag of Preparation","Boot","Empty Cage"],"potions_floor_usage":[14,16,16],"damage_taken":[{"damage":11,"enemies":"2 Louse","floor":1,"turns":3},{"damage":14,"enemies":"Jaw Worm","floor":8,"turns":4},{"damage":7,"enemies":"Small Slimes","floor":11,"turns":3},{"damage":11,"enemies":"Blue Slaver","floor":12,"turns":3},{"damage":21,"enemies":"Red Slaver","floor":13,"turns":4},{"damage":0,"enemies":"Large Slime","floor":14,"turns":2},{"damage":18,"enemies":"The Guardian","floor":16,"turns":7},{"damage":33,"enemies":"3 Byrds","floor":18,"turns":6},{"damage":27,"enemies":"Colosseum Slavers","floor":21,"turns":4},{"damage":11,"enemies":"Shell Parasite","floor":22,"turns":3}],"seed_played":"-1199552423879697409","potions_obtained":[{"floor":12,"key":"Dexterity Potion"},{"floor":13,"key":"Block Potion"},{"floor":14,"key":"PowerPotion"}],"is_trial":false,"path_per_floor":["M","?","?","$","?","R","$","M","T","R","M","M","M","M","R","B",null,"M","?","$","?","M"],"character_chosen":"IRONCLAD","items_purchased":["Chemical X","Flex","Inflame","Thunderclap","Whirlwind","Pommel Strike"],"campfire_rested":0,"item_purchase_floors":[4,4,4,7,20,20],"current_hp_per_floor":[67,67,60,60,53,53,53,45,45,45,44,39,24,30,30,18,55,28,28,28,7,0],"gold":61,"neow_bonus":"TWO_FIFTY_GOLD","is_prod":false,"is_daily":false,"chose_seed":false,"campfire_upgraded":3,"win_rate":0,"timestamp":1552849021,"path_taken":["M","?","?","$","?","R","?","?","T","R","M","M","M","M","R","BOSS","M","?","$","?","M"],"build_version":"2019-01-23","purchased_purges":1,"victory":false,"max_hp_per_floor":[72,67,67,67,67,67,67,67,67,67,67,67,67,67,67,67,67,67,67,67,67,67],"card_choices":[{"not_picked":["Shrug It Off","Perfected Strike"],"picked":"Spot Weakness","floor":1},{"not_picked":["Twin Strike","True Grit"],"picked":"Heavy Blade","floor":8},{"not_picked":["Thunderclap","Headbutt"],"picked":"Sword Boomerang","floor":11},{"not_picked":["Ghostly Armor","Inflame"],"picked":"Spot Weakness","floor":12},{"not_picked":["Feel No Pain","Flame Barrier"],"picked":"Pummel","floor":13},{"not_picked":["Entrench","Sever Soul"],"picked":"Shrug It Off","floor":14},{"not_picked":["Berserk","Bludgeon"],"picked":"Double Tap","floor":16},{"not_picked":["Thunderclap+1","Perfected Strike","Headbutt+1"],"picked":"SKIP","floor":18}],"player_experience":556160,"relics_obtained":[{"floor":9,"key":"Boot"}],"event_choices":[{"damage_healed":0,"gold_gain":0,"player_choice":"Lose Max HP","damage_taken":0,"relics_obtained":["Golden Idol"],"max_hp_gain":0,"max_hp_loss":5,"event_name":"Golden Idol","floor":2,"gold_loss":0},{"cards_removed":["Strike_R"],"damage_healed":0,"gold_gain":0,"player_choice":"Card Removal","damage_taken":7,"max_hp_gain":0,"max_hp_loss":0,"event_name":"Golden Wing","floor":3,"gold_loss":0},{"damage_healed":0,"gold_gain":0,"player_choice":"Success","damage_taken":7,"relics_obtained":["Bag of Preparation"],"max_hp_gain":0,"max_hp_loss":0,"event_name":"Scrap Ooze","floor":5,"gold_loss":0},{"damage_healed":0,"gold_gain":0,"player_choice":"Ignored","damage_taken":0,"max_hp_gain":0,"max_hp_loss":0,"event_name":"Vampires","floor":19,"gold_loss":0},{"damage_healed":0,"gold_gain":0,"player_choice":"Fight","damage_taken":0,"max_hp_gain":0,"max_hp_loss":0,"event_name":"Colosseum","floor":21,"gold_loss":0},{"damage_healed":0,"gold_gain":0,"player_choice":"Fled From Nobs","damage_taken":0,"max_hp_gain":0,"max_hp_loss":0,"event_name":"Colosseum","floor":21,"gold_loss":0}],"is_beta":false,"boss_relics":[{"not_picked":["Runic Cube","Runic Pyramid"],"picked":"Empty Cage"}],"items_purged_floors":[20],"is_endless":false,"potions_floor_spawned":[12,13,14,21],"killed_by":"Shell Parasite","ascension_level":11}