{"gold_per_floor":[116,133,133,133,408,408,448,448,448,473,473],"floor_reached":11,"playtime":448,"items_purged":[],"score":99,"play_id":"a447f04a-b305-402b-96a9-07e775ed7c1c","local_time":"20190306213405","is_ascension_mode":true,"campfire_choices":[{"data":"Inflame","floor":6,"key":"SMITH"},{"floor":8,"key":"REST"}],"neow_cost":"NONE","seed_source_timestamp":259894286355706,"circlet_count":0,"master_deck":["Strike_R","Strike_R","Strike_R","Strike_R","Defend_R","Defend_R","Defend_R","Defend_R","Bash","True Grit","Warcry","Inflame+1","Regret","Combust","Combust"],"relics":["Burning Blood","Golden Idol","Toxic Egg 2","Ginger"],"potions_floor_usage":[7],"damage_taken":[{"damage":1,"enemies":"Cultist","floor":1,"turns":3},{"damage":6,"enemies":"2 Louse","floor":2,"turns":5},{"damage":65,"enemies":"3 Sentries","floor":7,"turns":14},{"damage":6,"enemies":"Small Slimes","floor":10,"turns":3},{"damage":33,"enemies":"Gremlin Nob","floor":11,"turns":4}],"seed_played":"4686101577076584599","potions_obtained":[{"floor":2,"key":"Regen Potion"},{"floor":10,"key":"Poison Potion"}],"is_trial":false,"path_per_floor":["M","M","$","?","?","R","E","R","T","M","E"],"character_chosen":"IRONCLAD","items_purchased":[],"campfire_rested":1,"item_purchase_floors":[],"current_hp_per_floor":[77,77,77,57,57,57,13,37,37,37,4],"gold":473,"neow_bonus":"TRANSFORM_CARD","is_prod":false,"is_daily":false,"chose_seed":false,"campfire_upgraded":1,"win_rate":0,"timestamp":1551936845,"path_taken":["M","M","?","?","?","R","E","R","T","M","E"],"build_version":"2019-01-23","purchased_purges":0,"victory":false,"max_hp_per_floor":[80,80,80,80,80,80,80,80,80,80,80],"card_choices":[{"not_picked":["Anger","True Grit"],"picked":"Warcry","floor":1},{"not_picked":["Burning Pact","Headbutt"],"picked":"Inflame","floor":2},{"not_picked":["Dual Wield","Havoc"],"picked":"Combust","floor":7},{"not_picked":["Corruption","Wild Strike"],"picked":"Combust","floor":10}],"player_experience":411973,"relics_obtained":[{"floor":7,"key":"Toxic Egg 2"},{"floor":9,"key":"Ginger"}],"event_choices":[{"damage_healed":0,"gold_gain":0,"player_choice":"Take Damage","damage_taken":20,"relics_obtained":["Golden Idol"],"max_hp_gain":0,"max_hp_loss":0,"event_name":"Golden Idol","floor":4,"gold_loss":0},{"damage_healed":0,"gold_gain":275,"player_choice":"Desecrate","damage_taken":0,"max_hp_gain":0,"max_hp_loss":0,"event_name":"Golden Shrine","floor":5,"gold_loss":0,"cards_obtained":["Regret"]}],"is_beta":false,"boss_relics":[],"items_purged_floors":[],"is_endless":false,"potions_floor_spawned":[2,10],"killed_by":"Gremlin Nob","ascension_level":8}