{"gold_per_floor":[118,130,46,46,56,56,56,56,134,167,154,154,154,168,168,266,266,282,282,125,125,145,145,172,172,172,172,207,222,63,63,63,165,165,180,180,13,32,44,44,78,78,128,228,228,242,262,274,274,274],"floor_reached":51,"playtime":3693,"items_purged":[],"score":1013,"play_id":"e4b5fd6f-a31b-4c39-82f7-95c2926ecb30","local_time":"20190307191723","is_ascension_mode":true,"campfire_choices":[{"data":"Cloak And Dagger","floor":6.0,"key":"SMITH"},{"data":"Neutralize","floor":8.0,"key":"SMITH"},{"floor":13.0,"key":"REST"},{"floor":15,"key":"REST"},{"data":"Noxious Fumes","floor":23,"key":"SMITH"},{"data":"Cloak And Dagger","floor":25,"key":"SMITH"},{"data":"Dodge and Roll","floor":27,"key":"SMITH"},{"data":"After Image","floor":32,"key":"SMITH"},{"data":"Infinite Blades","floor":40,"key":"SMITH"},{"data":"Catalyst","floor":42,"key":"SMITH"},{"data":"Footwork","floor":45,"key":"SMITH"},{"data":"Catalyst","floor":49,"key":"SMITH"}],"neow_cost":"NONE","seed_source_timestamp":334816823924637,"circlet_count":0,"master_deck":["Defend_G+1","Defend_G","Defend_G","Defend_G","Defend_G","Strike_G","Strike_G+1","Strike_G","Strike_G","Survivor","Neutralize+1","Backstab","Deadly Poison","Noxious Fumes+1","Slice","Well Laid Plans","Cloak And Dagger+1","Poisoned Stab","Deadly Poison","Backstab","Deflect","Corpse Explosion","Dash+1","Dodge and Roll+1","Cloak And Dagger+1","Dodge and Roll","Quick Slash","Deadly Poison","Footwork+1","Cloak And Dagger+1","After Image+1","Burst","Footwork+1","Sucker Punch","Infinite Blades+1","Infinite Blades+1","Catalyst+1","Leg Sweep","Footwork+1","Catalyst+1","Deadly Poison","Crippling Poison+1","Poisoned Stab+1","Backflip+1","Backstab","Sucker Punch+1"],"special_seed":0,"relics":["WristBlade","Tiny Chest","Prayer Wheel","NlothsMask","Eternal Feather","Snake Skull","Regal Pillow","Calipers","Happy Flower","Tingsha","Velvet Choker","MawBank","Bag of Marbles","Potion Belt","Anchor","Turnip"],"potions_floor_usage":[22,24,24,28,33,33,46,50],"damage_taken":[{"damage":1.0,"enemies":"Cultist","floor":1.0,"turns":5.0},{"damage":7.0,"enemies":"Jaw Worm","floor":2.0,"turns":2.0},{"damage":0.0,"enemies":"Small Slimes","floor":5.0,"turns":3.0},{"damage":20.0,"enemies":"Lagavulin","floor":10.0,"turns":6.0},{"damage":6.0,"enemies":"Exordium Thugs","floor":11.0,"turns":4.0},{"damage":0,"enemies":"3 Louse","floor":14,"turns":2},{"damage":37,"enemies":"Slime Boss","floor":16,"turns":10},{"damage":3,"enemies":"Chosen","floor":18,"turns":4},{"damage":13,"enemies":"Spheric Guardian","floor":22,"turns":4},{"damage":31,"enemies":"Slavers","floor":24,"turns":4},{"damage":6,"enemies":"Gremlin Leader","floor":28,"turns":5},{"damage":0,"enemies":"Centurion and Healer","floor":29,"turns":4},{"damage":47,"enemies":"Champ","floor":33,"turns":13},{"damage":0,"enemies":"3 Shapes","floor":35,"turns":4},{"damage":0,"enemies":"Orb Walker","floor":38,"turns":3},{"damage":30,"enemies":"Transient","floor":39,"turns":5},{"damage":11,"enemies":"Reptomancer","floor":41,"turns":7},{"damage":0,"enemies":"Mind Bloom Boss Battle","floor":44,"turns":6},{"damage":19,"enemies":"Spire Growth","floor":46,"turns":5},{"damage":1,"enemies":"Maw","floor":47,"turns":8},{"damage":3,"enemies":"Jaw Worm Horde","floor":48,"turns":4},{"damage":17,"enemies":"Donu and Deca","floor":50,"turns":4}],"seed_played":"5170145630350133980","potions_obtained":[{"floor":1.0,"key":"Ancient Potion"},{"floor":14,"key":"SpeedPotion"},{"floor":16,"key":"FearPotion"},{"floor":18,"key":"PowerPotion"},{"floor":24,"key":"Weak Potion"},{"floor":28,"key":"Weak Potion"},{"floor":29,"key":"SkillPotion"},{"floor":33,"key":"Ancient Potion"},{"floor":39,"key":"Dexterity Potion"},{"floor":46,"key":"GhostInAJar"}],"is_trial":false,"path_per_floor":["M","M","$","?","M","R","?","R","T","E","M","?","R","M","R","B",null,"M","T","$","?","M","R","E","R","T","R","E","M","$","T","R","B",null,"M","T","$","M","M","R","E","R","T","?","R","M","M","M","R","B",null],"character_chosen":"THE_SILENT","items_purchased":["Noxious Fumes","Slice","Snake Skull","After Image","Infinite Blades","Bag of Marbles"],"campfire_rested":2,"item_purchase_floors":[3,3,20,30,37,37],"current_hp_per_floor":[62,55,55,55,55,55,41,41,41,21,15,15,36,36,57,20,58,55,55,55,55,42,57,26,41,41,56,50,50,50,50,68,21,58,58,58,58,58,28,49,38,62,62,62,70,51,50,47,70,53],"gold":274,"neow_bonus":"BOSS_RELIC","is_prod":false,"is_daily":false,"chose_seed":false,"campfire_upgraded":10,"win_rate":0,"timestamp":1552015043,"path_taken":["M","?","$","?","M","R","?","R","T","E","M","?","R","M","R","BOSS","M","?","?","?","M","R","E","R","T","R","E","M","$","?","R","BOSS","M","?","?","M","M","R","E","R","T","?","R","M","M","M","R","BOSS"],"build_version":"2019-01-23","purchased_purges":0,"victory":true,"max_hp_per_floor":[70,70,70,70,70,70,70,70,70,70,70,70,70,70,70,70,70,70,70,70,70,70,70,70,70,70,70,70,70,70,70,70,70,70,70,70,70,70,70,70,70,70,70,70,70,70,70,70,70,70],"card_choices":[{"not_picked":["Escape Plan","Outmaneuver"],"picked":"Backstab","floor":1.0},{"not_picked":["Bane","Flechettes"],"picked":"Deadly Poison","floor":2.0},{"not_picked":["Catalyst","Dodge and Roll"],"picked":"Cloak And Dagger","floor":5.0},{"not_picked":["Flechettes","Eviscerate"],"picked":"Poisoned Stab","floor":10.0},{"not_picked":["Sucker Punch","Crippling Poison"],"picked":"Deadly Poison","floor":11.0},{"not_picked":["Concentrate","Outmaneuver","Prepared"],"picked":"SKIP","floor":11.0},{"not_picked":["Concentrate","Die Die Die"],"picked":"Backstab","floor":14},{"not_picked":["Underhanded Strike","Caltrops"],"picked":"Deflect","floor":14},{"not_picked":["Envenom","Doppelganger"],"picked":"Corpse Explosion","floor":16},{"not_picked":["Skewer","Slice"],"picked":"Dash+1","floor":18},{"not_picked":["Outmaneuver","Setup"],"picked":"Dodge and Roll","floor":18},{"not_picked":["Dash","Calculated Gamble"],"picked":"Cloak And Dagger","floor":22},{"not_picked":["Bane","Underhanded Strike+1"],"picked":"Dodge and Roll","floor":22},{"not_picked":["Dagger Throw","Outmaneuver"],"picked":"Quick Slash","floor":24},{"not_picked":["Crippling Poison","Burst"],"picked":"Deadly Poison","floor":28},{"not_picked":["Prepared+1","Expertise"],"picked":"Footwork","floor":29},{"not_picked":["Skewer+1","Blade Dance"],"picked":"Cloak And Dagger+1","floor":29},{"not_picked":["Night Terror","Malaise"],"picked":"Burst","floor":33},{"not_picked":["Endless Agony+1","Dagger Spray"],"picked":"Footwork+1","floor":35},{"not_picked":["Skewer","Setup"],"picked":"Sucker Punch","floor":35},{"not_picked":["Flying Knee","Bouncing Flask+1"],"picked":"Infinite Blades+1","floor":38},{"not_picked":["Cloak And Dagger","Endless Agony"],"picked":"Catalyst","floor":38},{"not_picked":["Prepared+1","Flechettes"],"picked":"Leg Sweep","floor":39},{"not_picked":["Quick Slash+1","Dagger Throw"],"picked":"Footwork+1","floor":39},{"not_picked":["Bane","Storm of Steel"],"picked":"Catalyst","floor":41},{"not_picked":["Slice","Bane"],"picked":"Deadly Poison","floor":44},{"not_picked":["Dash","Expertise"],"picked":"Crippling Poison+1","floor":46},{"not_picked":["Slice","Corpse Explosion"],"picked":"Poisoned Stab+1","floor":46},{"not_picked":["Underhanded Strike","Prepared+1"],"picked":"Backflip+1","floor":47},{"not_picked":["Masterful Stab+1","Finisher"],"picked":"Backstab","floor":47},{"not_picked":["Dodge and Roll","Deflect"],"picked":"Sucker Punch+1","floor":48},{"not_picked":["Tactician","Setup+1","Slice+1"],"picked":"SKIP","floor":48}],"player_experience":421924,"relics_obtained":[{"floor":9.0,"key":"Tiny Chest"},{"floor":10.0,"key":"Prayer Wheel"},{"floor":24,"key":"Regal Pillow"},{"floor":26,"key":"Calipers"},{"floor":28,"key":"Happy Flower"},{"floor":31,"key":"Tingsha"},{"floor":36,"key":"MawBank"},{"floor":41,"key":"Potion Belt"},{"floor":43,"key":"Anchor"},{"floor":44,"key":"Turnip"}],"event_choices":[{"damage_healed":0.0,"max_hp_gain":0.0,"max_hp_loss":0.0,"gold_gain":0.0,"cards_transformed":["Strike_G"],"event_name":"Living Wall","player_choice":"Change","floor":4.0,"gold_loss":0.0,"damage_taken":0.0,"cards_obtained":["Well Laid Plans"]},{"damage_healed":0.0,"max_hp_gain":0.0,"max_hp_loss":0.0,"gold_gain":0.0,"event_name":"Shining Light","player_choice":"Entered Light","floor":7.0,"gold_loss":0.0,"damage_taken":14.0,"cards_upgraded":["Defend_G","Strike_G"]},{"damage_healed":0.0,"max_hp_gain":0.0,"max_hp_loss":0.0,"gold_gain":0.0,"event_name":"FaceTrader","player_choice":"Trade","floor":12.0,"gold_loss":0.0,"damage_taken":0.0,"relics_obtained":["NlothsMask"]},{"damage_healed":0,"gold_gain":0,"player_choice":"Ignored","damage_taken":0,"max_hp_gain":0,"max_hp_loss":0,"event_name":"Cursed Tome","floor":21,"gold_loss":0},{"damage_healed":0,"gold_gain":0,"player_choice":"Fight","damage_taken":0,"max_hp_gain":0,"max_hp_loss":0,"event_name":"MindBloom","floor":44,"gold_loss":0}],"is_beta":false,"boss_relics":[{"not_picked":["White Beast Statue","Cursed Key"],"picked":"Eternal Feather"},{"not_picked":["Runic Dome","Lizard Tail"],"picked":"Velvet Choker"}],"items_purged_floors":[],"is_endless":false,"potions_floor_spawned":[1,14,16,18,24,28,29,33,39,46],"ascension_level":8}