{"gold_per_floor":[115,133,80,80,1,1,34,50,350,380,330,300,320,338,338,435,435,419,429,439,108,119,119,152,152,152,168,168,9,9,39,39,140,190,200,200],"floor_reached":36,"playtime":2949,"items_purged":[],"score":600,"play_id":"df2b02dd-c233-4150-9b30-15e87ab0b344","local_time":"20190222013627","is_ascension_mode":true,"campfire_choices":[{"data":"Noxious Fumes","floor":6,"key":"SMITH"},{"floor":15,"key":"REST"},{"floor":23,"key":"REST"},{"floor":25,"key":"REST"},{"data":"Neutralize","floor":28,"key":"SMITH"},{"data":"Wraith Form v2","floor":30,"key":"SMITH"},{"floor":32,"key":"REST"}],"neow_cost":"NONE","seed_source_timestamp":542894711349940,"circlet_count":0,"master_deck":["Defend_G","Defend_G","Defend_G","Defend_G","Strike_G","Strike_G","Strike_G","Strike_G","Survivor","Neutralize+1","Dodge and Roll+1","Deadly Poison","Cloak And Dagger","Noxious Fumes+1","Deadly Poison","Dodge and Roll","Blur","Flying Knee","Infinite Blades","Backstab","After Image","Injury","Shame","Clumsy","Catalyst+1","Prepared+1","Wraith Form v2+1","Flying Knee","Backflip+1","Blur+1","Night Terror+1","Shame","Adrenaline+1","Infinite Blades","Backflip+1"],"special_seed":0,"relics":["Ring of the Snake","NeowsBlessing","Bird Faced Urn","Old Coin","Blue Candle","Calling Bell","Blood Vial","Toxic Egg 2","Gambling Chip","Snake Skull","Incense Burner","Mummified Hand","Tiny Chest","Tiny House"],"potions_floor_usage":[19,20,24,33,36,36],"damage_taken":[{"damage":0.0,"enemies":"Jaw Worm","floor":1.0,"turns":1.0},{"damage":0.0,"enemies":"Cultist","floor":2.0,"turns":1.0},{"damage":0,"enemies":"Gremlin Nob","floor":7,"turns":1},{"damage":3,"enemies":"Small Slimes","floor":8,"turns":4},{"damage":21,"enemies":"3 Sentries","floor":10,"turns":7},{"damage":1,"enemies":"Looter","floor":12,"turns":4},{"damage":15,"enemies":"Exordium Thugs","floor":13,"turns":5},{"damage":2,"enemies":"2 Fungi Beasts","floor":14,"turns":4},{"damage":56,"enemies":"Slime Boss","floor":16,"turns":11},{"damage":16,"enemies":"2 Thieves","floor":18,"turns":4},{"damage":2,"enemies":"Spheric Guardian","floor":19,"turns":4},{"damage":24,"enemies":"3 Cultists","floor":20,"turns":6},{"damage":34,"enemies":"Snake Plant","floor":22,"turns":4},{"damage":35,"enemies":"Slavers","floor":24,"turns":6},{"damage":3,"enemies":"Centurion and Healer","floor":27,"turns":7},{"damage":50,"enemies":"Automaton","floor":33,"turns":10},{"damage":2,"enemies":"3 Shapes","floor":35,"turns":7},{"damage":130,"enemies":"2 Orb Walkers","floor":36,"turns":5}],"seed_played":"4927211952682761723","potions_obtained":[{"floor":1.0,"key":"Strength Potion"},{"floor":8,"key":"EssenceOfSteel"},{"floor":14,"key":"Energy Potion"},{"floor":19,"key":"SneckoOil"},{"floor":20,"key":"SpeedPotion"},{"floor":22,"key":"PowerPotion"},{"floor":33,"key":"Regen Potion"},{"floor":34,"key":"Regen Potion"}],"is_trial":false,"path_per_floor":["M","M","$","?","$","R","E","M","T","E","?","M","M","M","R","B",null,"M","M","M","$","M","R","E","R","T","M","R","$","R","?","R","B",null,"M","?"],"character_chosen":"THE_SILENT","items_purchased":["Cloak And Dagger","Noxious Fumes","Snake Skull","Wraith Form v2","Flying Knee","Night Terror+1"],"campfire_rested":4,"item_purchase_floors":[3,5,21,21,21,29],"current_hp_per_floor":[63,63,63,63,63,63,63,62,62,43,43,44,31,33,54,2,53,45,51,35,35,9,30,7,28,28,35,35,35,35,35,56,16,62,70,0],"gold":200,"neow_bonus":"THREE_ENEMY_KILL","is_prod":false,"is_daily":false,"chose_seed":false,"campfire_upgraded":3,"win_rate":0,"timestamp":1550828187,"path_taken":["M","M","$","?","?","R","E","M","T","E","?","M","M","M","R","BOSS","M","M","M","$","M","R","E","R","T","M","R","$","R","?","R","BOSS","M","?"],"build_version":"2019-01-23","purchased_purges":0,"victory":false,"max_hp_per_floor":[70,70,70,70,70,70,70,70,70,70,70,70,70,70,70,70,70,70,70,70,70,70,70,70,70,70,70,70,70,70,70,70,70,75,75,75],"card_choices":[{"not_picked":["PiercingWail","Accuracy"],"picked":"Dodge and Roll","floor":1.0},{"not_picked":["Leg Sweep","Dagger Throw"],"picked":"Deadly Poison","floor":2.0},{"not_picked":["Slice","Catalyst"],"picked":"Deadly Poison","floor":7},{"not_picked":["Masterful Stab","PiercingWail"],"picked":"Dodge and Roll","floor":8},{"not_picked":["Dagger Throw","Bouncing Flask"],"picked":"Blur","floor":10},{"not_picked":["Blade Dance","Acrobatics"],"picked":"Flying Knee","floor":12},{"not_picked":["Outmaneuver","Blur"],"picked":"Infinite Blades","floor":13},{"not_picked":["Distraction","Underhanded Strike"],"picked":"Backstab","floor":14},{"not_picked":["Storm of Steel","Venomology"],"picked":"After Image","floor":16},{"not_picked":["Bouncing Flask+1","Acrobatics+1","Eviscerate"],"picked":"SKIP","floor":18},{"not_picked":["Poisoned Stab+1","Outmaneuver+1"],"picked":"Catalyst+1","floor":19},{"not_picked":["Poisoned Stab","Skewer"],"picked":"Prepared+1","floor":20},{"not_picked":["Caltrops","Flying Knee+1"],"picked":"Backflip+1","floor":22},{"not_picked":["Leg Sweep+1","Crippling Poison+1"],"picked":"Blur+1","floor":24},{"not_picked":["Dagger Spray","Blade Dance+1","Concentrate+1"],"picked":"SKIP","floor":27},{"not_picked":["Grand Finale","Unload"],"picked":"Adrenaline+1","floor":33},{"not_picked":["Well Laid Plans","Setup+1"],"picked":"Infinite Blades","floor":34},{"not_picked":["Finisher+1","Dagger Throw"],"picked":"Backflip+1","floor":35}],"player_experience":319710,"relics_obtained":[{"floor":7,"key":"Bird Faced Urn"},{"floor":9,"key":"Old Coin"},{"floor":10,"key":"Blue Candle"},{"floor":17,"key":"Blood Vial"},{"floor":17,"key":"Toxic Egg 2"},{"floor":17,"key":"Gambling Chip"},{"floor":24,"key":"Incense Burner"},{"floor":26,"key":"Mummified Hand"}],"event_choices":[{"cards_removed":["Defend_G"],"damage_healed":0.0,"max_hp_gain":0.0,"max_hp_loss":0.0,"gold_gain":0.0,"event_name":"Purifier","player_choice":"Purged","floor":4.0,"gold_loss":0.0,"damage_taken":0.0},{"cards_removed":["Strike_G"],"damage_healed":0,"gold_gain":0,"player_choice":"Card Removal","damage_taken":0,"max_hp_gain":0,"max_hp_loss":0,"event_name":"The Cleric","floor":11,"gold_loss":50},{"damage_healed":0,"gold_gain":0,"player_choice":"Stole Relic","damage_taken":0,"relics_obtained":["Tiny Chest"],"max_hp_gain":0,"max_hp_loss":0,"event_name":"Addict","floor":31,"gold_loss":0,"cards_obtained":["Shame"]},{"damage_healed":0,"gold_gain":0,"player_choice":"Fight","damage_taken":0,"max_hp_gain":0,"max_hp_loss":0,"event_name":"Mysterious Sphere","floor":36,"gold_loss":0}],"is_beta":false,"boss_relics":[{"not_picked":["Runic Pyramid","WristBlade"],"picked":"Calling Bell"},{"not_picked":["Lizard Tail","Pandora\u0027s Box"],"picked":"Tiny House"}],"items_purged_floors":[],"is_endless":false,"potions_floor_spawned":[1,8,14,19,20,22,33],"killed_by":"2 Orb Walkers","ascension_level":6}