{"gold_per_floor":[113,263,188,207,207,207,241,241,241,241,261,292,304,368,368,368],"floor_reached":16,"playtime":627,"items_purged":[],"score":200,"play_id":"b40d859e-6b6c-4d97-b5b6-ce99f3ed5734","local_time":"20190302230612","is_ascension_mode":true,"campfire_choices":[{"data":"Scrape","floor":6.0,"key":"SMITH"},{"floor":8.0,"key":"REST"},{"data":"Gash","floor":10.0,"key":"SMITH"},{"floor":15.0,"key":"REST"}],"neow_cost":"NONE","seed_source_timestamp":0,"circlet_count":0,"master_deck":["AscendersBane","Strike_B","Strike_B","Strike_B","Strike_B","Defend_B","Defend_B","Defend_B","Defend_B","Zap+1","Dualcast","Scrape+1","Gash+1","Auto Shields","Hologram","Coolheaded","Steam","All For One"],"special_seed":0,"relics":["Cracked Core","Gremlin Horn","Thread and Needle","Strawberry","Kunai"],"potions_floor_usage":[16,16],"damage_taken":[{"damage":7.0,"enemies":"Jaw Worm","floor":1.0,"turns":3.0},{"damage":7.0,"enemies":"2 Louse","floor":4.0,"turns":3.0},{"damage":39.0,"enemies":"Gremlin Nob","floor":7.0,"turns":5.0},{"damage":0.0,"enemies":"Cultist","floor":11.0,"turns":3.0},{"damage":18.0,"enemies":"Lagavulin","floor":12.0,"turns":5.0},{"damage":0.0,"enemies":"Large Slime","floor":13.0,"turns":5.0},{"damage":10.0,"enemies":"Lagavulin Event","floor":14.0,"turns":5.0},{"damage":46,"enemies":"Slime Boss","floor":16,"turns":8}],"seed_played":"1448489097763699036","potions_obtained":[{"floor":1.0,"key":"EntropicBrew"},{"floor":4.0,"key":"Energy Potion"},{"floor":13.0,"key":"PowerPotion"},{"floor":14.0,"key":"GamblersBrew"}],"is_trial":false,"path_per_floor":["M","?","?","M","?","R","E","R","T","R","M","E","M","?","R","B"],"character_chosen":"DEFECT","items_purchased":[],"campfire_rested":2,"item_purchase_floors":[],"current_hp_per_floor":[64,64,64,57,57,57,18,41,41,41,41,30,30,20,45,0],"gold":368,"neow_bonus":"TEN_PERCENT_HP_BONUS","is_prod":false,"is_daily":false,"chose_seed":false,"campfire_upgraded":2,"win_rate":0,"timestamp":1551596772,"path_taken":["M","?","?","M","?","R","E","R","T","R","?","E","M","?","R","BOSS"],"build_version":"2019-01-23","purchased_purges":0,"victory":false,"max_hp_per_floor":[78,78,78,78,78,78,78,78,78,78,78,85,85,85,85,85],"card_choices":[{"not_picked":["Melter","Hologram"],"picked":"Scrape","floor":1.0},{"not_picked":["Reprogram","Steam"],"picked":"Gash","floor":4.0},{"not_picked":["Defragment","Hello World"],"picked":"Auto Shields","floor":7.0},{"not_picked":["Rebound","Loop"],"picked":"Hologram","floor":11.0},{"not_picked":["Rebound","Static Discharge"],"picked":"Coolheaded","floor":12.0},{"not_picked":["Doom and Gloom","Conserve Battery"],"picked":"Steam","floor":13.0},{"not_picked":["Streamline","Coolheaded"],"picked":"All For One","floor":14.0}],"player_experience":1239497,"relics_obtained":[{"floor":7.0,"key":"Gremlin Horn"},{"floor":9.0,"key":"Thread and Needle"},{"floor":12.0,"key":"Strawberry"},{"floor":14.0,"key":"Kunai"}],"event_choices":[{"damage_healed":0.0,"max_hp_gain":0.0,"max_hp_loss":0.0,"gold_gain":150.0,"event_name":"Liars Game","player_choice":"AGREE","floor":2.0,"gold_loss":0.0,"damage_taken":0.0,"cards_obtained":["Doubt"]},{"cards_removed":["Doubt"],"damage_healed":0.0,"max_hp_gain":0.0,"max_hp_loss":0.0,"gold_gain":0.0,"event_name":"The Cleric","player_choice":"Card Removal","floor":3.0,"gold_loss":75.0,"damage_taken":0.0},{"damage_healed":0.0,"max_hp_gain":0.0,"max_hp_loss":0.0,"gold_gain":0.0,"event_name":"Accursed Blacksmith","player_choice":"Forge","floor":5.0,"gold_loss":0.0,"damage_taken":0.0,"cards_upgraded":["Zap"]},{"damage_healed":0.0,"max_hp_gain":0.0,"max_hp_loss":0.0,"gold_gain":0.0,"event_name":"Dead Adventurer","player_choice":"Searched \u00271\u0027 times","floor":14.0,"gold_loss":0.0,"damage_taken":0.0}],"is_beta":false,"boss_relics":[],"items_purged_floors":[],"is_endless":false,"potions_floor_spawned":[1,4,13,14],"killed_by":"Slime Boss","ascension_level":17}