{"gold_per_floor":[110,110,110,123,48,86,102,102,128,153,176,176,220,233,233,354,354,372,25,100,123,142,142,183,183,206,206,226,247,291,291],"floor_reached":31,"playtime":2129,"items_purged":["Pain","Injury"],"score":445,"play_id":"d7cc36b5-c822-4d0c-9afc-6f341b2297da","local_time":"20190318230804","is_ascension_mode":true,"campfire_choices":[{"floor":8,"key":"REST"},{"floor":12,"key":"REST"},{"floor":15,"key":"REST"},{"floor":23,"key":"REST"},{"floor":25,"key":"REST"},{"floor":27,"key":"REST"}],"neow_cost":"NONE","seed_source_timestamp":514531548377264,"circlet_count":0,"master_deck":["AscendersBane","Defend_G","Defend_G","Defend_G","Defend_G","Defend_G","Strike_G","Strike_G","Strike_G","Strike_G","Strike_G","Survivor","Neutralize","Slice","Infinite Blades","Infinite Blades","Cloak And Dagger","Noxious Fumes","Quick Slash","Footwork","Envenom","Dagger Spray+1","Escape Plan","Well Laid Plans+1","Quick Slash","Escape Plan","Cloak And Dagger+1"],"special_seed":0,"relics":["Fusion Hammer","Golden Idol","WarpedTongs","Snake Skull","Oddly Smooth Stone","Smiling Mask","Black Star","Incense Burner","Bottled Flame","Letter Opener","Bag of Preparation","Molten Egg 2","Torii"],"potions_floor_usage":[13,16,24,24,29,30],"damage_taken":[{"damage":0.0,"enemies":"Small Slimes","floor":1.0,"turns":5.0},{"damage":5,"enemies":"Jaw Worm","floor":4,"turns":5},{"damage":32,"enemies":"3 Sentries","floor":6,"turns":11},{"damage":0,"enemies":"Cultist","floor":7,"turns":4},{"damage":24,"enemies":"Lots of Slimes","floor":10,"turns":4},{"damage":0,"enemies":"3 Louse","floor":11,"turns":4},{"damage":14,"enemies":"Lagavulin","floor":13,"turns":6},{"damage":0,"enemies":"Exordium Thugs","floor":14,"turns":4},{"damage":5,"enemies":"The Guardian","floor":16,"turns":10},{"damage":18,"enemies":"3 Byrds","floor":18,"turns":5},{"damage":19,"enemies":"2 Thieves","floor":21,"turns":4},{"damage":8,"enemies":"Shelled Parasite and Fungi","floor":22,"turns":7},{"damage":9,"enemies":"Gremlin Leader","floor":24,"turns":7},{"damage":37,"enemies":"Snake Plant","floor":28,"turns":5},{"damage":0,"enemies":"Chosen and Byrds","floor":29,"turns":5},{"damage":21,"enemies":"Slavers","floor":30,"turns":5},{"damage":12,"enemies":"3 Cultists","floor":31,"turns":2}],"seed_played":"-5807582394062989236","potions_obtained":[{"floor":4,"key":"Strength Potion"},{"floor":7,"key":"AttackPotion"},{"floor":13,"key":"Strength Potion"},{"floor":16,"key":"SteroidPotion"},{"floor":22,"key":"Dexterity Potion"},{"floor":28,"key":"Ancient Potion"},{"floor":29,"key":"SkillPotion"}],"is_trial":false,"path_per_floor":["M","?","?","M","$","E","M","R","T","M","M","R","E","M","R","B",null,"M","$","?","M","M","R","E","R","T","R","M","M","E","M"],"character_chosen":"THE_SILENT","items_purchased":["Incense Burner"],"campfire_rested":6,"item_purchase_floors":[19],"current_hp_per_floor":[63,63,63,58,58,26,26,47,47,23,23,44,30,30,51,46,64,46,46,39,20,12,33,24,45,45,66,29,29,8,0],"gold":291,"neow_bonus":"BOSS_RELIC","is_prod":false,"is_daily":false,"chose_seed":false,"campfire_upgraded":0,"win_rate":0,"timestamp":1552975684,"path_taken":["M","?","?","?","?","E","M","R","T","M","M","R","E","M","R","BOSS","M","$","?","M","M","R","E","R","T","R","M","M","E","M"],"build_version":"2019-01-23","purchased_purges":2,"victory":false,"max_hp_per_floor":[70,70,70,70,70,70,70,70,70,70,70,70,70,70,70,70,70,70,70,70,70,70,70,70,70,70,70,70,70,70,70],"card_choices":[{"not_picked":["Deflect","Outmaneuver"],"picked":"Slice","floor":1.0},{"not_picked":["Blade Dance","Dodge and Roll"],"picked":"Infinite Blades","floor":4},{"not_picked":["Flechettes","PiercingWail","Outmaneuver"],"picked":"SKIP","floor":6},{"not_picked":["Deflect","Reflex"],"picked":"Infinite Blades","floor":7},{"not_picked":["Underhanded Strike","Acrobatics"],"picked":"Cloak And Dagger","floor":10},{"not_picked":["Endless Agony","Deadly Poison"],"picked":"Noxious Fumes","floor":11},{"not_picked":["Skewer","Dagger Spray"],"picked":"Quick Slash","floor":13},{"not_picked":["Setup","Calculated Gamble"],"picked":"Footwork","floor":14},{"not_picked":["Venomology","Malaise"],"picked":"Envenom","floor":16},{"not_picked":["Deflect","Calculated Gamble"],"picked":"Dagger Spray+1","floor":18},{"not_picked":["Cloak And Dagger","Blade Dance"],"picked":"Escape Plan","floor":21},{"not_picked":["Bullet Time","Endless Agony"],"picked":"Well Laid Plans+1","floor":22},{"not_picked":["Acrobatics","Predator"],"picked":"Quick Slash","floor":24},{"not_picked":["Heel Hook","Reflex"],"picked":"Escape Plan","floor":28},{"not_picked":["Expertise","Quick Slash","Prepared"],"picked":"SKIP","floor":29},{"not_picked":["Reflex+1","Expertise+1"],"picked":"Cloak And Dagger+1","floor":30}],"player_experience":504377,"relics_obtained":[{"floor":6,"key":"Snake Skull"},{"floor":9,"key":"Oddly Smooth Stone"},{"floor":13,"key":"Smiling Mask"},{"floor":24,"key":"Bottled Flame"},{"floor":24,"key":"Letter Opener"},{"floor":26,"key":"Bag of Preparation"},{"floor":30,"key":"Molten Egg 2"},{"floor":30,"key":"Torii"}],"event_choices":[{"damage_healed":0.0,"max_hp_gain":0.0,"max_hp_loss":0.0,"gold_gain":0.0,"event_name":"Golden Idol","player_choice":"Take Wound","floor":2.0,"gold_loss":0.0,"damage_taken":0.0,"relics_obtained":["Golden Idol"],"cards_obtained":["Injury"]},{"damage_healed":0,"gold_gain":0,"player_choice":"Rummage","damage_taken":0,"relics_obtained":["WarpedTongs"],"max_hp_gain":0,"max_hp_loss":0,"event_name":"Accursed Blacksmith","floor":3,"gold_loss":0,"cards_obtained":["Pain"]},{"damage_healed":0,"gold_gain":75,"player_choice":"Touch","damage_taken":7,"max_hp_gain":0,"max_hp_loss":0,"event_name":"FaceTrader","floor":20,"gold_loss":0}],"is_beta":false,"boss_relics":[{"not_picked":["Empty Cage","Snecko Eye"],"picked":"Black Star"}],"items_purged_floors":[5,19],"is_endless":false,"potions_floor_spawned":[4,7,10,11,13,16,22,28,29],"killed_by":"3 Cultists","ascension_level":11}