{"gold_per_floor":[111,186,186,361,361,361,361,384,384,397,422,447,51,85,85,213,276,297,86,109,130,5,5,40,61,61,81,81,81,99,118,118,118],"floor_reached":33,"playtime":1738,"items_purged":["Strike_R","Doubt","Strike_R"],"score":294,"play_id":"483529ce-2e4f-46cb-bd6e-6a8f1538d7a3","local_time":"20190319230319","is_ascension_mode":false,"campfire_choices":[{"data":"Infernal Blade","floor":6,"key":"SMITH"},{"data":"Pommel Strike","floor":15,"key":"SMITH"},{"floor":23,"key":"REST"},{"floor":28,"key":"REST"},{"floor":32,"key":"REST"}],"neow_cost":"TEN_PERCENT_HP_LOSS","seed_source_timestamp":264010255047266,"circlet_count":0,"master_deck":["Defend_R","Defend_R","Defend_R","Defend_R","Bash","Infernal Blade+1","Iron Wave","Combust+1","Fire Breathing+1","Pommel Strike+1","Iron Wave","Fire Breathing+1","Finesse","Ghostly Armor+1","Offering","Anger","Swift Strike","Warcry","Bloodletting","Thunderclap+1","Reckless Charge+1","Exhume","Defend_R","Iron Wave"],"relics":["Burning Blood","Frozen Egg 2","Golden Idol","Letter Opener","Bronze Scales","Pear","Tiny House","Shuriken","Matryoshka"],"potions_floor_usage":[14,25,25,25,27,33],"damage_taken":[{"damage":9,"enemies":"2 Louse","floor":1,"turns":3},{"damage":0,"enemies":"Small Slimes","floor":8,"turns":3},{"damage":0,"enemies":"Cultist","floor":10,"turns":2},{"damage":2,"enemies":"Exordium Thugs","floor":11,"turns":4},{"damage":9,"enemies":"Lots of Slimes","floor":12,"turns":4},{"damage":2,"enemies":"3 Sentries","floor":14,"turns":3},{"damage":45,"enemies":"Hexaghost","floor":16,"turns":10},{"damage":29,"enemies":"2 Thieves","floor":18,"turns":3},{"damage":2,"enemies":"3 Byrds","floor":20,"turns":2},{"damage":24,"enemies":"Snake Plant","floor":21,"turns":5},{"damage":26,"enemies":"Book of Stabbing","floor":24,"turns":4},{"damage":19,"enemies":"Snecko","floor":25,"turns":6},{"damage":36,"enemies":"Shelled Parasite and Fungi","floor":27,"turns":4},{"damage":25,"enemies":"3 Cultists","floor":30,"turns":4},{"damage":15,"enemies":"Centurion and Healer","floor":31,"turns":4},{"damage":37,"enemies":"Champ","floor":33,"turns":3}],"seed_played":"6134752402524801495","potions_obtained":[{"floor":8,"key":"LiquidBronze"},{"floor":12,"key":"Fire Potion"},{"floor":14,"key":"Dexterity Potion"},{"floor":17,"key":"SneckoOil"},{"floor":20,"key":"Weak Potion"},{"floor":24,"key":"Weak Potion"},{"floor":25,"key":"Poison Potion"},{"floor":31,"key":"Poison Potion"}],"is_trial":false,"path_per_floor":["M","?","?","?","T","R","?","M","T","M","M","M","$","E","R","B",null,"M","$","M","M","$","R","E","M","T","M","R","?","M","M","R","B"],"character_chosen":"IRONCLAD","items_purchased":["Bronze Scales","Fire Breathing+1","Finesse","Swift Strike","Warcry"],"campfire_rested":3,"item_purchase_floors":[13,13,13,19,19],"current_hp_per_floor":[69,58,58,58,58,58,40,46,46,52,56,53,53,67,67,28,87,64,64,68,50,50,76,56,43,43,13,39,39,20,11,37,0],"gold":118,"neow_bonus":"TRANSFORM_TWO_CARDS","is_prod":false,"is_daily":false,"chose_seed":false,"campfire_upgraded":2,"win_rate":0,"timestamp":1553047399,"path_taken":["M","?","?","?","?","R","?","M","T","?","M","M","?","E","R","BOSS","M","$","M","M","$","R","E","M","T","M","R","?","?","M","R","BOSS"],"build_version":"2019-01-23","purchased_purges":3,"victory":false,"max_hp_per_floor":[72,72,72,72,72,72,72,72,72,72,72,72,72,82,82,82,87,87,87,87,87,87,87,87,87,87,87,87,87,87,87,87,87],"card_choices":[{"not_picked":["Shrug It Off","Thunderclap"],"picked":"Iron Wave","floor":1},{"not_picked":["Clash","Sword Boomerang"],"picked":"Combust+1","floor":8},{"not_picked":["Power Through","Perfected Strike"],"picked":"Fire Breathing+1","floor":10},{"not_picked":["Sword Boomerang","Blood for Blood"],"picked":"Pommel Strike","floor":11},{"not_picked":["Perfected Strike","Clash"],"picked":"Iron Wave","floor":12},{"not_picked":["Wild Strike","Limit Break"],"picked":"Ghostly Armor","floor":14},{"not_picked":["Berserk+1","Impervious"],"picked":"Offering","floor":16},{"not_picked":["Sword Boomerang","Flex"],"picked":"Anger","floor":17},{"not_picked":["True Grit","Thunderclap","Sentinel"],"picked":"SKIP","floor":18},{"not_picked":["Shrug It Off","Disarm"],"picked":"Bloodletting","floor":20},{"not_picked":["Iron Wave","Perfected Strike+1"],"picked":"Thunderclap+1","floor":21},{"not_picked":["Twin Strike","Heavy Blade"],"picked":"Reckless Charge+1","floor":24},{"not_picked":["Armaments","Pommel Strike"],"picked":"Exhume","floor":25},{"not_picked":["Clothesline","Flame Barrier","Heavy Blade+1"],"picked":"SKIP","floor":27},{"not_picked":["Body Slam","Havoc"],"picked":"Iron Wave","floor":30},{"not_picked":["Sword Boomerang","Second Wind","Thunderclap"],"picked":"SKIP","floor":31}],"player_experience":60424,"relics_obtained":[{"floor":5,"key":"Frozen Egg 2"},{"floor":9,"key":"Letter Opener"},{"floor":14,"key":"Pear"},{"floor":24,"key":"Shuriken"},{"floor":26,"key":"Matryoshka"}],"event_choices":[{"damage_healed":0,"gold_gain":75,"player_choice":"Gather Gold","damage_taken":11,"max_hp_gain":0,"max_hp_loss":0,"event_name":"World of Goop","floor":2,"gold_loss":0},{"cards_removed":["Strike_R"],"damage_healed":0,"gold_gain":0,"player_choice":"Forget","damage_taken":0,"max_hp_gain":0,"max_hp_loss":0,"event_name":"Living Wall","floor":3,"gold_loss":0},{"damage_healed":0,"gold_gain":175,"player_choice":"AGREE","damage_taken":0,"max_hp_gain":0,"max_hp_loss":0,"event_name":"Liars Game","floor":4,"gold_loss":0,"cards_obtained":["Doubt"]},{"damage_healed":0,"gold_gain":0,"player_choice":"Take Damage","damage_taken":18,"relics_obtained":["Golden Idol"],"max_hp_gain":0,"max_hp_loss":0,"event_name":"Golden Idol","floor":7,"gold_loss":0},{"cards_removed":["Evolve"],"damage_healed":0,"gold_gain":0,"player_choice":"Took Card","damage_taken":0,"max_hp_gain":0,"max_hp_loss":0,"event_name":"NoteForYourself","floor":29,"gold_loss":0,"cards_obtained":["Defend_R"]}],"is_beta":false,"boss_relics":[{"not_picked":["Fusion Hammer","Lizard Tail"],"picked":"Tiny House"}],"items_purged_floors":[13,19,22],"is_endless":false,"potions_floor_spawned":[8,12,14,20,24,25,31],"killed_by":"Champ","ascension_level":0}