{"gold_per_floor":[110,128,143,143,155,155,215,61,107,107,118,18,18,53,53,152,202,189,189,206,81,81],"floor_reached":22,"playtime":1065,"items_purged":["Strike_G","Strike_G","Strike_G"],"score":209,"play_id":"7e7b1927-77f6-4f77-b31b-f62c2683d608","local_time":"20190307205826","is_ascension_mode":false,"campfire_choices":[{"data":"Choke","floor":6,"key":"SMITH"},{"floor":10,"key":"REST"},{"floor":13,"key":"REST"},{"data":"Infinite Blades","floor":15,"key":"SMITH"}],"neow_cost":"NONE","seed_source_timestamp":2500798478308,"circlet_count":0,"master_deck":["Defend_G","Defend_G","Defend_G","Defend_G","Defend_G+1","Strike_G","Strike_G","Survivor+1","Neutralize","Deep Breath","Choke+1","Cloak And Dagger","Blade Dance","Deflect","Burst+1","Accuracy","Infinite Blades+1","Outmaneuver","Burst","Cloak And Dagger","Accuracy"],"relics":["Ring of the Snake","Lantern","Blood Vial","Bottled Flame","Tiny House"],"potions_floor_usage":[7,14,16,22],"damage_taken":[{"damage":5,"enemies":"Jaw Worm","floor":1,"turns":5},{"damage":0,"enemies":"2 Louse","floor":2,"turns":2},{"damage":1,"enemies":"Cultist","floor":3,"turns":4},{"damage":4,"enemies":"3 Louse","floor":5,"turns":5},{"damage":30,"enemies":"3 Sentries","floor":7,"turns":9},{"damage":0,"enemies":"Looter","floor":11,"turns":3},{"damage":0,"enemies":"Gremlin Nob","floor":14,"turns":3},{"damage":16,"enemies":"Slime Boss","floor":16,"turns":10},{"damage":17,"enemies":"2 Thieves","floor":18,"turns":4},{"damage":12,"enemies":"Spheric Guardian","floor":20,"turns":4},{"damage":38,"enemies":"Cultist and Chosen","floor":22,"turns":9}],"seed_played":"-3857312726841679134","potions_obtained":[{"floor":2,"key":"Dexterity Potion"},{"floor":5,"key":"Explosive Potion"},{"floor":7,"key":"GamblersBrew"},{"floor":11,"key":"Strength Potion"},{"floor":16,"key":"Weak Potion"},{"floor":17,"key":"GhostInAJar"}],"is_trial":false,"path_per_floor":["M","M","M","?","M","R","?","$","T","R","M","$","R","E","R","B",null,"M","?","M","$","M"],"character_chosen":"THE_SILENT","items_purchased":["Accuracy"],"campfire_rested":2,"item_purchase_floors":[8],"current_hp_per_floor":[65,65,64,50,46,46,16,16,16,37,39,39,60,62,62,48,75,58,58,48,48,12],"gold":81,"neow_bonus":"RANDOM_COLORLESS","is_prod":false,"is_daily":false,"chose_seed":false,"campfire_upgraded":2,"win_rate":0,"timestamp":1551992306,"path_taken":["M","M","M","?","M","R","?","$","T","R","M","$","R","E","R","BOSS","M","?","M","$","?"],"build_version":"2019-01-23","purchased_purges":3,"victory":false,"max_hp_per_floor":[70,70,70,70,70,70,70,70,70,70,70,70,70,70,70,70,75,75,75,75,75,75],"card_choices":[{"not_picked":["Outmaneuver","Masterful Stab"],"picked":"Choke","floor":1},{"not_picked":["Sucker Punch","Endless Agony"],"picked":"Cloak And Dagger","floor":2},{"not_picked":["Dodge and Roll","Eviscerate"],"picked":"Blade Dance","floor":3},{"not_picked":["Eviscerate","Skewer"],"picked":"Deflect","floor":5},{"not_picked":["Slice","Outmaneuver"],"picked":"Burst","floor":7},{"not_picked":["Blur","Blade Dance"],"picked":"Infinite Blades","floor":11},{"not_picked":["Flying Knee","Expertise"],"picked":"Outmaneuver","floor":14},{"not_picked":["Bullet Time","Doppelganger"],"picked":"Burst","floor":16},{"not_picked":["Bouncing Flask","Dodge and Roll"],"picked":"Cloak And Dagger","floor":17},{"not_picked":["Dodge and Roll","Flying Knee","Prepared"],"picked":"SKIP","floor":18},{"not_picked":["Escape Plan","Slice+1","Dodge and Roll"],"picked":"SKIP","floor":20}],"player_experience":76678,"relics_obtained":[{"floor":9,"key":"Blood Vial"},{"floor":14,"key":"Bottled Flame"}],"event_choices":[{"damage_healed":0,"gold_gain":0,"player_choice":"Entered Light","damage_taken":14,"max_hp_gain":0,"max_hp_loss":0,"event_name":"Shining Light","floor":4,"gold_loss":0,"cards_upgraded":["Survivor","Defend_G"]},{"damage_healed":0,"gold_gain":0,"player_choice":"Searched \u00273\u0027 times","damage_taken":0,"relics_obtained":["Lantern"],"max_hp_gain":0,"max_hp_loss":0,"event_name":"Dead Adventurer","floor":7,"gold_loss":0},{"damage_healed":0,"gold_gain":0,"player_choice":"Copied","damage_taken":0,"max_hp_gain":0,"max_hp_loss":0,"event_name":"Duplicator","floor":19,"gold_loss":0,"cards_obtained":["Accuracy"]}],"is_beta":false,"boss_relics":[{"not_picked":["Black Star","Fusion Hammer"],"picked":"Tiny House"}],"items_purged_floors":[8,12,21],"is_endless":false,"potions_floor_spawned":[2,5,7,11,16,20],"killed_by":"Cultist and Chosen","ascension_level":0}