{"gold_per_floor":[116,96,111,129,79,79,108,108,108,108,108,120,146,146,146,246,246,261,118,118,118,131,161,173,173,200,229,229,248,248],"floor_reached":30,"playtime":1349,"items_purged":[],"score":423,"play_id":"ee842249-bc29-4e74-9bfd-0f5459bde814","local_time":"20190226192420","is_ascension_mode":true,"campfire_choices":[{"data":"Static Discharge","floor":6.0,"key":"SMITH"},{"floor":8.0,"key":"REST"},{"data":"Defend_B","floor":10.0,"key":"PURGE"},{"floor":15.0,"key":"DIG"},{"floor":23,"key":"DIG"},{"floor":25,"key":"REST"},{"floor":28,"key":"REST"}],"neow_cost":"PERCENT_DAMAGE","seed_source_timestamp":954035690846281,"circlet_count":0,"master_deck":["Strike_B","Defend_B","Defend_B","Defend_B","Zap","Dualcast","Beam Cell+1","Gash+1","Static Discharge+1","Machine Learning","Conserve Battery","Streamline+1","Regret","Fission","Doom and Gloom","Shame","J.A.X.","Sweeping Beam+1","Rebound+1","Self Repair","Cold Snap+1"],"special_seed":0,"relics":["Cracked Core","Peace Pipe","Blue Candle","Mango","Shovel","Du-Vu Doll","Fusion Hammer","Whetstone","Strawberry","Tiny Chest","Bag of Marbles","DataDisk"],"potions_floor_usage":[22,27,29],"damage_taken":[{"damage":4.0,"enemies":"2 Louse","floor":1.0,"turns":3.0},{"damage":0.0,"enemies":"Cultist","floor":3.0,"turns":3.0},{"damage":2.0,"enemies":"Jaw Worm","floor":4.0,"turns":2.0},{"damage":21.0,"enemies":"Gremlin Nob","floor":7.0,"turns":4.0},{"damage":3.0,"enemies":"Blue Slaver","floor":12.0,"turns":3.0},{"damage":18.0,"enemies":"Lagavulin","floor":13.0,"turns":6.0},{"damage":1.0,"enemies":"Slime Boss","floor":16.0,"turns":5.0},{"damage":39.0,"enemies":"Chosen","floor":18.0,"turns":4.0},{"damage":24,"enemies":"Spheric Guardian","floor":22,"turns":3},{"damage":7,"enemies":"3 Cultists","floor":24,"turns":3},{"damage":39,"enemies":"Slavers","floor":27,"turns":4},{"damage":13,"enemies":"Snake Plant","floor":29,"turns":2},{"damage":37,"enemies":"Book of Stabbing","floor":30,"turns":3}],"seed_played":"-8039653945342285104","potions_obtained":[{"floor":2.0,"key":"Strength Potion"},{"floor":4.0,"key":"PowerPotion"},{"floor":16.0,"key":"Energy Potion"},{"floor":18.0,"key":"EssenceOfSteel"}],"is_trial":false,"path_per_floor":["M","?","M","M","?","R","E","R","T","R","?","M","E","?","R","B",null,"M","$","?","?","M","R","M","R","T","E","R","M","E"],"character_chosen":"DEFECT","items_purchased":["Whetstone"],"campfire_rested":3,"item_purchase_floors":[19],"current_hp_per_floor":[46,46,46,44,44,44,23,45,45,45,45,42,38,38,38,37,76,37,37,44,44,20,20,13,41,41,2,30,24,0],"gold":248,"neow_bonus":"REMOVE_TWO","is_prod":false,"is_daily":false,"chose_seed":false,"campfire_upgraded":1,"win_rate":0,"timestamp":1551237860,"path_taken":["M","?","M","?","?","R","E","R","T","R","?","?","E","?","R","BOSS","M","$","?","?","?","R","M","R","T","E","R","M","E"],"build_version":"2019-01-23","purchased_purges":0,"victory":false,"max_hp_per_floor":[75,75,75,75,75,75,75,75,75,75,75,75,89,89,89,89,89,89,89,96,96,96,96,96,96,96,96,96,96,96],"card_choices":[{"not_picked":["Hologram","Barrage"],"picked":"Beam Cell","floor":1.0},{"not_picked":["Force Field","Leap"],"picked":"Gash","floor":3.0},{"not_picked":["Capacitor","BootSequence"],"picked":"Static Discharge","floor":4.0},{"not_picked":["Coolheaded","Ball Lightning"],"picked":"Machine Learning","floor":7.0},{"not_picked":["Blizzard","Self Repair"],"picked":"Conserve Battery","floor":12.0},{"not_picked":["Compile Driver","Consume"],"picked":"Streamline","floor":13.0},{"not_picked":["Meteor Strike","Biased Cognition"],"picked":"Fission","floor":16.0},{"not_picked":["Redo","Heatsinks"],"picked":"Doom and Gloom","floor":18.0},{"not_picked":["Redo+1","Go for the Eyes+1"],"picked":"Sweeping Beam+1","floor":22},{"not_picked":["Lockon","Capacitor"],"picked":"Rebound+1","floor":24},{"not_picked":["Turbo+1","Cold Snap+1"],"picked":"Self Repair","floor":27},{"not_picked":["Fusion","All For One"],"picked":"Cold Snap+1","floor":29}],"player_experience":366873,"relics_obtained":[{"floor":7.0,"key":"Peace Pipe"},{"floor":9.0,"key":"Blue Candle"},{"floor":13.0,"key":"Mango"},{"floor":15.0,"key":"Du-Vu Doll"},{"floor":23,"key":"Tiny Chest"},{"floor":26,"key":"Bag of Marbles"},{"floor":27,"key":"DataDisk"}],"event_choices":[{"damage_healed":0.0,"max_hp_gain":0.0,"max_hp_loss":0.0,"gold_gain":0.0,"event_name":"The Woman in Blue","player_choice":"Bought 1 Potion","floor":2.0,"gold_loss":0.0,"damage_taken":0.0},{"cards_removed":["Strike_B"],"damage_healed":0.0,"max_hp_gain":0.0,"max_hp_loss":0.0,"gold_gain":0.0,"event_name":"The Cleric","player_choice":"Card Removal","floor":5.0,"gold_loss":50.0,"damage_taken":0.0},{"damage_healed":0.0,"max_hp_gain":0.0,"max_hp_loss":0.0,"gold_gain":0.0,"event_name":"Upgrade Shrine","player_choice":"Upgraded","floor":11.0,"gold_loss":0.0,"damage_taken":0.0,"cards_upgraded":["Beam Cell"]},{"damage_healed":0.0,"max_hp_gain":0.0,"max_hp_loss":0.0,"gold_gain":0.0,"event_name":"Big Fish","player_choice":"Box","floor":14.0,"gold_loss":0.0,"damage_taken":0.0,"relics_obtained":["Shovel"],"cards_obtained":["Regret"]},{"damage_healed":0.0,"max_hp_gain":0.0,"max_hp_loss":0.0,"gold_gain":0.0,"event_name":"Addict","player_choice":"Stole Relic","floor":20.0,"gold_loss":0.0,"damage_taken":0.0,"relics_obtained":["Strawberry"],"cards_obtained":["Shame"]},{"damage_healed":0,"gold_gain":0,"player_choice":"Obtain J.A.X.","damage_taken":0,"max_hp_gain":0,"max_hp_loss":0,"event_name":"Drug Dealer","floor":21,"gold_loss":0,"cards_obtained":["J.A.X."]}],"is_beta":false,"boss_relics":[{"not_picked":["Eternal Feather","Pandora\u0027s Box"],"picked":"Fusion Hammer"}],"items_purged_floors":[],"is_endless":false,"potions_floor_spawned":[4,16,18],"killed_by":"Book of Stabbing","ascension_level":6}