{"gold_per_floor":[112,112,126,201,217,249,249,249,249,249,260,260,260,260,260,260],"floor_reached":16,"playtime":808,"items_purged":[],"score":123,"play_id":"57e57401-5d70-4c15-93a3-c7dfaa0803f8","local_time":"20190317184032","is_ascension_mode":false,"campfire_choices":[{"data":"Combust","floor":10,"key":"SMITH"},{"data":"Bash","floor":12,"key":"SMITH"},{"data":"Hemokinesis","floor":15,"key":"SMITH"}],"neow_cost":"NONE","seed_source_timestamp":76360701836885,"circlet_count":0,"master_deck":["Strike_R+1","Strike_R","Strike_R","Defend_R","Defend_R","Defend_R","Defend_R","Bash+1","Battle Trance","Iron Wave","Seeing Red","Combust+1","Metallicize+1","Seeing Red","Parasite","Hemokinesis+1"],"relics":["Burning Blood","Mango","Anchor","FossilizedHelix","Darkstone Periapt"],"potions_floor_usage":[6],"damage_taken":[{"damage":0,"enemies":"2 Louse","floor":1,"turns":4},{"damage":4,"enemies":"Small Slimes","floor":3,"turns":4},{"damage":0,"enemies":"Cultist","floor":5,"turns":2},{"damage":35,"enemies":"Lagavulin","floor":6,"turns":7},{"damage":9,"enemies":"Blue Slaver","floor":11,"turns":3},{"damage":33,"enemies":"Hexaghost","floor":16,"turns":8}],"seed_played":"-1114604741517763260","potions_obtained":[{"floor":3,"key":"Poison Potion"},{"floor":11,"key":"GamblersBrew"}],"is_trial":false,"path_per_floor":["M","?","M","?","M","E","?","T","T","R","M","R","?","?","R","B"],"character_chosen":"IRONCLAD","items_purchased":[],"campfire_rested":0,"item_purchase_floors":[],"current_hp_per_floor":[80,69,71,62,68,39,20,20,20,20,17,17,46,46,46,13],"gold":260,"neow_bonus":"TRANSFORM_CARD","is_prod":false,"is_daily":false,"chose_seed":false,"campfire_upgraded":3,"win_rate":0,"timestamp":1552858832,"path_taken":["M","?","M","?","?","E","?","?","T","R","M","R","?","?","R","BOSS"],"build_version":"2019-01-23","purchased_purges":0,"victory":false,"max_hp_per_floor":[80,94,94,94,94,94,94,94,94,94,94,94,100,100,100,100],"card_choices":[{"not_picked":["Pommel Strike","Thunderclap"],"picked":"Iron Wave","floor":1},{"not_picked":["Shrug It Off","Power Through"],"picked":"Seeing Red","floor":3},{"not_picked":["Hemokinesis","Intimidate"],"picked":"Combust","floor":5},{"not_picked":["Armaments","Shrug It Off"],"picked":"Metallicize","floor":6},{"not_picked":["Uppercut","Dark Embrace"],"picked":"Seeing Red","floor":11}],"player_experience":24033,"relics_obtained":[{"floor":6,"key":"Anchor"},{"floor":8,"key":"FossilizedHelix"},{"floor":9,"key":"Darkstone Periapt"}],"event_choices":[{"damage_healed":0,"gold_gain":0,"player_choice":"Success","damage_taken":25,"relics_obtained":["Mango"],"max_hp_gain":0,"max_hp_loss":0,"event_name":"Scrap Ooze","floor":2,"gold_loss":0},{"damage_healed":0,"gold_gain":75,"player_choice":"Touch","damage_taken":9,"max_hp_gain":0,"max_hp_loss":0,"event_name":"FaceTrader","floor":4,"gold_loss":0},{"damage_healed":0,"gold_gain":0,"player_choice":"Entered Light","damage_taken":19,"max_hp_gain":0,"max_hp_loss":0,"event_name":"Shining Light","floor":7,"gold_loss":0,"cards_upgraded":["Metallicize","Strike_R"]},{"damage_healed":23,"gold_gain":0,"player_choice":"Healed and dodged fight","damage_taken":0,"max_hp_gain":0,"max_hp_loss":0,"event_name":"Mushrooms","floor":13,"gold_loss":0,"cards_obtained":["Parasite"]},{"damage_healed":0,"gold_gain":0,"cards_transformed":["Strike_R"],"player_choice":"Change","damage_taken":0,"max_hp_gain":0,"max_hp_loss":0,"event_name":"Living Wall","floor":14,"gold_loss":0,"cards_obtained":["Hemokinesis"]}],"is_beta":false,"boss_relics":[],"items_purged_floors":[],"is_endless":false,"potions_floor_spawned":[3,11],"killed_by":"Hexaghost","ascension_level":0}