{"gold_per_floor":[117,127,127,142,160,22,32,42,42,68,68,93,93,110,110,214,214,224,244,43,63,63,63],"floor_reached":23,"playtime":3258,"items_purged":[],"score":255,"play_id":"80e23ad0-5c1c-4cc8-9d3a-996c82017abc","local_time":"20190317160006","is_ascension_mode":false,"campfire_choices":[{"data":"Well Laid Plans","floor":11,"key":"SMITH"},{"data":"Survivor","floor":13,"key":"SMITH"},{"data":"Neutralize","floor":15,"key":"SMITH"}],"neow_cost":"NONE","seed_source_timestamp":64283345298791,"circlet_count":0,"master_deck":["Defend_G","Defend_G","Defend_G","Defend_G","Defend_G","Strike_G","Strike_G","Strike_G","Strike_G","Strike_G","Survivor+1","Neutralize+1","Quick Slash","Expertise","Decay","Prepared","Acrobatics","Glass Knife","Infinite Blades","Flying Knee","Well Laid Plans+1","After Image","Blade Dance","Burst","Sucker Punch","Skewer","Escape Plan","Blade Dance","Blade Dance","Outmaneuver","Choke","Phantasmal Killer","Footwork","Skewer+1"],"relics":["Coffee Dripper","Dream Catcher","Centennial Puzzle","Omamori","Orrery"],"potions_floor_usage":[],"damage_taken":[{"damage":2,"enemies":"Small Slimes","floor":1,"turns":5},{"damage":1,"enemies":"Cultist","floor":2,"turns":3},{"damage":3,"enemies":"2 Louse","floor":4,"turns":3},{"damage":11,"enemies":"Gremlin Gang","floor":5,"turns":6},{"damage":7,"enemies":"Exordium Thugs","floor":7,"turns":4},{"damage":2,"enemies":"Looter","floor":8,"turns":3},{"damage":15,"enemies":"3 Sentries","floor":10,"turns":7},{"damage":12,"enemies":"Lagavulin","floor":12,"turns":6},{"damage":1,"enemies":"Exordium Wildlife","floor":14,"turns":3},{"damage":0,"enemies":"Hexaghost","floor":16,"turns":12},{"damage":12,"enemies":"Chosen","floor":18,"turns":4},{"damage":10,"enemies":"Shell Parasite","floor":19,"turns":5},{"damage":20,"enemies":"Chosen and Byrds","floor":21,"turns":4},{"damage":33,"enemies":"Gremlin Leader","floor":23,"turns":4}],"seed_played":"-1243908459845115779","potions_obtained":[{"floor":2,"key":"Poison Potion"},{"floor":5,"key":"PowerPotion"},{"floor":7,"key":"SpeedPotion"},{"floor":18,"key":"Swift Potion"},{"floor":22,"key":"AttackPotion"}],"is_trial":false,"path_per_floor":["M","M","?","M","M","$","M","M","T","E","R","E","R","M","R","B",null,"M","M","$","M","?","E"],"character_chosen":"THE_SILENT","items_purchased":["Glass Knife","Infinite Blades","Phantasmal Killer","Footwork"],"campfire_rested":0,"item_purchase_floors":[6,6,20,20],"current_hp_per_floor":[68,67,67,64,53,53,46,44,44,29,29,17,17,16,16,16,70,58,48,48,28,28,0],"gold":63,"neow_bonus":"BOSS_RELIC","is_prod":false,"is_daily":false,"chose_seed":false,"campfire_upgraded":3,"win_rate":0.0,"timestamp":1552849206,"path_taken":["M","M","?","M","M","?","M","?","T","E","R","E","R","M","R","BOSS","M","M","$","M","?","E"],"build_version":"2019-01-23","purchased_purges":0,"victory":false,"max_hp_per_floor":[70,70,70,70,70,70,70,70,70,70,70,70,70,70,70,70,70,70,70,70,70,70,70],"card_choices":[{"not_picked":["Footwork","Outmaneuver"],"picked":"Quick Slash","floor":1},{"not_picked":["Deflect","Underhanded Strike"],"picked":"Expertise","floor":2},{"not_picked":["Skewer","Dodge and Roll"],"picked":"Prepared","floor":4},{"not_picked":["Deadly Poison","Noxious Fumes"],"picked":"Acrobatics","floor":5},{"not_picked":["Dagger Throw","Deflect"],"picked":"Flying Knee","floor":7},{"not_picked":["Deflect","Crippling Poison","Distraction"],"picked":"SKIP","floor":8},{"not_picked":["Dodge and Roll","Caltrops"],"picked":"Well Laid Plans","floor":10},{"not_picked":["Infinite Blades","Heel Hook"],"picked":"After Image","floor":12},{"not_picked":["Flechettes","Deadly Poison"],"picked":"Blade Dance","floor":14},{"not_picked":["Venomology","Adrenaline"],"picked":"Burst","floor":16},{"not_picked":["Noxious Fumes","Deadly Poison"],"picked":"Sucker Punch","floor":17},{"not_picked":["Slice","Dodge and Roll"],"picked":"Skewer","floor":17},{"not_picked":["Leg Sweep","Dash"],"picked":"Escape Plan","floor":17},{"not_picked":["Prepared","Eviscerate"],"picked":"Blade Dance","floor":17},{"not_picked":["Crippling Poison","Dodge and Roll"],"picked":"Blade Dance","floor":17},{"not_picked":["Poisoned Stab","Prepared+1"],"picked":"Outmaneuver","floor":18},{"not_picked":["Slice","PiercingWail"],"picked":"Choke","floor":19},{"not_picked":["Acrobatics","Slice"],"picked":"Skewer+1","floor":21}],"player_experience":12179,"relics_obtained":[{"floor":9,"key":"Dream Catcher"},{"floor":10,"key":"Centennial Puzzle"},{"floor":12,"key":"Omamori"}],"event_choices":[{"damage_healed":0,"gold_gain":0,"player_choice":"Cursed","damage_taken":0,"max_hp_gain":0,"max_hp_loss":0,"event_name":"Wheel of Change","floor":3,"gold_loss":0,"cards_obtained":["Decay"]},{"damage_healed":0,"gold_gain":0,"player_choice":"Got Potions","damage_taken":0,"max_hp_gain":0,"max_hp_loss":0,"event_name":"Lab","floor":22,"gold_loss":0}],"is_beta":false,"boss_relics":[{"not_picked":["Philosopher\u0027s Stone","Snecko Eye"],"picked":"Orrery"}],"items_purged_floors":[],"is_endless":false,"potions_floor_spawned":[2,5,7,12,16,18],"killed_by":"Gremlin Leader","ascension_level":0}