{"gold_per_floor":[114,124,134,145,157,185,185,216,241,241,191,80,155,167,167,264,264,279,299,299,50,61,61,88,88,88,88,99,163,173,199,199,199],"floor_reached":33,"playtime":2865,"items_purged":["Strike_G","Writhe"],"score":349,"play_id":"3a1518f2-055e-4e2b-9390-87bac64c3620","local_time":"20190316165433","is_ascension_mode":true,"campfire_choices":[{"data":"Neutralize","floor":7,"key":"SMITH"},{"data":"Survivor","floor":10,"key":"SMITH"},{"floor":15,"key":"REST"},{"data":"Finisher","floor":23,"key":"SMITH"},{"data":"Footwork","floor":25,"key":"SMITH"},{"floor":32,"key":"REST"}],"neow_cost":"NONE","seed_source_timestamp":261006597114735,"circlet_count":0,"master_deck":["Defend_G","Defend_G","Defend_G","Strike_G","Strike_G","Survivor+1","Neutralize+1","Cloak And Dagger","Infinite Blades","Flying Knee","Underhanded Strike","Infinite Blades","Glass Knife","Footwork+1","Finisher+1","Reflex","PiercingWail+1","Storm of Steel+1","Dodge and Roll+1","Dagger Throw","Escape Plan+1","Distraction+1","Tactician","Reflex+1","Blade Dance+1","Footwork"],"relics":["White Beast Statue","Dream Catcher","Incense Burner","Ancient Tea Set","Astrolabe","Bag of Marbles","Happy Flower","Snake Skull","Pear","Nilry\u0027s Codex","Tiny Chest","The Courier"],"potions_floor_usage":[2,4,6,8,8,8,19,22,24,28,29,29,30,31,33,33],"damage_taken":[{"damage":0,"enemies":"Cultist","floor":1,"turns":5},{"damage":1,"enemies":"Small Slimes","floor":2,"turns":4},{"damage":1,"enemies":"2 Louse","floor":3,"turns":3},{"damage":3,"enemies":"Blue Slaver","floor":4,"turns":5},{"damage":8,"enemies":"Large Slime","floor":5,"turns":7},{"damage":10,"enemies":"3 Sentries","floor":6,"turns":7},{"damage":4,"enemies":"Gremlin Nob","floor":8,"turns":4},{"damage":5,"enemies":"Lots of Slimes","floor":14,"turns":4},{"damage":33,"enemies":"Hexaghost","floor":16,"turns":12},{"damage":8,"enemies":"Shell Parasite","floor":18,"turns":7},{"damage":0,"enemies":"Chosen","floor":19,"turns":5},{"damage":0,"enemies":"Centurion and Healer","floor":22,"turns":6},{"damage":9,"enemies":"Book of Stabbing","floor":24,"turns":7},{"damage":8,"enemies":"Snecko","floor":28,"turns":6},{"damage":6,"enemies":"Slavers","floor":29,"turns":7},{"damage":10,"enemies":"Cultist and Chosen","floor":30,"turns":7},{"damage":9,"enemies":"Book of Stabbing","floor":31,"turns":6},{"damage":53,"enemies":"Automaton","floor":33,"turns":6}],"seed_played":"-1319498528071129678","potions_obtained":[{"floor":1,"key":"SteroidPotion"},{"floor":2,"key":"GamblersBrew"},{"floor":3,"key":"SteroidPotion"},{"floor":4,"key":"Fire Potion"},{"floor":5,"key":"GhostInAJar"},{"floor":6,"key":"SteroidPotion"},{"floor":8,"key":"GhostInAJar"},{"floor":14,"key":"Explosive Potion"},{"floor":16,"key":"Poison Potion"},{"floor":18,"key":"FearPotion"},{"floor":19,"key":"Fire Potion"},{"floor":22,"key":"Energy Potion"},{"floor":24,"key":"Poison Potion"},{"floor":28,"key":"Swift Potion"},{"floor":29,"key":"Explosive Potion"},{"floor":30,"key":"FearPotion"},{"floor":31,"key":"PowerPotion"}],"is_trial":false,"path_per_floor":["M","M","M","M","M","E","R","E","T","R","?","$","?","M","R","B",null,"M","M","?","$","M","R","E","R","T","?","M","E","M","E","R","B"],"character_chosen":"THE_SILENT","items_purchased":["Footwork","Happy Flower"],"campfire_rested":2,"item_purchase_floors":[12,21],"current_hp_per_floor":[70,69,68,65,57,47,47,43,43,43,43,43,32,27,48,15,70,62,62,62,62,62,62,53,53,63,47,39,33,23,14,38,0],"gold":199,"neow_bonus":"BOSS_RELIC","is_prod":false,"is_daily":false,"chose_seed":false,"campfire_upgraded":4,"win_rate":0,"timestamp":1552769673,"path_taken":["M","M","M","?","M","E","R","E","T","R","?","$","?","M","R","BOSS","M","M","?","$","M","R","E","R","T","?","M","E","M","E","R","BOSS"],"build_version":"2019-01-23","purchased_purges":2,"victory":false,"max_hp_per_floor":[70,70,70,70,70,70,70,70,70,70,70,70,70,70,70,70,70,70,70,70,70,70,70,70,70,80,80,80,80,80,80,80,80],"card_choices":[{"not_picked":["Dagger Throw","PiercingWail"],"picked":"Cloak And Dagger","floor":1},{"not_picked":["Backflip","Calculated Gamble"],"picked":"Infinite Blades","floor":2},{"not_picked":["Quick Slash","Poisoned Stab"],"picked":"Flying Knee","floor":3},{"not_picked":["Reflex","Flying Knee"],"picked":"Underhanded Strike","floor":4},{"not_picked":["Underhanded Strike","Malaise"],"picked":"Infinite Blades","floor":5},{"not_picked":["Quick Slash","Dodge and Roll","Doppelganger"],"picked":"SKIP","floor":6},{"not_picked":["Calculated Gamble","Bouncing Flask"],"picked":"Glass Knife","floor":8},{"not_picked":["Slice","Eviscerate"],"picked":"Finisher","floor":14},{"not_picked":["Slice","PiercingWail"],"picked":"Reflex","floor":15},{"not_picked":["Setup","Deadly Poison"],"picked":"Dagger Throw","floor":18},{"not_picked":["Noxious Fumes+1","Dagger Throw"],"picked":"Escape Plan+1","floor":19},{"not_picked":["Blur","Flying Knee"],"picked":"Distraction+1","floor":22},{"not_picked":["Glass Knife","Prepared+1"],"picked":"Tactician","floor":24},{"not_picked":["Setup","Choke+1"],"picked":"Reflex+1","floor":28},{"not_picked":["Endless Agony","Reflex"],"picked":"Blade Dance+1","floor":29},{"not_picked":["Flechettes","PiercingWail","Outmaneuver"],"picked":"SKIP","floor":30},{"not_picked":["Skewer+1","Poisoned Stab","Predator"],"picked":"SKIP","floor":31},{"not_picked":["Underhanded Strike","Flying Knee"],"picked":"Footwork","floor":32}],"player_experience":190137,"relics_obtained":[{"floor":6,"key":"Dream Catcher"},{"floor":8,"key":"Incense Burner"},{"floor":9,"key":"Ancient Tea Set"},{"floor":24,"key":"Snake Skull"},{"floor":26,"key":"Pear"},{"floor":27,"key":"Nilry\u0027s Codex"},{"floor":29,"key":"Tiny Chest"},{"floor":31,"key":"The Courier"}],"event_choices":[{"cards_removed":["Defend_G"],"damage_healed":0,"gold_gain":0,"player_choice":"Card Removal","damage_taken":0,"max_hp_gain":0,"max_hp_loss":0,"event_name":"The Cleric","floor":11,"gold_loss":50},{"damage_healed":0,"gold_gain":75,"player_choice":"Gather Gold","damage_taken":11,"max_hp_gain":0,"max_hp_loss":0,"event_name":"World of Goop","floor":13,"gold_loss":0},{"damage_healed":0,"gold_gain":0,"player_choice":"Opened","damage_taken":0,"relics_obtained":["Bag of Marbles"],"max_hp_gain":0,"max_hp_loss":0,"event_name":"The Mausoleum","floor":20,"gold_loss":0,"cards_obtained":["Writhe"]},{"damage_healed":0,"gold_gain":0,"player_choice":"Obtained Book","damage_taken":16,"max_hp_gain":0,"max_hp_loss":0,"event_name":"Cursed Tome","floor":27,"gold_loss":0}],"is_beta":false,"boss_relics":[{"not_picked":["Sozu","Snecko Eye"],"picked":"Astrolabe"}],"items_purged_floors":[12,21],"is_endless":false,"potions_floor_spawned":[1,2,3,4,5,6,8,14,16,18,19,22,24,28,29,30,31],"killed_by":"Automaton","ascension_level":2}