{"gold_per_floor":[109,109,121,196,215,215,215,215,215,66,97,97,112,112,112,243,243,229,154,279,11,24,24,42,42,87,87,108,108],"floor_reached":29,"playtime":1112,"items_purged":["Defend_R"],"score":343,"play_id":"f1dccefa-f2fc-48f9-a543-31ab059b936b","local_time":"20190317214253","is_ascension_mode":true,"campfire_choices":[{"data":"Bash","floor":6,"key":"SMITH"},{"data":"Carnage","floor":8,"key":"SMITH"},{"data":"Disarm","floor":12,"key":"SMITH"},{"floor":15,"key":"REST"},{"floor":23,"key":"REST"},{"floor":27,"key":"REST"}],"neow_cost":"TEN_PERCENT_HP_LOSS","seed_source_timestamp":323807416602881,"circlet_count":0,"master_deck":["AscendersBane","Strike_R","Strike_R","Strike_R","Strike_R","Strike_R","Defend_R+1","Defend_R","Defend_R","Impervious+1","Flex+1","Armaments","Carnage+1","Disarm+1","Shrug It Off+1","Spot Weakness","Offering","Uppercut+1","Pummel+1","Blind","Shrug It Off","Exhume"],"relics":["Burning Blood","Golden Idol","Singing Bowl","Lantern","Self Forming Clay","Lizard Tail","Peace Pipe","The Courier","Kunai","War Paint"],"potions_floor_usage":[11,16,16,20,24],"damage_taken":[{"damage":7,"enemies":"Small Slimes","floor":1,"turns":4},{"damage":2,"enemies":"Jaw Worm","floor":3,"turns":4},{"damage":0,"enemies":"2 Louse","floor":5,"turns":3},{"damage":19,"enemies":"Gremlin Nob","floor":11,"turns":5},{"damage":3,"enemies":"Looter","floor":13,"turns":3},{"damage":4,"enemies":"The Guardian","floor":16,"turns":10},{"damage":7,"enemies":"2 Thieves","floor":18,"turns":4},{"damage":36,"enemies":"Colosseum Slavers","floor":20,"turns":6},{"damage":64,"enemies":"Colosseum Nobs","floor":20,"turns":7},{"damage":23,"enemies":"Spheric Guardian","floor":22,"turns":4},{"damage":39,"enemies":"Shelled Parasite and Fungi","floor":24,"turns":9},{"damage":21,"enemies":"Cultist and Chosen","floor":28,"turns":8},{"damage":16,"enemies":"Snecko","floor":29,"turns":3}],"seed_played":"8655949730067241549","potions_obtained":[{"floor":5,"key":"Block Potion"},{"floor":13,"key":"EntropicBrew"},{"floor":18,"key":"Block Potion"},{"floor":22,"key":"Energy Potion"}],"is_trial":false,"path_per_floor":["M","?","M","?","M","R","?","R","T","$","E","R","M","?","R","B",null,"M","?","?","$","M","R","M","?","T","R","M","M"],"character_chosen":"IRONCLAD","items_purchased":["Disarm","Kunai","Blind"],"campfire_rested":3,"item_purchase_floors":[10,21,21],"current_hp_per_floor":[71,57,61,50,56,56,38,38,38,38,25,25,28,10,31,33,62,61,61,42,42,25,46,15,8,8,30,15,0],"gold":108,"neow_bonus":"THREE_RARE_CARDS","is_prod":false,"is_daily":false,"chose_seed":false,"campfire_upgraded":3,"win_rate":0,"timestamp":1552826573,"path_taken":["M","?","M","?","M","R","?","R","T","$","E","R","M","?","R","BOSS","M","?","?","$","M","R","M","?","T","R","?","M"],"build_version":"2019-01-23","purchased_purges":1,"victory":false,"max_hp_per_floor":[72,72,72,72,72,72,72,72,72,72,72,72,72,72,72,72,72,72,72,72,72,72,72,74,74,74,74,74,74],"card_choices":[{"not_picked":["Dark Embrace","Demon Form"],"picked":"Impervious","floor":0},{"not_picked":["Pommel Strike","Iron Wave"],"picked":"Flex","floor":1},{"not_picked":["Wild Strike","Rupture"],"picked":"Armaments","floor":3},{"not_picked":["Clash","Sword Boomerang"],"picked":"Carnage","floor":5},{"not_picked":["Battle Trance","Feel No Pain"],"picked":"Shrug It Off","floor":11},{"not_picked":["Wild Strike","Flame Barrier"],"picked":"Spot Weakness","floor":13},{"not_picked":["Dark Embrace","Feed"],"picked":"Offering","floor":16},{"not_picked":["Bloodletting","Thunderclap"],"picked":"Uppercut+1","floor":18},{"not_picked":["Carnage","Cleave"],"picked":"Pummel+1","floor":20},{"not_picked":["Perfected Strike+1","Flex"],"picked":"Shrug It Off","floor":22},{"not_picked":["Heavy Blade","Rage","Power Through"],"picked":"Singing Bowl","floor":24},{"not_picked":["Clothesline+1","Blood for Blood"],"picked":"Exhume","floor":28}],"player_experience":542754,"relics_obtained":[{"floor":9,"key":"Singing Bowl"},{"floor":11,"key":"Lantern"},{"floor":20,"key":"Peace Pipe"},{"floor":20,"key":"The Courier"},{"floor":26,"key":"War Paint"}],"event_choices":[{"damage_healed":0,"gold_gain":0,"player_choice":"Entered Light","damage_taken":14,"max_hp_gain":0,"max_hp_loss":0,"event_name":"Shining Light","floor":2,"gold_loss":0,"cards_upgraded":["Impervious","Flex"]},{"damage_healed":0,"gold_gain":75,"player_choice":"Gather Gold","damage_taken":11,"max_hp_gain":0,"max_hp_loss":0,"event_name":"World of Goop","floor":4,"gold_loss":0},{"damage_healed":0,"gold_gain":0,"player_choice":"Take Damage","damage_taken":18,"relics_obtained":["Golden Idol"],"max_hp_gain":0,"max_hp_loss":0,"event_name":"Golden Idol","floor":7,"gold_loss":0},{"damage_healed":0,"gold_gain":0,"player_choice":"Success","damage_taken":18,"relics_obtained":["Self Forming Clay"],"max_hp_gain":0,"max_hp_loss":0,"event_name":"Scrap Ooze","floor":14,"gold_loss":0},{"cards_removed":["Bash"],"damage_healed":0,"gold_gain":0,"player_choice":"Gave Gold","damage_taken":0,"max_hp_gain":0,"max_hp_loss":0,"event_name":"Beggar","floor":19,"gold_loss":75},{"damage_healed":0,"gold_gain":0,"player_choice":"Fight","damage_taken":0,"max_hp_gain":0,"max_hp_loss":0,"event_name":"Colosseum","floor":20,"gold_loss":0},{"damage_healed":0,"gold_gain":0,"player_choice":"Fought Nobs","damage_taken":0,"max_hp_gain":0,"max_hp_loss":0,"event_name":"Colosseum","floor":20,"gold_loss":0},{"damage_healed":0,"gold_gain":0,"player_choice":"Damaged","damage_taken":7,"max_hp_gain":0,"max_hp_loss":0,"event_name":"Wheel of Change","floor":25,"gold_loss":0}],"is_beta":false,"boss_relics":[{"not_picked":["Ectoplasm","Runic Pyramid"],"picked":"Lizard Tail"}],"items_purged_floors":[10],"is_endless":false,"potions_floor_spawned":[5,13,18,20,22],"killed_by":"Snecko","ascension_level":11}