{"gold_per_floor":[115,390,404,418,436,436,450,156,183,263,263,263,276,451,451,548,548,564,564,577,577,588,588],"floor_reached":23,"playtime":1604,"items_purged":["Regret"],"score":183,"play_id":"73c9e87b-d002-4edc-a249-cb0716353af6","local_time":"20190317182529","is_ascension_mode":false,"campfire_choices":[{"data":"Limit Break","floor":6,"key":"SMITH"},{"data":"Rampage","floor":11,"key":"SMITH"},{"data":"Bash","floor":15,"key":"SMITH"}],"neow_cost":"NONE","seed_source_timestamp":74661394730355,"circlet_count":0,"master_deck":["Strike_R+1","Strike_R","Strike_R","Strike_R","Strike_R+1","Defend_R","Defend_R","Defend_R","Defend_R","Bash+1","Limit Break+1","Flex","Inflame","Clash","Clash","Rampage+1","Burning Pact","Dropkick","Reckless Charge","Iron Wave","Doubt","Feed","Metallicize+1","Pain","Pommel Strike","Headbutt"],"relics":["Burning Blood","Whetstone","Mercury Hourglass","Black Star","WarpedTongs","Boot"],"potions_floor_usage":[7,16,23],"damage_taken":[{"damage":8,"enemies":"2 Louse","floor":1,"turns":3},{"damage":0,"enemies":"Cultist","floor":3,"turns":2},{"damage":7,"enemies":"Jaw Worm","floor":4,"turns":4},{"damage":2,"enemies":"Large Slime","floor":5,"turns":4},{"damage":6,"enemies":"Gremlin Gang","floor":7,"turns":5},{"damage":14,"enemies":"3 Louse","floor":13,"turns":3},{"damage":67,"enemies":"Hexaghost","floor":16,"turns":9},{"damage":14,"enemies":"Spheric Guardian","floor":18,"turns":4},{"damage":34,"enemies":"2 Thieves","floor":20,"turns":4},{"damage":26,"enemies":"Chosen and Byrds","floor":22,"turns":7},{"damage":28,"enemies":"Gremlin Leader","floor":23,"turns":6}],"seed_played":"485778385264174656","potions_obtained":[{"floor":1,"key":"Block Potion"},{"floor":3,"key":"Ancient Potion"},{"floor":13,"key":"Fire Potion"},{"floor":16,"key":"GamblersBrew"},{"floor":22,"key":"LiquidBronze"}],"is_trial":false,"path_per_floor":["M","?","M","M","M","R","M","$","T","?","R","T","M","?","R","B",null,"M","?","M","?","M","E"],"character_chosen":"IRONCLAD","items_purchased":["Burning Pact","Dropkick","Reckless Charge"],"campfire_rested":0,"item_purchase_floors":[8,8,8],"current_hp_per_floor":[78,78,80,79,80,80,80,80,80,80,80,80,72,72,72,11,80,72,72,47,47,27,0],"gold":588,"neow_bonus":"ONE_RANDOM_RARE_CARD","is_prod":false,"is_daily":false,"chose_seed":false,"campfire_upgraded":3,"win_rate":0,"timestamp":1552857929,"path_taken":["M","?","?","M","M","R","M","$","T","?","R","?","M","?","R","BOSS","M","?","?","?","?","E"],"build_version":"2019-01-23","purchased_purges":1,"victory":false,"max_hp_per_floor":[80,80,80,80,80,80,80,80,80,80,80,80,80,80,80,80,80,80,80,83,83,83,83],"card_choices":[{"not_picked":["Seeing Red","Fire Breathing"],"picked":"Flex","floor":1},{"not_picked":["Armaments","Sword Boomerang"],"picked":"Inflame","floor":3},{"not_picked":["Clothesline","Searing Blow"],"picked":"Clash","floor":4},{"not_picked":["Whirlwind","Headbutt"],"picked":"Clash","floor":5},{"not_picked":["Fire Breathing","Clothesline"],"picked":"Rampage","floor":7},{"not_picked":["Dual Wield","True Grit"],"picked":"Iron Wave","floor":13},{"not_picked":["Dark Embrace","Brutality"],"picked":"Feed","floor":16},{"not_picked":["Iron Wave+1","Sword Boomerang"],"picked":"Metallicize+1","floor":18},{"not_picked":["Sword Boomerang","Iron Wave"],"picked":"Pommel Strike","floor":20},{"not_picked":["Twin Strike","Combust"],"picked":"Headbutt","floor":22}],"player_experience":22429,"relics_obtained":[{"floor":9,"key":"Whetstone"},{"floor":12,"key":"Mercury Hourglass"}],"event_choices":[{"damage_healed":0,"gold_gain":275,"player_choice":"Desecrate","damage_taken":0,"max_hp_gain":0,"max_hp_loss":0,"event_name":"Golden Shrine","floor":2,"gold_loss":0,"cards_obtained":["Regret"]},{"damage_healed":0,"gold_gain":80,"player_choice":"Gained Gold","damage_taken":0,"max_hp_gain":0,"max_hp_loss":0,"event_name":"Golden Wing","floor":10,"gold_loss":0},{"damage_healed":0,"gold_gain":175,"player_choice":"AGREE","damage_taken":0,"max_hp_gain":0,"max_hp_loss":0,"event_name":"Liars Game","floor":14,"gold_loss":0,"cards_obtained":["Doubt"]},{"damage_healed":0,"gold_gain":0,"player_choice":"Rummage","damage_taken":0,"relics_obtained":["WarpedTongs"],"max_hp_gain":0,"max_hp_loss":0,"event_name":"Accursed Blacksmith","floor":19,"gold_loss":0,"cards_obtained":["Pain"]},{"damage_healed":0,"gold_gain":0,"player_choice":"Gave Potion","damage_taken":0,"relics_obtained":["Boot"],"max_hp_gain":0,"max_hp_loss":0,"event_name":"WeMeetAgain","floor":21,"gold_loss":0}],"is_beta":false,"boss_relics":[{"not_picked":["Sozu","Calling Bell"],"picked":"Black Star"}],"items_purged_floors":[8],"is_endless":false,"potions_floor_spawned":[1,3,13,16,22],"killed_by":"Gremlin Leader","ascension_level":0}