{"gold_per_floor":[109,125,141,154,167,202,213,246,246,246,246,246,211,211,211,314,314,325,325,33,33,33],"floor_reached":22,"playtime":771,"items_purged":[],"score":219,"play_id":"4dfd3f02-cf21-46ff-8f7f-640514b86334","local_time":"20190315222953","is_ascension_mode":false,"campfire_choices":[{"floor":10,"key":"REST"},{"data":"Loop","floor":12,"key":"SMITH"},{"floor":15,"key":"RECALL"}],"neow_cost":"NONE","seed_source_timestamp":211787072636382,"circlet_count":0,"master_deck":["Defend_B","Defend_B","Defend_B","Defend_B","Zap","Dualcast","Chaos","Doom and Gloom","Leap","Hologram","Conserve Battery","Loop+1","Static Discharge","Parasite","Buffer","Defragment","Bite","Bite","Bite","Bite","Bite"],"relics":["Cracked Core","Nunchaku","Vajra","Coffee Dripper","Torii"],"potions_floor_usage":[3,6,8],"damage_taken":[{"damage":0,"enemies":"Cultist","floor":1,"turns":4},{"damage":1,"enemies":"2 Louse","floor":2,"turns":2},{"damage":7,"enemies":"Jaw Worm","floor":3,"turns":4},{"damage":9,"enemies":"2 Fungi Beasts","floor":4,"turns":3},{"damage":0,"enemies":"3 Louse","floor":5,"turns":2},{"damage":31,"enemies":"3 Sentries","floor":6,"turns":5},{"damage":11,"enemies":"Large Slime","floor":7,"turns":6},{"damage":17,"enemies":"Gremlin Nob","floor":8,"turns":4},{"damage":40,"enemies":"The Guardian","floor":16,"turns":10},{"damage":13,"enemies":"Spheric Guardian","floor":18,"turns":6},{"damage":10,"enemies":"Shell Parasite","floor":22,"turns":4}],"seed_played":"7356805145449335183","potions_obtained":[{"floor":2,"key":"Fire Potion"},{"floor":3,"key":"Fruit Juice"},{"floor":7,"key":"Fire Potion"},{"floor":8,"key":"SteroidPotion"},{"floor":18,"key":"FocusPotion"}],"is_trial":false,"path_per_floor":["M","M","M","M","M","E","M","E","T","R","?","R","?","?","R","B",null,"M","?","$","?","M"],"character_chosen":"DEFECT","items_purchased":["Torii"],"campfire_rested":1,"item_purchase_floors":[20],"current_hp_per_floor":[75,74,72,63,63,32,21,4,4,28,28,28,48,68,68,28,80,67,67,67,56,46],"gold":33,"neow_bonus":"TRANSFORM_CARD","is_prod":false,"is_daily":false,"chose_seed":false,"campfire_upgraded":1,"win_rate":0,"timestamp":1552714193,"path_taken":["M","M","M","M","M","E","M","E","T","R","?","R","?","?","R","BOSS","M","?","$","?","M"],"build_version":"2019-01-23","purchased_purges":0,"victory":false,"max_hp_per_floor":[75,75,80,80,80,80,80,80,80,80,80,80,80,80,80,80,80,80,80,80,56,56],"card_choices":[{"not_picked":["Hologram","BootSequence"],"picked":"Doom and Gloom","floor":1},{"not_picked":["Redo","Sweeping Beam"],"picked":"Leap","floor":2},{"not_picked":["Reprogram","Reinforced Body"],"picked":"Hologram","floor":3},{"not_picked":["Reprogram","Sweeping Beam"],"picked":"Conserve Battery","floor":4},{"not_picked":["Aggregate","Rebound","Rip and Tear"],"picked":"SKIP","floor":5},{"not_picked":["Melter","Steam Power"],"picked":"Loop","floor":6},{"not_picked":["Beam Cell","Barrage","Steam"],"picked":"SKIP","floor":7},{"not_picked":["Sweeping Beam","Go for the Eyes"],"picked":"Static Discharge","floor":8},{"not_picked":["Core Surge","Electrodynamics"],"picked":"Buffer","floor":16},{"not_picked":["Heatsinks","Hologram","FTL+1"],"picked":"SKIP","floor":18}],"player_experience":483484,"relics_obtained":[{"floor":6,"key":"Nunchaku"},{"floor":8,"key":"Vajra"}],"event_choices":[{"damage_healed":0,"gold_gain":0,"player_choice":"Ignored","damage_taken":0,"max_hp_gain":0,"max_hp_loss":0,"event_name":"Liars Game","floor":11,"gold_loss":0},{"damage_healed":20,"gold_gain":0,"player_choice":"Healed","damage_taken":0,"max_hp_gain":0,"max_hp_loss":0,"event_name":"The Cleric","floor":13,"gold_loss":35},{"damage_healed":20,"gold_gain":0,"player_choice":"Healed and dodged fight","damage_taken":0,"max_hp_gain":0,"max_hp_loss":0,"event_name":"Mushrooms","floor":14,"gold_loss":0,"cards_obtained":["Parasite"]},{"damage_healed":0,"gold_gain":0,"player_choice":"Read","damage_taken":0,"max_hp_gain":0,"max_hp_loss":0,"event_name":"The Library","floor":19,"gold_loss":0,"cards_obtained":["Defragment"]},{"damage_healed":0,"gold_gain":0,"player_choice":"Became a vampire","damage_taken":0,"max_hp_gain":0,"max_hp_loss":24,"event_name":"Vampires","floor":21,"gold_loss":0,"cards_obtained":["Bite","Bite","Bite","Bite","Bite"]}],"is_beta":false,"boss_relics":[{"not_picked":["FrozenCore","Ectoplasm"],"picked":"Coffee Dripper"}],"items_purged_floors":[],"is_endless":false,"potions_floor_spawned":[2,3,7,8,18],"killed_by":"Shell Parasite","ascension_level":0}