{"gold_per_floor":[111,286,27,27,44,44,44,70,70,70,70,70,100,120,120,221,221,221,146,146,146,146,146,46,46,46,46,46,46,46,46,46,46,46,46,46,0,0,0,0,0,0,0,0,0,0,0,0,0,0],"floor_reached":50,"playtime":2349,"items_purged":["Doubt","Parasite"],"score":785,"play_id":"14f5d32a-91e0-42fd-8c1f-78c999dabee1","local_time":"20190310235025","is_ascension_mode":true,"campfire_choices":[{"data":"Neutralize","floor":6,"key":"SMITH"},{"data":"Accuracy","floor":10,"key":"SMITH"},{"data":"Cloak And Dagger","floor":15,"key":"SMITH"},{"data":"Envenom","floor":32,"key":"SMITH"},{"data":"Dash","floor":40,"key":"SMITH"},{"floor":47,"key":"RECALL"},{"floor":49,"key":"REST"}],"neow_cost":"NONE","seed_source_timestamp":789245757196900,"circlet_count":0,"master_deck":["Defend_G","Defend_G","Defend_G+1","Defend_G","Strike_G","Strike_G","Strike_G","Survivor","Neutralize+1","Accuracy+1","Dash+1","Blade Dance+1","Cloak And Dagger+1","Backflip","Die Die Die","Terror+1","Envenom+1","Malaise+1","Backstab","Cloak And Dagger+1","Noxious Fumes+1","Noxious Fumes+1","Infinite Blades+1","Dodge and Roll+1","Tools of the Trade"],"relics":["Ring of the Snake","PreservedInsect","Ninja Scroll","Kunai","Paper Crane","Ectoplasm","Ancient Tea Set","Toxic Egg 2","War Paint","Lantern","Tiny House","WingedGreaves","Red Mask","Darkstone Periapt","Blue Candle"],"potions_floor_usage":[13,16,19,30,31,33,33,33,35,35,35,44,46],"damage_taken":[{"damage":5,"enemies":"Cultist","floor":1,"turns":6},{"damage":2,"enemies":"Jaw Worm","floor":5,"turns":8},{"damage":22,"enemies":"Lagavulin","floor":8,"turns":8},{"damage":3,"enemies":"3 Sentries","floor":13,"turns":4},{"damage":0,"enemies":"Small Slimes","floor":14,"turns":1},{"damage":14,"enemies":"The Guardian","floor":16,"turns":10},{"damage":0,"enemies":"Spheric Guardian","floor":18,"turns":1},{"damage":0,"enemies":"2 Thieves","floor":19,"turns":5},{"damage":11,"enemies":"Snake Plant","floor":21,"turns":5},{"damage":0,"enemies":"Book of Stabbing","floor":23,"turns":3},{"damage":0,"enemies":"Centurion and Healer","floor":25,"turns":4},{"damage":2,"enemies":"3 Cultists","floor":28,"turns":5},{"damage":0,"enemies":"Shelled Parasite and Fungi","floor":29,"turns":4},{"damage":12,"enemies":"Gremlin Leader","floor":30,"turns":4},{"damage":0,"enemies":"Centurion and Healer","floor":31,"turns":4},{"damage":14,"enemies":"Champ","floor":33,"turns":18},{"damage":7,"enemies":"3 Darklings","floor":35,"turns":8},{"damage":0,"enemies":"Mind Bloom Boss Battle","floor":36,"turns":7},{"damage":2,"enemies":"3 Shapes","floor":41,"turns":5},{"damage":8,"enemies":"Giant Head","floor":42,"turns":6},{"damage":5,"enemies":"Jaw Worm Horde","floor":44,"turns":4},{"damage":0,"enemies":"Spire Growth","floor":46,"turns":4},{"damage":64,"enemies":"Donu and Deca","floor":50,"turns":6}],"seed_played":"4899416918011673717","potions_obtained":[{"floor":12,"key":"AttackPotion"},{"floor":12,"key":"EssenceOfSteel"},{"floor":12,"key":"SteroidPotion"},{"floor":13,"key":"SteroidPotion"},{"floor":16,"key":"SneckoOil"},{"floor":23,"key":"EntropicBrew"},{"floor":29,"key":"EssenceOfSteel"},{"floor":30,"key":"SpeedPotion"},{"floor":33,"key":"LiquidBronze"},{"floor":36,"key":"Weak Potion"},{"floor":41,"key":"Weak Potion"},{"floor":42,"key":"AttackPotion"}],"is_trial":false,"path_per_floor":["M","?","$","?","M","R","?","E","T","R","?","?","E","M","R","B",null,"M","M","T","M","?","E","$","M","T","?","M","M","E","M","R","B",null,"M","?","?","$","?","R","M","E","T","M","?","M","R","?","R","B"],"character_chosen":"THE_SILENT","items_purchased":["PreservedInsect","Dash"],"campfire_rested":1,"item_purchase_floors":[3,3],"current_hp_per_floor":[58,58,58,58,56,56,49,27,27,27,44,44,41,41,41,27,59,59,59,59,48,48,48,48,48,48,48,46,46,34,34,34,32,63,56,56,56,56,56,56,54,46,46,41,41,41,41,41,62,0],"gold":0,"neow_bonus":"TRANSFORM_CARD","is_prod":false,"is_daily":false,"chose_seed":false,"campfire_upgraded":5,"win_rate":0,"timestamp":1552287025,"path_taken":["M","?","$","?","?","R","?","E","T","R","?","?","E","M","R","BOSS","M","M","?","M","?","E","$","?","T","?","M","M","E","?","R","BOSS","M","?","?","?","?","R","M","E","T","?","?","?","R","?","R","BOSS"],"build_version":"2019-01-23","purchased_purges":2,"victory":false,"max_hp_per_floor":[70,70,70,70,70,70,70,70,70,70,70,70,70,70,70,70,70,70,70,70,70,70,70,67,67,67,67,67,67,67,67,67,67,72,72,72,72,72,72,72,72,72,72,72,72,72,72,72,72,72],"card_choices":[{"not_picked":["Underhanded Strike","Escape Plan","Dagger Throw"],"picked":"SKIP","floor":1},{"not_picked":["Finisher","Deadly Poison","Quick Slash"],"picked":"SKIP","floor":5},{"not_picked":["Predator","Deflect"],"picked":"Blade Dance","floor":8},{"not_picked":["Dagger Throw","Deflect"],"picked":"Cloak And Dagger","floor":13},{"not_picked":["Deflect","Heel Hook"],"picked":"Backflip","floor":14},{"not_picked":["Adrenaline","Phantasmal Killer"],"picked":"Die Die Die","floor":16},{"not_picked":["Choke","Quick Slash+1","Deflect"],"picked":"SKIP","floor":18},{"not_picked":["Crippling Poison","Sucker Punch"],"picked":"Terror","floor":19},{"not_picked":["Calculated Gamble","Dagger Throw","Crippling Poison"],"picked":"SKIP","floor":21},{"not_picked":["Underhanded Strike","PiercingWail+1","Poisoned Stab"],"picked":"SKIP","floor":23},{"not_picked":["Backflip+1","Flying Knee","Noxious Fumes"],"picked":"SKIP","floor":25},{"not_picked":["Underhanded Strike+1","Blade Dance+1"],"picked":"Envenom","floor":28},{"not_picked":["Setup+1","Quick Slash","Underhanded Strike"],"picked":"SKIP","floor":29},{"not_picked":["Well Laid Plans+1","Quick Slash","Riddle With Holes"],"picked":"SKIP","floor":30},{"not_picked":["Endless Agony+1","Deadly Poison+1","Sucker Punch"],"picked":"SKIP","floor":31},{"not_picked":["Storm of Steel+1","Glass Knife"],"picked":"Malaise+1","floor":33},{"not_picked":["Poisoned Stab+1","Concentrate+1"],"picked":"Backstab","floor":34},{"not_picked":["Bouncing Flask+1","Backflip+1"],"picked":"Cloak And Dagger+1","floor":35},{"not_picked":["Dagger Spray+1","Dagger Throw+1"],"picked":"Noxious Fumes+1","floor":36},{"not_picked":["Outmaneuver+1","Distraction+1"],"picked":"Infinite Blades+1","floor":41},{"not_picked":["Prepared+1","Dagger Throw+1","Acrobatics+1"],"picked":"SKIP","floor":42},{"not_picked":["Backflip+1","Terror+1","Flying Knee+1"],"picked":"SKIP","floor":44},{"not_picked":["Slice","Heel Hook+1"],"picked":"Dodge and Roll+1","floor":46}],"player_experience":1264592,"relics_obtained":[{"floor":8,"key":"Kunai"},{"floor":13,"key":"Paper Crane"},{"floor":20,"key":"Ancient Tea Set"},{"floor":23,"key":"Toxic Egg 2"},{"floor":26,"key":"War Paint"},{"floor":30,"key":"Lantern"},{"floor":36,"key":"WingedGreaves"},{"floor":42,"key":"Darkstone Periapt"},{"floor":43,"key":"Blue Candle"}],"event_choices":[{"damage_healed":0,"gold_gain":175,"player_choice":"AGREE","damage_taken":0,"max_hp_gain":0,"max_hp_loss":0,"event_name":"Liars Game","floor":2,"gold_loss":0,"cards_obtained":["Doubt"]},{"damage_healed":0,"gold_gain":0,"cards_transformed":["Strike_G"],"player_choice":"Transformed","damage_taken":0,"max_hp_gain":0,"max_hp_loss":0,"event_name":"Transmorgrifier","floor":4,"gold_loss":0,"cards_obtained":["Grand Finale"]},{"damage_healed":0,"gold_gain":0,"player_choice":"Success","damage_taken":7,"relics_obtained":["Ninja Scroll"],"max_hp_gain":0,"max_hp_loss":0,"event_name":"Scrap Ooze","floor":7,"gold_loss":0},{"damage_healed":17,"gold_gain":0,"player_choice":"Healed and dodged fight","damage_taken":0,"max_hp_gain":0,"max_hp_loss":0,"event_name":"Mushrooms","floor":11,"gold_loss":0,"cards_obtained":["Parasite"]},{"damage_healed":0,"gold_gain":0,"player_choice":"Got Potions","damage_taken":0,"max_hp_gain":0,"max_hp_loss":0,"event_name":"Lab","floor":12,"gold_loss":0},{"damage_healed":0,"gold_gain":0,"player_choice":"Ignored","damage_taken":0,"max_hp_gain":0,"max_hp_loss":0,"event_name":"N\u0027loth","floor":22,"gold_loss":0},{"cards_removed":["Grand Finale"],"damage_healed":0,"gold_gain":0,"player_choice":"Purged","damage_taken":0,"max_hp_gain":0,"max_hp_loss":0,"event_name":"Purifier","floor":27,"gold_loss":0},{"damage_healed":0,"gold_gain":0,"player_choice":"Fight","damage_taken":0,"max_hp_gain":0,"max_hp_loss":0,"event_name":"MindBloom","floor":36,"gold_loss":0},{"damage_healed":0,"gold_gain":0,"player_choice":"Paid","damage_taken":0,"relics_obtained":["Red Mask"],"max_hp_gain":0,"max_hp_loss":0,"event_name":"Tomb of Lord Red Mask","floor":37,"gold_loss":46},{"damage_healed":0,"gold_gain":0,"player_choice":"Copied","damage_taken":0,"max_hp_gain":0,"max_hp_loss":0,"event_name":"Duplicator","floor":39,"gold_loss":0,"cards_obtained":["Noxious Fumes"]},{"damage_healed":0,"gold_gain":0,"player_choice":"Ignored","damage_taken":0,"max_hp_gain":0,"max_hp_loss":0,"event_name":"SecretPortal","floor":45,"gold_loss":0},{"damage_healed":0,"gold_gain":0,"cards_transformed":["Defend_G"],"player_choice":"Transformed","damage_taken":0,"max_hp_gain":0,"max_hp_loss":0,"event_name":"Transmorgrifier","floor":48,"gold_loss":0,"cards_obtained":["Tools of the Trade"]}],"is_beta":false,"boss_relics":[{"not_picked":["HoveringKite","Coffee Dripper"],"picked":"Ectoplasm"},{"not_picked":["Cursed Key","White Beast Statue"],"picked":"Tiny House"}],"items_purged_floors":[3,24],"is_endless":false,"potions_floor_spawned":[13,16,23,29,30,33,36,41,42],"killed_by":"Donu and Deca","ascension_level":8}