{"gold_per_floor":[110,125,200,219,169,199,199,214,214,139,161,161,171,181,181,284,284,301,10,27,27,27,27,41,74,99,99,118,118,130,140,140,140],"floor_reached":33,"playtime":1538,"items_purged":["Strike_B","Strike_B"],"score":269,"play_id":"e41850e0-2442-4bd2-90bf-e3ccf18875cb","local_time":"20190307204024","is_ascension_mode":false,"campfire_choices":[{"floor":7,"key":"RECALL"},{"data":"White Noise","floor":12,"key":"SMITH"},{"floor":15,"key":"REST"},{"floor":23,"key":"REST"},{"floor":29,"key":"REST"},{"floor":32,"key":"REST"}],"neow_cost":"NONE","seed_source_timestamp":944602533515,"circlet_count":0,"master_deck":["Strike_B","Defend_B","Defend_B","Defend_B","Defend_B","Zap","Dualcast","Cold Snap","Darkness","Leap","White Noise+1","Go for the Eyes","Cold Snap","Turbo","Loop+1","Multi-Cast","Chaos","Loop","Doom and Gloom","Redo","Ball Lightning+1","Undo+1"],"relics":["Cracked Core","Cables","Odd Mushroom","Velvet Choker","Enchiridion","Turnip","Bag of Preparation"],"potions_floor_usage":[6,16,25,25,33],"damage_taken":[{"damage":1,"enemies":"Jaw Worm","floor":1,"turns":3},{"damage":4,"enemies":"2 Louse","floor":2,"turns":3},{"damage":0,"enemies":"Cultist","floor":4,"turns":3},{"damage":2,"enemies":"3 Sentries","floor":6,"turns":8},{"damage":2,"enemies":"Large Slime","floor":8,"turns":6},{"damage":12,"enemies":"The Mushroom Lair","floor":11,"turns":4},{"damage":0,"enemies":"2 Fungi Beasts","floor":13,"turns":2},{"damage":8,"enemies":"Gremlin Gang","floor":14,"turns":3},{"damage":41,"enemies":"Hexaghost","floor":16,"turns":12},{"damage":5,"enemies":"Chosen","floor":18,"turns":3},{"damage":15,"enemies":"2 Thieves","floor":20,"turns":2},{"damage":6,"enemies":"Cultist and Chosen","floor":24,"turns":6},{"damage":21,"enemies":"Slavers","floor":25,"turns":4},{"damage":33,"enemies":"Centurion and Healer","floor":28,"turns":5},{"damage":6,"enemies":"Snecko","floor":30,"turns":3},{"damage":3,"enemies":"Sentry and Sphere","floor":31,"turns":4},{"damage":34,"enemies":"Collector","floor":33,"turns":10}],"seed_played":"6468458931074439065","potions_obtained":[{"floor":4,"key":"Explosive Potion"},{"floor":8,"key":"FearPotion"},{"floor":13,"key":"Poison Potion"},{"floor":14,"key":"Block Potion"},{"floor":28,"key":"FearPotion"},{"floor":30,"key":"FearPotion"},{"floor":31,"key":"SneckoOil"}],"is_trial":false,"path_per_floor":["M","M","?","M","?","E","R","M","T","$","?","R","M","M","R","B",null,"M","$","M","?","?","R","M","E","T","?","M","R","M","M","R","B"],"character_chosen":"DEFECT","items_purchased":["Chaos","Loop","Doom and Gloom"],"campfire_rested":4,"item_purchase_floors":[19,19,19],"current_hp_per_floor":[81,77,66,66,66,64,64,62,62,62,50,50,50,42,66,25,82,77,77,62,46,46,70,64,43,43,43,10,34,28,25,49,15],"gold":140,"neow_bonus":"TEN_PERCENT_HP_BONUS","is_prod":false,"is_daily":false,"chose_seed":false,"campfire_upgraded":1,"win_rate":0,"timestamp":1551991224,"path_taken":["M","M","?","M","?","E","R","M","T","$","?","R","?","M","R","BOSS","M","$","M","?","?","R","M","E","T","?","?","R","M","M","R","BOSS"],"build_version":"2019-01-23","purchased_purges":2,"victory":false,"max_hp_per_floor":[82,82,82,82,82,82,82,82,82,82,82,82,82,82,82,82,82,82,82,82,82,82,82,82,82,82,82,82,82,82,82,82,82],"card_choices":[{"not_picked":["Turbo","FTL"],"picked":"Cold Snap","floor":1},{"not_picked":["Stack","BootSequence"],"picked":"Darkness","floor":2},{"not_picked":["Blizzard","Compile Driver"],"picked":"Leap","floor":4},{"not_picked":["Hologram","Gash"],"picked":"White Noise","floor":6},{"not_picked":["Force Field","Steam"],"picked":"Go for the Eyes","floor":8},{"not_picked":["Biased Cognition","Beam Cell"],"picked":"Cold Snap","floor":11},{"not_picked":["Gash","Sunder"],"picked":"Turbo","floor":13},{"not_picked":["Coolheaded","Cold Snap"],"picked":"Loop","floor":14},{"not_picked":["Meteor Strike","Biased Cognition"],"picked":"Multi-Cast","floor":16},{"not_picked":["Coolheaded","Rip and Tear","Streamline"],"picked":"SKIP","floor":18},{"not_picked":["Coolheaded","Barrage"],"picked":"Redo","floor":20},{"not_picked":["Tempest","Hello World","Streamline+1"],"picked":"SKIP","floor":24},{"not_picked":["Melter","Lockon"],"picked":"Ball Lightning+1","floor":25},{"not_picked":["BootSequence","Go for the Eyes"],"picked":"Undo+1","floor":28},{"not_picked":["Hologram","Core Surge","Barrage"],"picked":"SKIP","floor":30},{"not_picked":["Turbo","Rebound","Undo"],"picked":"SKIP","floor":31}],"player_experience":75140,"relics_obtained":[{"floor":6,"key":"Cables"},{"floor":11,"key":"Odd Mushroom"},{"floor":21,"key":"Enchiridion"},{"floor":25,"key":"Turnip"},{"floor":26,"key":"Bag of Preparation"}],"event_choices":[{"damage_healed":0,"gold_gain":75,"player_choice":"Gather Gold","damage_taken":11,"max_hp_gain":0,"max_hp_loss":0,"event_name":"World of Goop","floor":3,"gold_loss":0},{"cards_removed":["Strike_B"],"damage_healed":0,"gold_gain":0,"player_choice":"Card Removal","damage_taken":0,"max_hp_gain":0,"max_hp_loss":0,"event_name":"The Cleric","floor":5,"gold_loss":50},{"damage_healed":0,"gold_gain":0,"player_choice":"Fought Mushrooms","damage_taken":0,"max_hp_gain":0,"max_hp_loss":0,"event_name":"Mushrooms","floor":11,"gold_loss":0},{"damage_healed":0,"gold_gain":0,"player_choice":"Obtained Book","damage_taken":16,"max_hp_gain":0,"max_hp_loss":0,"event_name":"Cursed Tome","floor":21,"gold_loss":0},{"damage_healed":0,"gold_gain":0,"player_choice":"Ignored","damage_taken":0,"max_hp_gain":0,"max_hp_loss":0,"event_name":"Vampires","floor":22,"gold_loss":0},{"damage_healed":0,"gold_gain":0,"player_choice":"Upgraded","damage_taken":0,"max_hp_gain":0,"max_hp_loss":0,"event_name":"Upgrade Shrine","floor":27,"gold_loss":0,"cards_upgraded":["Loop"]}],"is_beta":false,"boss_relics":[{"not_picked":["Runic Pyramid","FrozenCore"],"picked":"Velvet Choker"}],"items_purged_floors":[10,19],"is_endless":false,"potions_floor_spawned":[4,8,13,14,28,30,31],"killed_by":"Collector","ascension_level":0}