{"gold_per_floor":[118,137,62,62,80,80,30,30,30,44,44],"floor_reached":11,"playtime":418,"items_purged":["Defend_B"],"score":76,"play_id":"26dde220-21a4-452d-966f-4c4b2cd282e7","local_time":"20190215150836","is_ascension_mode":true,"campfire_choices":[{"data":"Zap","floor":6,"key":"SMITH"},{"data":"Good Instincts","floor":8,"key":"SMITH"}],"neow_cost":"PERCENT_DAMAGE","seed_source_timestamp":104684162113903,"circlet_count":0,"master_deck":["Strike_B","Strike_B","Strike_B","Strike_B","Defend_B","Defend_B","Defend_B","Zap+1","Dualcast","Master of Strategy","Good Instincts+1","Leap","Coolheaded","Coolheaded","Blizzard"],"relics":["Cracked Core","Strawberry","Question Card"],"potions_floor_usage":[11],"damage_taken":[{"damage":0,"enemies":"Cultist","floor":1,"turns":2},{"damage":0,"enemies":"2 Louse","floor":2,"turns":2},{"damage":4,"enemies":"Jaw Worm","floor":5,"turns":5},{"damage":26,"enemies":"Exordium Thugs","floor":10,"turns":5},{"damage":36,"enemies":"Gremlin Nob","floor":11,"turns":4}],"seed_played":"-4280431025271338365","potions_obtained":[{"floor":1,"key":"Block Potion"},{"floor":2,"key":"FocusPotion"},{"floor":10,"key":"FocusPotion"}],"is_trial":false,"path_per_floor":["M","M","$","?","M","R","?","R","T","M","E"],"character_chosen":"DEFECT","items_purchased":[],"campfire_rested":0,"item_purchase_floors":[],"current_hp_per_floor":[54,54,54,61,57,57,57,57,57,31,0],"gold":44,"neow_bonus":"RANDOM_COLORLESS_2","is_prod":false,"is_daily":false,"chose_seed":false,"campfire_upgraded":2,"win_rate":0,"timestamp":1550272116,"path_taken":["M","?","$","?","M","R","?","R","T","M","E"],"build_version":"2019-01-23","purchased_purges":1,"victory":false,"max_hp_per_floor":[75,75,75,82,82,82,82,82,82,82,82],"card_choices":[{"not_picked":["Turbo","Streamline"],"picked":"Leap","floor":1},{"not_picked":["Blizzard","Stack"],"picked":"Coolheaded","floor":2},{"not_picked":["Streamline","Ball Lightning"],"picked":"Coolheaded","floor":5},{"not_picked":["Turbo","Hologram","Gash"],"picked":"Blizzard","floor":10}],"player_experience":287795,"relics_obtained":[{"floor":9,"key":"Question Card"}],"event_choices":[{"damage_healed":0,"gold_gain":0,"player_choice":"Box","damage_taken":0,"relics_obtained":["Strawberry"],"max_hp_gain":0,"max_hp_loss":0,"event_name":"Big Fish","floor":4,"gold_loss":0,"cards_obtained":["Regret"]},{"cards_removed":["Regret"],"damage_healed":0,"gold_gain":0,"player_choice":"Card Removal","damage_taken":0,"max_hp_gain":0,"max_hp_loss":0,"event_name":"The Cleric","floor":7,"gold_loss":50}],"is_beta":false,"boss_relics":[],"items_purged_floors":[3],"is_endless":false,"potions_floor_spawned":[1,2,10],"killed_by":"Gremlin Nob","ascension_level":4}