{"gold_per_floor":[116,42,61,77,77,77,77,77,77,25,44,54,65,81,81,185,185,196,196,215,215,29,29,43,53,53,53,53,85,85,3,3,101,101,113,113,126,139,0,0,20,20,43,57,57,57],"floor_reached":46,"playtime":2994,"items_purged":["Strike_G"],"score":518,"play_id":"9d29a726-5d89-4698-9781-3e95b9be5d46","local_time":"20190319000306","is_ascension_mode":true,"campfire_choices":[{"data":"Blur","floor":6.0,"key":"SMITH"},{"data":"Bouncing Flask","floor":8.0,"key":"SMITH"},{"floor":15,"key":"REST"},{"data":"After Image","floor":23,"key":"SMITH"},{"floor":28,"key":"REST"},{"floor":30,"key":"REST"},{"floor":32,"key":"REST"},{"data":"After Image","floor":40,"key":"SMITH"},{"data":"Footwork","floor":42,"key":"SMITH"}],"neow_cost":"NONE","seed_source_timestamp":0,"circlet_count":0,"master_deck":["Defend_G","Defend_G","Defend_G","Strike_G+1","Survivor","Neutralize+1","Accuracy","Bouncing Flask+1","Well Laid Plans","Blur+1","PiercingWail+1","Crippling Poison+1","Dodge and Roll+1","Backflip+1","After Image+1","Escape Plan+1","Infinite Blades+1","Leg Sweep+1","Footwork+1","Blur+1","Accuracy","PiercingWail+1","Envenom","Predator+1","Catalyst+1","Infinite Blades+1","Backflip+1","Backflip+1","After Image+1","Deadly Poison+1"],"special_seed":0,"relics":["Ring of the Snake","NeowsBlessing","Toxic Egg 2","Empty Cage","FaceOfCleric","Bottled Tornado","Prayer Wheel","Sozu","Whetstone"],"potions_floor_usage":[33,44],"damage_taken":[{"damage":0.0,"enemies":"2 Louse","floor":1.0,"turns":1.0},{"damage":0.0,"enemies":"Jaw Worm","floor":3.0,"turns":1.0},{"damage":0.0,"enemies":"Cultist","floor":4.0,"turns":1.0},{"damage":16.0,"enemies":"Lots of Slimes","floor":11.0,"turns":4.0},{"damage":0.0,"enemies":"3 Louse","floor":12.0,"turns":3.0},{"damage":7.0,"enemies":"Gremlin Gang","floor":13.0,"turns":4.0},{"damage":6.0,"enemies":"Exordium Thugs","floor":14.0,"turns":6.0},{"damage":21,"enemies":"The Guardian","floor":16,"turns":10},{"damage":8,"enemies":"Shell Parasite","floor":18,"turns":5},{"damage":18,"enemies":"Colosseum Slavers","floor":19,"turns":5},{"damage":3,"enemies":"Chosen","floor":20,"turns":9},{"damage":12,"enemies":"Snake Plant","floor":24,"turns":7},{"damage":8,"enemies":"Centurion and Healer","floor":25,"turns":10},{"damage":20,"enemies":"Book of Stabbing","floor":29,"turns":7},{"damage":21,"enemies":"Champ","floor":33,"turns":15},{"damage":0,"enemies":"3 Shapes","floor":35,"turns":6},{"damage":2,"enemies":"Orb Walker","floor":37,"turns":4},{"damage":6,"enemies":"Spire Growth","floor":38,"turns":5},{"damage":0,"enemies":"Sphere and 2 Shapes","floor":41,"turns":9},{"damage":32,"enemies":"Transient","floor":44,"turns":5},{"damage":42,"enemies":"Reptomancer","floor":46,"turns":2}],"seed_played":"111250312823615093","potions_obtained":[{"floor":3.0,"key":"AttackPotion"},{"floor":11.0,"key":"Ancient Potion"},{"floor":14,"key":"Fire Potion"},{"floor":16,"key":"PowerPotion"}],"is_trial":false,"path_per_floor":["M","$","M","M","?","R","?","R","T","$","M","M","M","M","R","B",null,"M","?","M","?","$","R","M","M","T","$","R","E","R","$","R","B",null,"M","?","M","M","$","R","M","R","T","M","?","E"],"character_chosen":"THE_SILENT","items_purchased":["Bouncing Flask","PiercingWail+1","Leg Sweep+1","Footwork","Accuracy","PiercingWail+1","After Image"],"campfire_rested":4,"item_purchase_floors":[2,10,22,22,31,31,39],"current_hp_per_floor":[70,70,70,70,70,70,63,63,63,63,47,47,40,34,55,34,70,62,44,41,41,41,41,30,23,23,23,44,25,46,46,67,47,74,75,75,74,69,69,69,70,70,70,39,39,0],"gold":57,"neow_bonus":"THREE_ENEMY_KILL","is_prod":false,"is_daily":false,"chose_seed":false,"campfire_upgraded":5,"win_rate":0,"timestamp":1552968186,"path_taken":["M","$","M","M","?","R","?","R","T","?","M","M","M","M","R","BOSS","M","?","M","?","$","R","M","?","T","?","R","E","R","$","R","BOSS","M","?","M","M","$","R","M","R","T","?","?","E"],"build_version":"2019-01-23","purchased_purges":1,"victory":false,"max_hp_per_floor":[70,70,70,70,70,70,70,70,70,70,70,70,70,70,70,70,70,70,70,70,70,70,70,71,72,72,72,72,73,73,73,73,74,74,75,75,76,77,77,77,78,78,78,79,79,79],"card_choices":[{"not_picked":["Slice","Quick Slash"],"picked":"Accuracy","floor":1.0},{"not_picked":["Deflect","Prepared"],"picked":"Well Laid Plans","floor":3.0},{"not_picked":["Deadly Poison","Backflip"],"picked":"Blur","floor":4.0},{"not_picked":["Sucker Punch","Burst+1"],"picked":"Crippling Poison+1","floor":11.0},{"not_picked":["Riddle With Holes","Expertise+1"],"picked":"Dodge and Roll+1","floor":12.0},{"not_picked":["Sucker Punch","Cloak And Dagger+1","Acrobatics+1"],"picked":"SKIP","floor":13.0},{"not_picked":["Sucker Punch","Masterful Stab"],"picked":"Backflip+1","floor":14},{"not_picked":["Phantasmal Killer+1","Envenom"],"picked":"After Image","floor":16},{"not_picked":["Deadly Poison+1","Tactician+1"],"picked":"Escape Plan+1","floor":18},{"not_picked":["Cloak And Dagger+1","Deadly Poison+1"],"picked":"Infinite Blades+1","floor":20},{"not_picked":["Prepared+1","Tactician+1","Eviscerate"],"picked":"SKIP","floor":24},{"not_picked":["Concentrate+1","Underhanded Strike"],"picked":"Blur+1","floor":25},{"not_picked":["Skewer","Finisher+1","Setup+1"],"picked":"SKIP","floor":29},{"not_picked":["Night Terror+1","Phantasmal Killer+1"],"picked":"Envenom","floor":33},{"not_picked":["Deflect+1","Bane+1"],"picked":"Predator+1","floor":35},{"not_picked":["Dodge and Roll+1","Backflip+1"],"picked":"Catalyst+1","floor":35},{"not_picked":["Deflect+1","Concentrate+1"],"picked":"Infinite Blades+1","floor":37},{"not_picked":["Quick Slash+1","Endless Agony"],"picked":"Backflip+1","floor":37},{"not_picked":["Calculated Gamble+1","Dagger Throw+1"],"picked":"Backflip+1","floor":38},{"not_picked":["Riddle With Holes","Endless Agony","Underhanded Strike+1"],"picked":"SKIP","floor":38},{"not_picked":["Sucker Punch+1","Cloak And Dagger+1"],"picked":"Deadly Poison+1","floor":41},{"not_picked":["Skewer","Cloak And Dagger+1","Setup+1"],"picked":"SKIP","floor":41},{"not_picked":["Flechettes","Cloak And Dagger+1","Well Laid Plans"],"picked":"SKIP","floor":44},{"not_picked":["A Thousand Cuts","Prepared+1","Reflex+1"],"picked":"SKIP","floor":44}],"player_experience":1263835,"relics_obtained":[{"floor":9.0,"key":"Toxic Egg 2"},{"floor":26,"key":"Bottled Tornado"},{"floor":29,"key":"Prayer Wheel"},{"floor":43,"key":"Whetstone"}],"event_choices":[{"damage_healed":0.0,"max_hp_gain":0.0,"max_hp_loss":0.0,"gold_gain":0.0,"event_name":"Living Wall","player_choice":"Grow","floor":5.0,"gold_loss":0.0,"damage_taken":0.0,"cards_upgraded":["Neutralize"]},{"cards_removed":["Strike_G"],"damage_healed":0.0,"max_hp_gain":0.0,"max_hp_loss":0.0,"gold_gain":0.0,"event_name":"Golden Wing","player_choice":"Card Removal","floor":7.0,"gold_loss":0.0,"damage_taken":7.0},{"damage_healed":0,"gold_gain":0,"player_choice":"Fight","damage_taken":0,"max_hp_gain":0,"max_hp_loss":0,"event_name":"Colosseum","floor":19,"gold_loss":0},{"damage_healed":0,"gold_gain":0,"player_choice":"Fled From Nobs","damage_taken":0,"max_hp_gain":0,"max_hp_loss":0,"event_name":"Colosseum","floor":19,"gold_loss":0},{"damage_healed":0,"gold_gain":0,"player_choice":"Trade","damage_taken":0,"relics_obtained":["FaceOfCleric"],"max_hp_gain":0,"max_hp_loss":0,"event_name":"FaceTrader","floor":21,"gold_loss":0},{"cards_removed":["Defend_G"],"damage_healed":0,"gold_gain":0,"player_choice":"Card Removal","damage_taken":0,"max_hp_gain":0,"max_hp_loss":0,"event_name":"Wheel of Change","floor":36,"gold_loss":0},{"cards_removed":["Defend_G"],"damage_healed":0,"gold_gain":0,"player_choice":"Removed Skill","damage_taken":0,"max_hp_gain":0,"max_hp_loss":0,"event_name":"Falling","floor":45,"gold_loss":0}],"is_beta":false,"boss_relics":[{"not_picked":["Lizard Tail","Tiny House"],"picked":"Empty Cage"},{"not_picked":["HoveringKite","Astrolabe"],"picked":"Sozu"}],"items_purged_floors":[22],"is_endless":false,"potions_floor_spawned":[3,11,14,16,19,20,38,41,44],"killed_by":"Reptomancer","ascension_level":4}