{"gold_per_floor":[112,18,33,183,183,183,212,212,212,238,252,252,269,287,287,358,358,375,375,136,136,136,136,168,0,0,17,67,11,11,31,31,104,104,122,422,435,535,535,535,535,569,569,599,88,107,57,67,67,67,67,67,30,30],"floor_reached":54,"playtime":2687,"items_purged":["Strike_B","Defend_B"],"score":1388,"play_id":"3e529dfc-fe91-4ec9-b104-2c98ab2e8fad","local_time":"20190306223313","is_ascension_mode":true,"campfire_choices":[{"data":"Hologram","floor":6.0,"key":"SMITH"},{"floor":8.0,"key":"REST"},{"data":"Defragment","floor":15.0,"key":"SMITH"},{"data":"Zap","floor":23.0,"key":"SMITH"},{"floor":30.0,"key":"REST"},{"data":"Loop","floor":32.0,"key":"SMITH"},{"data":"Self Repair","floor":40.0,"key":"SMITH"},{"floor":49,"key":"RECALL"},{"data":"Coolheaded","floor":52,"key":"SMITH"}],"neow_cost":"PERCENT_DAMAGE","seed_source_timestamp":0,"circlet_count":0,"master_deck":["AscendersBane","Defend_B","Defend_B","Defend_B","Zap+1","Dualcast","Hologram+1","Self Repair+1","Ball Lightning","Ball Lightning+1","Defragment+1","Loop+1","Leap","Cold Snap","Echo Form+1","Bite","Bite","Bite","Bite","Bite","White Noise+1","Chill","Blind","Coolheaded+1","FTL+1"],"special_seed":0,"relics":["Cracked Core","Anchor","Pear","Ice Cream","DataDisk","Lizard Tail","Regal Pillow","Orichalcum","Blue Candle","Busted Crown","Emotion Chip","Cables","Pantograph","Molten Egg 2","Mummified Hand"],"potions_floor_usage":[42,46,48,48],"damage_taken":[{"damage":7.0,"enemies":"Jaw Worm","floor":1.0,"turns":3.0},{"damage":0.0,"enemies":"Small Slimes","floor":3.0,"turns":3.0},{"damage":23.0,"enemies":"Gremlin Nob","floor":7.0,"turns":4.0},{"damage":40.0,"enemies":"3 Sentries","floor":10.0,"turns":6.0},{"damage":6.0,"enemies":"Cultist","floor":11.0,"turns":3.0},{"damage":0.0,"enemies":"Red Slaver","floor":13.0,"turns":3.0},{"damage":0.0,"enemies":"Large Slime","floor":14.0,"turns":4.0},{"damage":20.0,"enemies":"Hexaghost","floor":16.0,"turns":8.0},{"damage":21.0,"enemies":"3 Byrds","floor":18.0,"turns":4.0},{"damage":0.0,"enemies":"2 Thieves","floor":21.0,"turns":1.0},{"damage":57.0,"enemies":"Slavers","floor":24.0,"turns":6.0},{"damage":24.0,"enemies":"Snake Plant","floor":27.0,"turns":4.0},{"damage":26.0,"enemies":"Centurion and Healer","floor":31.0,"turns":7.0},{"damage":59.0,"enemies":"Collector","floor":33.0,"turns":8.0},{"damage":53.0,"enemies":"3 Darklings","floor":35.0,"turns":6.0},{"damage":5.0,"enemies":"3 Shapes","floor":37.0,"turns":5.0},{"damage":24.0,"enemies":"Mind Bloom Boss Battle","floor":38.0,"turns":7.0},{"damage":96,"enemies":"Giant Head","floor":42,"turns":8},{"damage":11,"enemies":"Nemesis","floor":44,"turns":8},{"damage":31,"enemies":"Spire Growth","floor":46,"turns":4},{"damage":18,"enemies":"3 Darklings","floor":48,"turns":6},{"damage":97,"enemies":"Awakened One","floor":50,"turns":17},{"damage":110,"enemies":"Shield and Spear","floor":54,"turns":8}],"seed_played":"3956111390036732490","potions_obtained":[{"floor":7.0,"key":"LiquidBronze"},{"floor":10.0,"key":"Fire Potion"},{"floor":18.0,"key":"SmokeBomb"},{"floor":31.0,"key":"Fire Potion"},{"floor":37.0,"key":"Fire Potion"},{"floor":42,"key":"Explosive Potion"},{"floor":46,"key":"Regen Potion"}],"is_trial":false,"path_per_floor":["M","$","M","?","?","R","E","R","T","E","M","?","M","M","R","B",null,"M","T","$","M","?","R","E","$","T","M","?","$","R","M","R","B",null,"M","?","M","?","?","R","?","E","T","E","$","M","?","M","R","B",null,"R","$","E"],"character_chosen":"DEFECT","items_purchased":["Self Repair","Ball Lightning","Blood Vial","Orichalcum","Fire Potion","Mummified Hand","Blind","PowerPotion","FTL+1"],"campfire_rested":2,"item_purchase_floors":[2,2,20,25,29,45,45,45,53],"current_hp_per_floor":[53,53,60,60,55,55,49,77,77,44,45,45,52,59,59,46,83,69,69,69,71,71,71,22,22,22,6,6,6,49,51,51,15,75,50,50,60,59,59,59,59,57,57,84,84,69,69,94,94,66,88,88,88,0],"gold":30,"neow_bonus":"TWENTY_PERCENT_HP_BONUS","is_prod":false,"is_daily":false,"chose_seed":false,"campfire_upgraded":6,"win_rate":0,"timestamp":1551940393,"path_taken":["M","$","M","?","?","R","E","R","T","E","M","?","M","?","R","BOSS","M","?","$","M","?","R","E","?","T","?","?","$","R","M","R","BOSS","M","?","?","?","?","R","?","E","T","E","$","M","?","M","R","BOSS","R","$","E"],"build_version":"2019-01-23","purchased_purges":2,"victory":false,"max_hp_per_floor":[85,85,85,85,85,85,95,95,95,95,95,95,95,95,95,95,95,95,95,95,95,95,95,95,95,95,95,95,95,95,95,95,95,95,95,95,95,95,95,95,95,95,95,95,95,95,95,95,95,95,95,95,95,95],"card_choices":[{"not_picked":["Streamline","Redo"],"picked":"Hologram","floor":1.0},{"not_picked":["Go for the Eyes","BootSequence"],"picked":"Ball Lightning","floor":3.0},{"not_picked":["Blizzard","Rip and Tear"],"picked":"Defragment","floor":7.0},{"not_picked":["Streamline","Scrape"],"picked":"Loop","floor":10.0},{"not_picked":["Rebound","Steam Power"],"picked":"Leap","floor":11.0},{"not_picked":["Rebound","Ball Lightning","Hello World"],"picked":"SKIP","floor":13.0},{"not_picked":["Streamline","Fusion"],"picked":"Cold Snap","floor":14.0},{"not_picked":["Hyperbeam","Machine Learning"],"picked":"Echo Form","floor":16.0},{"not_picked":["Sunder","Beam Cell","Barrage"],"picked":"SKIP","floor":18.0},{"not_picked":["Undo","Ball Lightning","Hologram+1"],"picked":"SKIP","floor":24.0},{"not_picked":["Hologram","Barrage","Compile Driver"],"picked":"SKIP","floor":27.0},{"not_picked":["Conserve Battery","Rebound","Streamline"],"picked":"SKIP","floor":31.0},{"not_picked":[],"picked":"White Noise","floor":35.0},{"not_picked":[],"picked":"White Noise+1","floor":37.0},{"not_picked":[],"picked":"Chill","floor":42},{"not_picked":["Force Field+1"],"picked":"SKIP","floor":44},{"not_picked":[],"picked":"Coolheaded","floor":46},{"not_picked":["Loop"],"picked":"SKIP","floor":48}],"player_experience":1245201,"relics_obtained":[{"floor":7.0,"key":"Pear"},{"floor":9.0,"key":"Ice Cream"},{"floor":10.0,"key":"DataDisk"},{"floor":24.0,"key":"Regal Pillow"},{"floor":26.0,"key":"Blue Candle"},{"floor":38.0,"key":"Emotion Chip"},{"floor":42,"key":"Cables"},{"floor":43,"key":"Pantograph"},{"floor":44,"key":"Molten Egg 2"}],"event_choices":[{"damage_healed":0.0,"max_hp_gain":0.0,"max_hp_loss":0.0,"gold_gain":150.0,"event_name":"Liars Game","player_choice":"AGREE","floor":4.0,"gold_loss":0.0,"damage_taken":0.0,"cards_obtained":["Doubt"]},{"damage_healed":0.0,"max_hp_gain":0.0,"max_hp_loss":0.0,"gold_gain":0.0,"event_name":"Scrap Ooze","player_choice":"Success","floor":5.0,"gold_loss":0.0,"damage_taken":5.0,"relics_obtained":["Anchor"]},{"cards_removed":["Doubt"],"damage_healed":0.0,"max_hp_gain":0.0,"max_hp_loss":0.0,"gold_gain":0.0,"event_name":"Purifier","player_choice":"Purged","floor":12.0,"gold_loss":0.0,"damage_taken":0.0},{"damage_healed":0.0,"max_hp_gain":0.0,"max_hp_loss":0.0,"gold_gain":0.0,"event_name":"Vampires","player_choice":"Became a vampire (Vial)","floor":22.0,"relics_lost":["Blood Vial"],"gold_loss":0.0,"damage_taken":0.0,"cards_obtained":["Bite","Bite","Bite","Bite","Bite"]},{"damage_healed":0.0,"max_hp_gain":0.0,"max_hp_loss":0.0,"gold_gain":50.0,"event_name":"Nest","player_choice":"Stole From Cult","floor":28.0,"gold_loss":0.0,"damage_taken":0.0},{"damage_healed":0.0,"max_hp_gain":0.0,"max_hp_loss":0.0,"gold_gain":300.0,"event_name":"Wheel of Change","player_choice":"Gold","floor":36.0,"gold_loss":0.0,"damage_taken":0.0},{"damage_healed":0.0,"max_hp_gain":0.0,"max_hp_loss":0.0,"gold_gain":0.0,"event_name":"MindBloom","player_choice":"Fight","floor":38.0,"gold_loss":0.0,"damage_taken":0.0},{"cards_removed":["White Noise"],"damage_healed":0.0,"max_hp_gain":0.0,"max_hp_loss":0.0,"gold_gain":0.0,"event_name":"Falling","player_choice":"Removed Skill","floor":39.0,"gold_loss":0.0,"damage_taken":0.0},{"damage_healed":0,"gold_gain":0,"player_choice":"Ignored","damage_taken":0,"max_hp_gain":0,"max_hp_loss":0,"event_name":"Mysterious Sphere","floor":41,"gold_loss":0},{"damage_healed":0,"gold_gain":0,"player_choice":"Upgraded Two","damage_taken":0,"max_hp_gain":0,"max_hp_loss":0,"event_name":"Designer","floor":47,"gold_loss":50,"cards_upgraded":["Echo Form","Ball Lightning"]}],"is_beta":false,"boss_relics":[{"not_picked":["Cursed Key","White Beast Statue"],"picked":"Lizard Tail"},{"not_picked":["Empty Cage","Philosopher\u0027s Stone"],"picked":"Busted Crown"}],"items_purged_floors":[20,45],"is_endless":false,"potions_floor_spawned":[7,10,18,31,37,42,46],"killed_by":"Shield and Spear","ascension_level":17}