{"gold_per_floor":[115,33,33,52,69,69,103,103,103,103,114,114,444,459,459,555,555,567,586,586,600,612,207,207],"floor_reached":24,"playtime":2556,"items_purged":["Strike_B"],"score":208,"play_id":"41dc99b5-95ae-43df-aa4c-cf2250af2e9d","local_time":"20190319195638","is_ascension_mode":false,"campfire_choices":[{"data":"Genetic Algorithm","floor":6,"key":"SMITH"},{"data":"Double Energy","floor":8,"key":"SMITH"},{"data":"Reboot","floor":15,"key":"SMITH"}],"neow_cost":"NONE","seed_source_timestamp":251990294564661,"circlet_count":0,"master_deck":["Strike_B","Strike_B","Strike_B","Defend_B","Defend_B","Defend_B","Defend_B","Zap","Dualcast","Double Energy+1","Self Repair","Gash","Redo","Genetic Algorithm+1","Reboot+1","Hologram","Stack","Electrodynamics","Coolheaded","BootSequence+1","All For One","Stack","Beam Cell","Capacitor","Conserve Battery"],"relics":["Cracked Core","StoneCalendar","Mercury Hourglass","Juzu Bracelet","Old Coin","Empty Cage","Strange Spoon"],"potions_floor_usage":[16,21],"damage_taken":[{"damage":0,"enemies":"Cultist","floor":1,"turns":3},{"damage":0,"enemies":"Small Slimes","floor":4,"turns":3},{"damage":6,"enemies":"Jaw Worm","floor":5,"turns":3},{"damage":38,"enemies":"3 Sentries","floor":7,"turns":7},{"damage":1,"enemies":"Looter","floor":11,"turns":3},{"damage":51,"enemies":"Gremlin Nob","floor":13,"turns":5},{"damage":12,"enemies":"Exordium Wildlife","floor":14,"turns":3},{"damage":21,"enemies":"Hexaghost","floor":16,"turns":9},{"damage":34,"enemies":"Shell Parasite","floor":18,"turns":7},{"damage":2,"enemies":"Spheric Guardian","floor":19,"turns":4},{"damage":4,"enemies":"Shelled Parasite and Fungi","floor":21,"turns":4},{"damage":11,"enemies":"Centurion and Healer","floor":22,"turns":7},{"damage":53,"enemies":"Gremlin Leader","floor":24,"turns":5}],"seed_played":"7557232662267007502","potions_obtained":[{"floor":1,"key":"FairyPotion"},{"floor":4,"key":"Poison Potion"},{"floor":13,"key":"Strength Potion"},{"floor":14,"key":"Weak Potion"}],"is_trial":false,"path_per_floor":["M","$","$","M","M","R","E","R","T","?","M","?","E","M","R","B",null,"M","M","?","M","M","$","E"],"character_chosen":"DEFECT","items_purchased":["Self Repair","Gash","Beam Cell","Capacitor","Conserve Battery","Strange Spoon"],"campfire_rested":0,"item_purchase_floors":[2,2,23,23,23,23],"current_hp_per_floor":[82,82,82,82,82,82,51,51,51,51,57,77,33,28,28,7,79,52,50,50,46,42,42,0],"gold":207,"neow_bonus":"TEN_PERCENT_HP_BONUS","is_prod":false,"is_daily":false,"chose_seed":false,"campfire_upgraded":3,"win_rate":0.0,"timestamp":1553036198,"path_taken":["M","?","$","?","M","R","E","R","T","?","M","?","E","M","R","BOSS","M","M","?","M","M","$","E"],"build_version":"2019-01-23","purchased_purges":1,"victory":false,"max_hp_per_floor":[82,82,82,82,82,82,82,82,82,82,82,82,82,82,82,82,79,79,79,79,79,79,79,79],"card_choices":[{"not_picked":["Rip and Tear","Steam"],"picked":"Double Energy","floor":1},{"not_picked":["Lockon","Coolheaded"],"picked":"Redo","floor":4},{"not_picked":["Streamline","Conserve Battery"],"picked":"Genetic Algorithm","floor":5},{"not_picked":["Aggregate","Leap"],"picked":"Reboot","floor":7},{"not_picked":["Capacitor","Conserve Battery"],"picked":"Hologram","floor":11},{"not_picked":["Hologram","Barrage","Compile Driver"],"picked":"SKIP","floor":13},{"not_picked":["Blizzard","Steam"],"picked":"Stack","floor":14},{"not_picked":["Seek","Biased Cognition"],"picked":"Electrodynamics","floor":16},{"not_picked":["Streamline","Leap+1"],"picked":"Coolheaded","floor":18},{"not_picked":["Cold Snap+1","Steam"],"picked":"BootSequence+1","floor":19},{"not_picked":["Leap","Steam+1","Storm"],"picked":"SKIP","floor":21},{"not_picked":["Coolheaded","Sweeping Beam"],"picked":"Stack","floor":22}],"player_experience":48503,"relics_obtained":[{"floor":7,"key":"StoneCalendar"},{"floor":9,"key":"Mercury Hourglass"},{"floor":13,"key":"Old Coin"}],"event_choices":[{"damage_healed":0,"gold_gain":0,"player_choice":"Box","damage_taken":0,"relics_obtained":["Juzu Bracelet"],"max_hp_gain":0,"max_hp_loss":0,"event_name":"Big Fish","floor":10,"gold_loss":0,"cards_obtained":["Regret"]},{"damage_healed":20,"gold_gain":0,"player_choice":"Healed and dodged fight","damage_taken":0,"max_hp_gain":0,"max_hp_loss":0,"event_name":"Mushrooms","floor":12,"gold_loss":0,"cards_obtained":["Parasite"]},{"damage_healed":0,"gold_gain":0,"player_choice":"Read","damage_taken":0,"max_hp_gain":0,"max_hp_loss":0,"event_name":"The Library","floor":20,"gold_loss":0,"cards_obtained":["All For One"]}],"is_beta":false,"boss_relics":[{"not_picked":["Velvet Choker","Snecko Eye"],"picked":"Empty Cage"}],"items_purged_floors":[23],"is_endless":false,"potions_floor_spawned":[1,4,13,14],"killed_by":"Gremlin Leader","ascension_level":0}