{"gold_per_floor":[115,129,79,79,93,93,93,93,93,105,120,150,168,183,183,183],"floor_reached":16,"playtime":881,"items_purged":[],"score":156,"play_id":"3947c43d-fa07-4b74-8bf8-17fb10268aca","local_time":"20190311225107","is_ascension_mode":true,"campfire_choices":[{"data":"Neutralize","floor":6.0,"key":"SMITH"},{"data":"Deflect","floor":8.0,"key":"SMITH"},{"floor":15.0,"key":"REST"}],"neow_cost":"NONE","seed_source_timestamp":692256788801152,"circlet_count":0,"master_deck":["AscendersBane","Defend_G","Defend_G","Defend_G","Strike_G","Strike_G","Strike_G","Strike_G","Survivor","Neutralize+1","Dagger Spray","Deflect+1","Quick Slash","Tactician","Tools of the Trade","Tactician","Footwork","After Image","Backstab"],"special_seed":0,"relics":["Ring of the Snake","Bag of Preparation","Paper Crane","Dodecahedron"],"potions_floor_usage":[16],"damage_taken":[{"damage":2.0,"enemies":"Jaw Worm","floor":1.0,"turns":6.0},{"damage":0.0,"enemies":"2 Louse","floor":2.0,"turns":2.0},{"damage":1.0,"enemies":"Cultist","floor":5.0,"turns":5.0},{"damage":0.0,"enemies":"Looter","floor":10.0,"turns":3.0},{"damage":5.0,"enemies":"Red Slaver","floor":11.0,"turns":5.0},{"damage":34.0,"enemies":"Gremlin Nob","floor":12.0,"turns":5.0},{"damage":5.0,"enemies":"2 Fungi Beasts","floor":13.0,"turns":4.0},{"damage":0.0,"enemies":"Large Slime","floor":14.0,"turns":5.0},{"damage":38,"enemies":"Hexaghost","floor":16,"turns":18}],"seed_played":"4246592383756999209","potions_obtained":[{"floor":10.0,"key":"Ancient Potion"},{"floor":13.0,"key":"Weak Potion"}],"is_trial":false,"path_per_floor":["M","M","?","?","M","R","?","R","T","M","M","E","M","M","R","B"],"character_chosen":"THE_SILENT","items_purchased":[],"campfire_rested":1,"item_purchase_floors":[],"current_hp_per_floor":[61,61,61,61,60,60,60,60,60,60,55,21,16,16,37,0],"gold":183,"neow_bonus":"RANDOM_COMMON_RELIC","is_prod":false,"is_daily":false,"chose_seed":false,"campfire_upgraded":2,"win_rate":0,"timestamp":1552369867,"path_taken":["M","M","?","?","?","R","?","R","T","?","M","E","M","M","R","BOSS"],"build_version":"2019-01-23","purchased_purges":0,"victory":false,"max_hp_per_floor":[70,70,70,70,70,70,70,70,70,70,70,70,70,70,70,70],"card_choices":[{"not_picked":["Quick Slash","Sucker Punch"],"picked":"Dagger Spray","floor":1.0},{"not_picked":["Backflip","Dodge and Roll"],"picked":"Deflect","floor":2.0},{"not_picked":["Bane","Prepared"],"picked":"Quick Slash","floor":5.0},{"not_picked":["Underhanded Strike","Deflect"],"picked":"Tools of the Trade","floor":10.0},{"not_picked":["Prepared","Eviscerate"],"picked":"Tactician","floor":11.0},{"not_picked":["Deadly Poison","Outmaneuver"],"picked":"Footwork","floor":12.0},{"not_picked":["Dodge and Roll","Riddle With Holes"],"picked":"After Image","floor":13.0},{"not_picked":["Prepared","Deflect"],"picked":"Backstab","floor":14.0}],"player_experience":455289,"relics_obtained":[{"floor":9.0,"key":"Paper Crane"},{"floor":12.0,"key":"Dodecahedron"}],"event_choices":[{"cards_removed":["Strike_G"],"damage_healed":0.0,"max_hp_gain":0.0,"max_hp_loss":0.0,"gold_gain":0.0,"event_name":"The Cleric","player_choice":"Card Removal","floor":3.0,"gold_loss":50.0,"damage_taken":0.0},{"cards_removed":["Defend_G"],"damage_healed":0.0,"max_hp_gain":0.0,"max_hp_loss":0.0,"gold_gain":0.0,"event_name":"Purifier","player_choice":"Purged","floor":4.0,"gold_loss":0.0,"damage_taken":0.0},{"damage_healed":0.0,"max_hp_gain":0.0,"max_hp_loss":0.0,"gold_gain":0.0,"cards_transformed":["Defend_G"],"event_name":"Transmorgrifier","player_choice":"Transformed","floor":7.0,"gold_loss":0.0,"damage_taken":0.0,"cards_obtained":["Tactician"]}],"is_beta":false,"boss_relics":[],"items_purged_floors":[],"is_endless":false,"potions_floor_spawned":[10,13],"killed_by":"Hexaghost","ascension_level":10}