{"gold_per_floor":[115,115,125,140,152,152,102,102,149,149,169,169,193,231,243,386,398],"floor_reached":17,"playtime":772,"items_purged":[],"score":157,"play_id":"bb2f0231-398b-48ea-ac0f-1239bab09448","local_time":"20190308220939","is_ascension_mode":false,"campfire_choices":[{"data":"Blade Dance","floor":6,"key":"SMITH"},{"data":"Slice","floor":8,"key":"SMITH"},{"data":"Prepared","floor":10,"key":"SMITH"},{"floor":15,"key":"REST"}],"neow_cost":"NONE","seed_source_timestamp":93466703598584,"circlet_count":0,"master_deck":["Defend_G","Defend_G","Defend_G","Defend_G","Defend_G","Strike_G","Strike_G","Strike_G","Survivor","Neutralize+1","Prepared+1","Slice+1","Blade Dance+1","Bouncing Flask","Injury","Leg Sweep","After Image","Adrenaline"],"relics":["Ring of the Snake","Bag of Marbles","Golden Idol","MawBank","Cursed Key"],"potions_floor_usage":[16,16],"damage_taken":[{"damage":0,"enemies":"Jaw Worm","floor":1,"turns":4},{"damage":0,"enemies":"Cultist","floor":3,"turns":4},{"damage":0,"enemies":"2 Louse","floor":4,"turns":3},{"damage":7,"enemies":"Blue Slaver","floor":5,"turns":4},{"damage":9,"enemies":"Large Slime","floor":11,"turns":6},{"damage":0,"enemies":"Exordium Thugs","floor":13,"turns":3},{"damage":10,"enemies":"Gremlin Nob","floor":14,"turns":5},{"damage":53,"enemies":"Slime Boss","floor":16,"turns":21}],"seed_played":"-7352909065253332671","potions_obtained":[{"floor":1,"key":"Dexterity Potion"},{"floor":5,"key":"Poison Potion"},{"floor":14,"key":"Swift Potion"}],"is_trial":false,"path_per_floor":["M","?","M","M","M","R","?","R","T","R","M","?","M","E","R","B",null],"character_chosen":"THE_SILENT","items_purchased":[],"campfire_rested":1,"item_purchase_floors":[],"current_hp_per_floor":[70,70,70,70,63,63,63,63,63,63,54,54,54,44,65,12,70],"gold":398,"neow_bonus":"UPGRADE_CARD","is_prod":false,"is_daily":false,"chose_seed":false,"campfire_upgraded":3,"win_rate":0,"timestamp":1552082979,"path_taken":["M","?","M","M","?","R","?","R","T","R","M","?","M","E","R","BOSS"],"build_version":"2019-01-23","purchased_purges":0,"victory":false,"max_hp_per_floor":[70,70,70,70,70,70,70,70,70,70,70,70,70,70,70,70,70],"card_choices":[{"not_picked":["Distraction","Flying Knee"],"picked":"Prepared","floor":1},{"not_picked":["Footwork","Wraith Form v2"],"picked":"Blade Dance","floor":3},{"not_picked":["PiercingWail","Sucker Punch","Deadly Poison"],"picked":"SKIP","floor":4},{"not_picked":["Quick Slash","Sucker Punch","All Out Attack"],"picked":"SKIP","floor":5},{"not_picked":["Deflect","Heel Hook"],"picked":"Bouncing Flask","floor":11},{"not_picked":["Infinite Blades","Poisoned Stab"],"picked":"Leg Sweep","floor":13},{"not_picked":["Prepared","Calculated Gamble"],"picked":"After Image","floor":14},{"not_picked":["Wraith Form v2","Venomology"],"picked":"Adrenaline","floor":16}],"player_experience":79857,"relics_obtained":[{"floor":9,"key":"Bag of Marbles"},{"floor":14,"key":"MawBank"}],"event_choices":[{"damage_healed":0,"gold_gain":0,"cards_transformed":["Strike_G"],"player_choice":"Transformed","damage_taken":0,"max_hp_gain":0,"max_hp_loss":0,"event_name":"Transmorgrifier","floor":2,"gold_loss":0,"cards_obtained":["Slice"]},{"cards_removed":["Strike_G"],"damage_healed":0,"gold_gain":0,"player_choice":"Card Removal","damage_taken":0,"max_hp_gain":0,"max_hp_loss":0,"event_name":"The Cleric","floor":7,"gold_loss":50},{"damage_healed":0,"gold_gain":0,"player_choice":"Take Wound","damage_taken":0,"relics_obtained":["Golden Idol"],"max_hp_gain":0,"max_hp_loss":0,"event_name":"Golden Idol","floor":12,"gold_loss":0,"cards_obtained":["Injury"]}],"is_beta":false,"boss_relics":[{"not_picked":["Coffee Dripper","Ectoplasm"],"picked":"Cursed Key"}],"items_purged_floors":[],"is_endless":false,"potions_floor_spawned":[1,5,14],"ascension_level":0}