{"gold_per_floor":[116,127,141,23,33,33,33,63,63,63,63,83,93,109,109,212,212,223,238,89,89,104,104,123,74,74,74,74,26,26,38,38,38],"floor_reached":33,"playtime":1725,"items_purged":["Strike_G"],"score":324,"play_id":"469a9ec8-ce9d-4260-8c9b-35f597a9dd8d","local_time":"20190319021857","is_ascension_mode":true,"campfire_choices":[{"data":"All Out Attack","floor":6,"key":"SMITH"},{"floor":10,"key":"REST"},{"data":"Prepared","floor":15,"key":"SMITH"},{"data":"Concentrate","floor":23,"key":"SMITH"},{"data":"Acrobatics","floor":28,"key":"SMITH"},{"floor":32,"key":"REST"}],"neow_cost":"NONE","seed_source_timestamp":506191658547911,"circlet_count":0,"master_deck":["Defend_G","Defend_G","Defend_G","Defend_G","Defend_G","Strike_G","Survivor","Neutralize","Escape Plan","Cloak And Dagger","Underhanded Strike","Prepared+1","All Out Attack+1","PiercingWail","Prepared","Acrobatics+1","Dagger Throw","Underhanded Strike","Well Laid Plans","Underhanded Strike","Footwork","Concentrate+1","Acrobatics","Underhanded Strike","Prepared+1"],"relics":["Ring of the Snake","NeowsBlessing","Bag of Marbles","Omamori","Empty Cage","Darkstone Periapt"],"potions_floor_usage":[8,16,16,16,33,33,33],"damage_taken":[{"damage":0,"enemies":"Cultist","floor":1,"turns":1},{"damage":0,"enemies":"2 Louse","floor":2,"turns":1},{"damage":0,"enemies":"Jaw Worm","floor":3,"turns":1},{"damage":5,"enemies":"Red Slaver","floor":5,"turns":4},{"damage":42,"enemies":"3 Sentries","floor":8,"turns":9},{"damage":3,"enemies":"Looter","floor":12,"turns":2},{"damage":0,"enemies":"2 Fungi Beasts","floor":13,"turns":2},{"damage":0,"enemies":"3 Louse","floor":14,"turns":1},{"damage":27,"enemies":"Slime Boss","floor":16,"turns":10},{"damage":0,"enemies":"Chosen","floor":18,"turns":4},{"damage":7,"enemies":"Shell Parasite","floor":19,"turns":7},{"damage":5,"enemies":"Chosen and Byrds","floor":22,"turns":7},{"damage":16,"enemies":"Centurion and Healer","floor":24,"turns":7},{"damage":20,"enemies":"Shelled Parasite and Fungi","floor":31,"turns":5},{"damage":47,"enemies":"Collector","floor":33,"turns":8}],"seed_played":"-1401277062188239306","potions_obtained":[{"floor":1,"key":"Swift Potion"},{"floor":2,"key":"AttackPotion"},{"floor":11,"key":"EssenceOfSteel"},{"floor":11,"key":"AttackPotion"},{"floor":16,"key":"SneckoOil"},{"floor":18,"key":"GhostInAJar"},{"floor":24,"key":"Strength Potion"},{"floor":31,"key":"PowerPotion"}],"is_trial":false,"path_per_floor":["M","M","M","$","M","R","$","E","T","R","?","M","M","M","R","B",null,"M","M","$","?","M","R","M","$","T","?","R","$","?","M","R","B"],"character_chosen":"THE_SILENT","items_purchased":["Prepared","All Out Attack","Footwork","Acrobatics","Underhanded Strike"],"campfire_rested":2,"item_purchase_floors":[4,4,20,25,29],"current_hp_per_floor":[70,70,70,70,65,65,65,23,23,44,44,41,41,41,41,14,70,70,63,63,63,58,58,42,42,42,42,42,42,42,22,43,0],"gold":38,"neow_bonus":"THREE_ENEMY_KILL","is_prod":false,"is_daily":false,"chose_seed":false,"campfire_upgraded":4,"win_rate":0,"timestamp":1552976337,"path_taken":["M","M","M","$","M","R","?","E","T","R","?","M","?","M","R","BOSS","M","M","$","?","?","R","M","$","T","?","R","$","?","M","R","BOSS"],"build_version":"2019-01-23","purchased_purges":1,"victory":false,"max_hp_per_floor":[70,70,70,70,70,70,70,70,70,70,70,70,70,70,70,70,70,70,70,70,70,70,70,70,70,70,70,70,70,70,70,70,70],"card_choices":[{"not_picked":["Poisoned Stab","Deflect"],"picked":"Escape Plan","floor":1},{"not_picked":["Calculated Gamble","Bane"],"picked":"Cloak And Dagger","floor":2},{"not_picked":["Prepared","Calculated Gamble"],"picked":"Underhanded Strike","floor":3},{"not_picked":["Backflip","Deadly Poison"],"picked":"PiercingWail","floor":5},{"not_picked":["Bane","Outmaneuver"],"picked":"Prepared","floor":8},{"not_picked":["Malaise","Concentrate"],"picked":"Acrobatics","floor":12},{"not_picked":["Accuracy","Sucker Punch"],"picked":"Dagger Throw","floor":13},{"not_picked":["Prepared","Bouncing Flask"],"picked":"Underhanded Strike","floor":14},{"not_picked":["Blade Dance+1","Backflip"],"picked":"Well Laid Plans","floor":18},{"not_picked":["Blade Dance","Cloak And Dagger"],"picked":"Underhanded Strike","floor":19},{"not_picked":["Endless Agony+1","Dagger Spray"],"picked":"Concentrate","floor":22},{"not_picked":["Dagger Spray","Accuracy+1","Bane"],"picked":"SKIP","floor":24},{"not_picked":["Quick Slash","Distraction"],"picked":"Prepared+1","floor":31}],"player_experience":1268015,"relics_obtained":[{"floor":8,"key":"Bag of Marbles"},{"floor":9,"key":"Omamori"},{"floor":26,"key":"Darkstone Periapt"}],"event_choices":[{"damage_healed":0,"gold_gain":0,"player_choice":"Got Potions","damage_taken":0,"max_hp_gain":0,"max_hp_loss":0,"event_name":"Lab","floor":11,"gold_loss":0},{"cards_removed":["Strike_G"],"damage_healed":0,"gold_gain":0,"player_choice":"Purged","damage_taken":0,"max_hp_gain":0,"max_hp_loss":0,"event_name":"Purifier","floor":21,"gold_loss":0},{"damage_healed":0,"gold_gain":0,"player_choice":"Ignored","damage_taken":0,"max_hp_gain":0,"max_hp_loss":0,"event_name":"Vampires","floor":27,"gold_loss":0}],"is_beta":false,"boss_relics":[{"not_picked":["Velvet Choker","Runic Pyramid"],"picked":"Empty Cage"}],"items_purged_floors":[20],"is_endless":false,"potions_floor_spawned":[1,2,12,13,16,18,24,31],"killed_by":"Collector","ascension_level":4}