{"gold_per_floor":[119,139,139,158,10,35,10,36,36,46,321,321],"floor_reached":12,"playtime":497,"items_purged":[],"score":106,"play_id":"82d7ce68-2f6d-4284-bee0-5d315985efd1","local_time":"20190215151705","is_ascension_mode":true,"campfire_choices":[],"neow_cost":"NONE","seed_source_timestamp":105115455917189,"circlet_count":0,"master_deck":["Strike_B","Strike_B","Strike_B","Strike_B","Defend_B","Defend_B","Defend_B","Defend_B","Zap+1","Dualcast","Coolheaded","Chill","Conserve Battery","Core Surge","Barrage","Genetic Algorithm","Genetic Algorithm","Regret"],"relics":["Cracked Core","PreservedInsect","Oddly Smooth Stone","Blue Candle","Ancient Tea Set"],"potions_floor_usage":[8],"damage_taken":[{"damage":3,"enemies":"2 Louse","floor":1,"turns":2},{"damage":3,"enemies":"Cultist","floor":2,"turns":4},{"damage":0,"enemies":"Small Slimes","floor":4,"turns":3},{"damage":39,"enemies":"Gremlin Nob","floor":6,"turns":5},{"damage":8,"enemies":"3 Sentries","floor":8,"turns":5},{"damage":12,"enemies":"Exordium Thugs","floor":10,"turns":5},{"damage":17,"enemies":"3 Louse","floor":12,"turns":2}],"seed_played":"-7008351785320695284","potions_obtained":[{"floor":6,"key":"Dexterity Potion"},{"floor":10,"key":"EssenceOfSteel"}],"is_trial":false,"path_per_floor":["M","M","?","M","$","E","$","E","T","M","?","M"],"character_chosen":"DEFECT","items_purchased":["PreservedInsect","Barrage"],"campfire_rested":0,"item_purchase_floors":[5,7],"current_hp_per_floor":[79,76,76,76,76,37,37,29,29,17,17,0],"gold":321,"neow_bonus":"TEN_PERCENT_HP_BONUS","is_prod":false,"is_daily":false,"chose_seed":false,"campfire_upgraded":0,"win_rate":0,"timestamp":1550272625,"path_taken":["M","M","?","?","$","E","?","E","T","M","?","?"],"build_version":"2019-01-23","purchased_purges":0,"victory":false,"max_hp_per_floor":[82,82,82,82,82,82,82,82,82,82,82,82],"card_choices":[{"not_picked":["Leap","Rebound"],"picked":"Coolheaded","floor":1},{"not_picked":["Ball Lightning","Compile Driver"],"picked":"Chill","floor":2},{"not_picked":["Cold Snap","Aggregate"],"picked":"Conserve Battery","floor":4},{"not_picked":["Chaos","Machine Learning"],"picked":"Core Surge","floor":6},{"not_picked":["Storm","Aggregate"],"picked":"Genetic Algorithm","floor":8},{"not_picked":["Tempest","Auto Shields"],"picked":"Genetic Algorithm","floor":10}],"player_experience":288213,"relics_obtained":[{"floor":6,"key":"Oddly Smooth Stone"},{"floor":8,"key":"Blue Candle"},{"floor":9,"key":"Ancient Tea Set"}],"event_choices":[{"damage_healed":0,"gold_gain":0,"player_choice":"Upgraded","damage_taken":0,"max_hp_gain":0,"max_hp_loss":0,"event_name":"Upgrade Shrine","floor":3,"gold_loss":0,"cards_upgraded":["Zap"]},{"damage_healed":0,"gold_gain":275,"player_choice":"Desecrate","damage_taken":0,"max_hp_gain":0,"max_hp_loss":0,"event_name":"Golden Shrine","floor":11,"gold_loss":0,"cards_obtained":["Regret"]}],"is_beta":false,"boss_relics":[],"items_purged_floors":[],"is_endless":false,"potions_floor_spawned":[6,10],"killed_by":"3 Louse","ascension_level":4}