{"gold_per_floor":[10,10,22,97,47,61,80,80,80,80,110,110,110,128,128,225,225,240,253,47,62,62,62,88,88,88,88],"floor_reached":27,"playtime":875,"items_purged":["Strike_R"],"score":395,"play_id":"74e632c6-a680-4788-9c0d-e636e37e456d","local_time":"20190319015558","is_ascension_mode":true,"campfire_choices":[{"data":"True Grit","floor":8,"key":"SMITH"},{"data":"Shrug It Off","floor":12,"key":"SMITH"},{"data":"Flex","floor":15,"key":"SMITH"},{"floor":23,"key":"REST"}],"neow_cost":"NO_GOLD","seed_source_timestamp":425627330377965,"circlet_count":0,"master_deck":["AscendersBane","Strike_R","Defend_R","Defend_R","Bash","Rampage+1","Rage","True Grit+1","Flex+1","Shrug It Off+1","Pommel Strike","Dropkick","Offering","Intimidate+1","Body Slam+1","True Grit+1","Shrug It Off+1","Flex","Double Tap","Shrug It Off","Infernal Blade","Shockwave"],"relics":["Burning Blood","The Courier","Blue Candle","Astrolabe","Incense Burner","Omamori","Pen Nib"],"potions_floor_usage":[11,16,16,24],"damage_taken":[{"damage":10,"enemies":"Small Slimes","floor":1,"turns":4},{"damage":6,"enemies":"Cultist","floor":3,"turns":3},{"damage":0,"enemies":"2 Louse","floor":6,"turns":2},{"damage":11,"enemies":"Looter","floor":7,"turns":4},{"damage":34,"enemies":"Gremlin Nob","floor":11,"turns":5},{"damage":4,"enemies":"2 Fungi Beasts","floor":14,"turns":4},{"damage":39,"enemies":"Slime Boss","floor":16,"turns":11},{"damage":20,"enemies":"Spheric Guardian","floor":18,"turns":4},{"damage":6,"enemies":"Chosen","floor":19,"turns":3},{"damage":58,"enemies":"3 Cultists","floor":21,"turns":8},{"damage":34,"enemies":"Book of Stabbing","floor":24,"turns":5},{"damage":13,"enemies":"Shelled Parasite and Fungi","floor":27,"turns":2}],"seed_played":"-6382298642245519896","potions_obtained":[{"floor":1,"key":"EssenceOfSteel"},{"floor":11,"key":"PowerPotion"},{"floor":14,"key":"SkillPotion"},{"floor":16,"key":"GamblersBrew"},{"floor":18,"key":"Ancient Potion"},{"floor":21,"key":"Energy Potion"}],"is_trial":false,"path_per_floor":["M","?","M","?","?","M","M","R","T","?","E","R","?","M","R","B",null,"M","M","$","M","?","R","E","?","T","M"],"character_chosen":"IRONCLAD","items_purchased":["Double Tap","Shrug It Off"],"campfire_rested":1,"item_purchase_floors":[20,20],"current_hp_per_floor":[84,84,84,73,73,79,74,74,74,74,46,46,46,48,48,15,76,62,62,62,10,10,38,10,10,10,0],"gold":88,"neow_bonus":"TWENTY_PERCENT_HP_BONUS","is_prod":false,"is_daily":false,"chose_seed":false,"campfire_upgraded":3,"win_rate":0,"timestamp":1552928158,"path_taken":["M","?","?","?","?","M","M","R","T","?","E","R","?","M","R","BOSS","M","M","$","M","?","R","E","?","T","M"],"build_version":"2019-01-23","purchased_purges":1,"victory":false,"max_hp_per_floor":[96,96,96,96,96,96,96,96,96,96,96,96,96,96,96,96,96,96,96,96,96,96,96,96,96,96,96],"card_choices":[{"not_picked":["Shrug It Off","Heavy Blade"],"picked":"Rampage","floor":1},{"not_picked":["Thunderclap","Perfected Strike"],"picked":"Rage","floor":3},{"not_picked":["Reckless Charge","Sentinel"],"picked":"True Grit","floor":6},{"not_picked":["Wild Strike","Dual Wield"],"picked":"Flex","floor":7},{"not_picked":["Second Wind","Dual Wield"],"picked":"Shrug It Off","floor":11},{"not_picked":["Twin Strike","Burning Pact"],"picked":"Dropkick","floor":14},{"not_picked":["Exhume","Berserk"],"picked":"Offering","floor":16},{"not_picked":["Cleave","Corruption"],"picked":"Shrug It Off+1","floor":18},{"not_picked":["Clothesline+1","Body Slam"],"picked":"Flex","floor":19},{"not_picked":["Heavy Blade","Clash"],"picked":"Infernal Blade","floor":21},{"not_picked":["Anger","Pommel Strike"],"picked":"Shockwave","floor":24}],"player_experience":567943,"relics_obtained":[{"floor":9,"key":"The Courier"},{"floor":11,"key":"Blue Candle"},{"floor":24,"key":"Omamori"},{"floor":26,"key":"Pen Nib"}],"event_choices":[{"damage_healed":0,"gold_gain":0,"player_choice":"Upgraded","damage_taken":0,"max_hp_gain":0,"max_hp_loss":0,"event_name":"Upgrade Shrine","floor":2,"gold_loss":0,"cards_upgraded":["Rampage"]},{"damage_healed":0,"gold_gain":75,"player_choice":"Gather Gold","damage_taken":11,"max_hp_gain":0,"max_hp_loss":0,"event_name":"World of Goop","floor":4,"gold_loss":0},{"cards_removed":["Strike_R"],"damage_healed":0,"gold_gain":0,"player_choice":"Card Removal","damage_taken":0,"max_hp_gain":0,"max_hp_loss":0,"event_name":"The Cleric","floor":5,"gold_loss":50},{"damage_healed":0,"gold_gain":0,"player_choice":"Ignored","damage_taken":0,"max_hp_gain":0,"max_hp_loss":0,"event_name":"Liars Game","floor":10,"gold_loss":0},{"damage_healed":0,"gold_gain":0,"cards_transformed":["Defend_R"],"player_choice":"Change","damage_taken":0,"max_hp_gain":0,"max_hp_loss":0,"event_name":"Living Wall","floor":13,"gold_loss":0,"cards_obtained":["Pommel Strike"]},{"damage_healed":0,"gold_gain":0,"player_choice":"Opened","damage_taken":0,"relics_obtained":["Incense Burner"],"max_hp_gain":0,"max_hp_loss":0,"event_name":"The Mausoleum","floor":22,"gold_loss":0},{"damage_healed":0,"gold_gain":0,"player_choice":"Cursed","damage_taken":0,"max_hp_gain":0,"max_hp_loss":0,"event_name":"Wheel of Change","floor":25,"gold_loss":0,"cards_obtained":["Decay"]}],"is_beta":false,"boss_relics":[{"not_picked":["Runic Pyramid","Lizard Tail"],"picked":"Astrolabe"}],"items_purged_floors":[20],"is_endless":false,"potions_floor_spawned":[1,11,14,16,18,21],"killed_by":"Shelled Parasite and Fungi","ascension_level":12}