{"gold_per_floor":[119,131,131,149,164,164,190,223,223,173,173,184,51,64,64,161,161,178,93,93,111,111,111,121,121],"floor_reached":25,"playtime":947,"items_purged":[],"score":315,"play_id":"f6a8a2c5-7274-4247-a489-babb3ce42103","local_time":"20190318020920","is_ascension_mode":true,"campfire_choices":[{"data":"Entrench","floor":6,"key":"SMITH"},{"data":"Uppercut","floor":15,"key":"SMITH"},{"floor":23,"key":"REST"}],"neow_cost":"NONE","seed_source_timestamp":339957622003886,"circlet_count":0,"master_deck":["AscendersBane","Strike_R","Strike_R","Strike_R","Defend_R","Defend_R+1","Defend_R","Defend_R","Bash","Cleave","Body Slam+1","Entrench+1","Flex","Shockwave","Uppercut+1","Dual Wield","Demon Form","True Grit","Seeing Red","Armaments","True Grit+1","Disarm+1"],"relics":["Black Blood","NeowsBlessing","Bag of Preparation","Anchor","WingedGreaves","Red Skull"],"potions_floor_usage":[8,8,16,18,21,21,25],"damage_taken":[{"damage":0,"enemies":"Cultist","floor":1,"turns":1},{"damage":0,"enemies":"Jaw Worm","floor":2,"turns":1},{"damage":0,"enemies":"2 Louse","floor":4,"turns":1},{"damage":34,"enemies":"Large Slime","floor":5,"turns":8},{"damage":27,"enemies":"Lagavulin","floor":8,"turns":6},{"damage":0,"enemies":"Red Slaver","floor":12,"turns":2},{"damage":0,"enemies":"Lots of Slimes","floor":14,"turns":4},{"damage":21,"enemies":"Hexaghost","floor":16,"turns":8},{"damage":19,"enemies":"Spheric Guardian","floor":18,"turns":4},{"damage":38,"enemies":"3 Byrds","floor":21,"turns":7},{"damage":20,"enemies":"Snecko","floor":24,"turns":5},{"damage":30,"enemies":"Book of Stabbing","floor":25,"turns":7}],"seed_played":"-313156395690251922","potions_obtained":[{"floor":4,"key":"SkillPotion"},{"floor":5,"key":"Fire Potion"},{"floor":14,"key":"Fire Potion"},{"floor":16,"key":"PowerPotion"},{"floor":18,"key":"SkillPotion"},{"floor":20,"key":"SkillPotion"},{"floor":24,"key":"Dexterity Potion"}],"is_trial":false,"path_per_floor":["M","M","?","M","M","R","T","E","T","?","?","M","?","M","R","B",null,"M","$","?","M","?","R","M","E"],"character_chosen":"IRONCLAD","items_purchased":["Seeing Red","Armaments"],"campfire_rested":1,"item_purchase_floors":[19,19],"current_hp_per_floor":[78,80,64,70,42,42,42,21,21,21,21,27,27,33,33,18,65,56,56,56,28,13,38,28,0],"gold":121,"neow_bonus":"THREE_ENEMY_KILL","is_prod":false,"is_daily":false,"chose_seed":false,"campfire_upgraded":2,"win_rate":0,"timestamp":1552842560,"path_taken":["M","?","?","M","M","R","?","E","T","?","?","?","?","?","R","BOSS","M","?","?","?","?","R","M","E"],"build_version":"2019-01-23","purchased_purges":0,"victory":false,"max_hp_per_floor":[80,80,80,80,80,80,80,80,80,80,80,80,80,80,80,80,80,80,80,80,80,85,85,85,85],"card_choices":[{"not_picked":["Sword Boomerang","Thunderclap"],"picked":"Cleave","floor":1},{"not_picked":["Twin Strike","Rupture"],"picked":"Body Slam","floor":2},{"not_picked":["Hemokinesis","Rupture"],"picked":"Entrench","floor":4},{"not_picked":["Body Slam","Pummel"],"picked":"Flex","floor":5},{"not_picked":["Burning Pact","Flex"],"picked":"Shockwave","floor":8},{"not_picked":["Pommel Strike","Clothesline"],"picked":"Uppercut","floor":12},{"not_picked":["Rage","Burning Pact"],"picked":"Dual Wield","floor":14},{"not_picked":["Double Tap","Reaper"],"picked":"Demon Form","floor":16},{"not_picked":["Clash","Rampage"],"picked":"True Grit","floor":18},{"not_picked":["Iron Wave","Cleave"],"picked":"True Grit+1","floor":21},{"not_picked":["Infernal Blade","Cleave"],"picked":"Disarm+1","floor":24}],"player_experience":549474,"relics_obtained":[{"floor":7,"key":"Bag of Preparation"},{"floor":8,"key":"Anchor"},{"floor":9,"key":"WingedGreaves"}],"event_choices":[{"damage_healed":0,"gold_gain":0,"player_choice":"Entered Light","damage_taken":16,"max_hp_gain":0,"max_hp_loss":0,"event_name":"Shining Light","floor":3,"gold_loss":0,"cards_upgraded":["Body Slam","Defend_R"]},{"cards_removed":["Strike_R"],"damage_healed":0,"gold_gain":0,"player_choice":"Card Removal","damage_taken":0,"max_hp_gain":0,"max_hp_loss":0,"event_name":"The Cleric","floor":10,"gold_loss":50},{"cards_removed":["Strike_R"],"damage_healed":0,"gold_gain":0,"player_choice":"Offered Basic","damage_taken":0,"max_hp_gain":0,"max_hp_loss":0,"event_name":"Bonfire Elementals","floor":11,"gold_loss":0},{"damage_healed":0,"gold_gain":0,"player_choice":"Paid Gold","damage_taken":0,"relics_obtained":["Red Skull"],"max_hp_gain":0,"max_hp_loss":0,"event_name":"WeMeetAgain","floor":13,"gold_loss":133},{"damage_healed":0,"gold_gain":0,"player_choice":"Got Potions","damage_taken":0,"max_hp_gain":0,"max_hp_loss":0,"event_name":"Lab","floor":20,"gold_loss":0},{"damage_healed":0,"gold_gain":0,"player_choice":"Shed Blood","damage_taken":20,"max_hp_gain":5,"max_hp_loss":0,"event_name":"Forgotten Altar","floor":22,"gold_loss":0}],"is_beta":false,"boss_relics":[{"not_picked":["Runic Pyramid","Calling Bell"],"picked":"Black Blood"}],"items_purged_floors":[],"is_endless":false,"potions_floor_spawned":[4,5,14,16,18,24],"killed_by":"Book of Stabbing","ascension_level":11}