{"gold_per_floor":[112,128,138,138,138,138,88,127,127,127,142,67,86,112,112,112],"floor_reached":16,"playtime":374,"items_purged":["Strike_R"],"score":155,"play_id":"0865f414-82a5-46ca-946b-95565a758ea0","local_time":"20190317203927","is_ascension_mode":true,"campfire_choices":[{"data":"Armaments","floor":6,"key":"SMITH"},{"data":"Shrug It Off","floor":15,"key":"SMITH"}],"neow_cost":"NONE","seed_source_timestamp":320739233281536,"circlet_count":0,"master_deck":["AscendersBane","Strike_R+1","Strike_R+1","Strike_R","Strike_R","Defend_R","Defend_R","Defend_R","Bash","Iron Wave","Shrug It Off+1","Armaments+1","Evolve","Clothesline"],"relics":["Burning Blood","NeowsBlessing","Golden Idol","Sundial","Bag of Marbles","Paper Frog","Red Skull"],"potions_floor_usage":[8],"damage_taken":[{"damage":0,"enemies":"2 Louse","floor":1,"turns":1},{"damage":0,"enemies":"Small Slimes","floor":2,"turns":1},{"damage":0,"enemies":"Jaw Worm","floor":3,"turns":1},{"damage":24,"enemies":"3 Sentries","floor":8,"turns":7},{"damage":6,"enemies":"3 Louse","floor":11,"turns":3},{"damage":8,"enemies":"Blue Slaver","floor":13,"turns":4},{"damage":21,"enemies":"The Guardian","floor":16,"turns":8}],"seed_played":"115712206016745887","potions_obtained":[{"floor":2,"key":"Strength Potion"},{"floor":11,"key":"Block Potion"}],"is_trial":false,"path_per_floor":["M","M","M","?","?","R","?","E","T","?","M","$","M","T","R","B"],"character_chosen":"IRONCLAD","items_purchased":[],"campfire_rested":0,"item_purchase_floors":[],"current_hp_per_floor":[78,80,80,60,57,57,57,39,39,23,23,23,21,21,21,0],"gold":112,"neow_bonus":"THREE_ENEMY_KILL","is_prod":false,"is_daily":false,"chose_seed":false,"campfire_upgraded":2,"win_rate":0,"timestamp":1552822767,"path_taken":["M","M","M","?","?","R","?","E","T","?","M","?","M","?","R","BOSS"],"build_version":"2019-01-23","purchased_purges":1,"victory":false,"max_hp_per_floor":[80,80,80,80,80,80,80,80,80,80,80,80,80,80,80,80],"card_choices":[{"not_picked":["Havoc","Twin Strike"],"picked":"Iron Wave","floor":1},{"not_picked":["Immolate","Flex"],"picked":"Shrug It Off","floor":2},{"not_picked":["Dual Wield","Second Wind"],"picked":"Armaments","floor":3},{"not_picked":["Heavy Blade","Havoc"],"picked":"Evolve","floor":8},{"not_picked":["Searing Blow","Anger"],"picked":"Clothesline","floor":11},{"not_picked":["Fire Breathing","Dual Wield","Clothesline"],"picked":"SKIP","floor":13}],"player_experience":542380,"relics_obtained":[{"floor":8,"key":"Bag of Marbles"},{"floor":9,"key":"Paper Frog"},{"floor":14,"key":"Red Skull"}],"event_choices":[{"damage_healed":0,"gold_gain":0,"player_choice":"Take Damage","damage_taken":20,"relics_obtained":["Golden Idol"],"max_hp_gain":0,"max_hp_loss":0,"event_name":"Golden Idol","floor":4,"gold_loss":0},{"damage_healed":0,"gold_gain":0,"player_choice":"Success","damage_taken":3,"relics_obtained":["Sundial"],"max_hp_gain":0,"max_hp_loss":0,"event_name":"Scrap Ooze","floor":5,"gold_loss":0},{"cards_removed":["Defend_R"],"damage_healed":0,"gold_gain":0,"player_choice":"Card Removal","damage_taken":0,"max_hp_gain":0,"max_hp_loss":0,"event_name":"The Cleric","floor":7,"gold_loss":50},{"damage_healed":0,"gold_gain":0,"player_choice":"Entered Light","damage_taken":16,"max_hp_gain":0,"max_hp_loss":0,"event_name":"Shining Light","floor":10,"gold_loss":0,"cards_upgraded":["Strike_R","Strike_R"]}],"is_beta":false,"boss_relics":[],"items_purged_floors":[12],"is_endless":false,"potions_floor_spawned":[2,11],"killed_by":"The Guardian","ascension_level":11}