{"gold_per_floor":[113,57,73,93,112,144,144,162,232,232,232,232,245,245,245,346,346,358,36,236,254,273,273,305,321,321,221,250,267,299,299,299,402,402,417,517,517,536,547,580,580,580,580,580,115,128,175,503,503,503],"floor_reached":51,"playtime":3358,"items_purged":["Strike_G","Defend_G","A Thousand Cuts"],"score":1030,"play_id":"a3461d41-d09e-4c6e-a0da-8b5841c8dd7b","local_time":"20190319050753","is_ascension_mode":true,"campfire_choices":[{"data":"Blind","floor":7,"key":"SMITH"},{"data":"Tools of the Trade","floor":10,"key":"SMITH"},{"data":"Terror","floor":15,"key":"SMITH"},{"data":"Glass Knife","floor":23,"key":"SMITH"},{"floor":32,"key":"REST"},{"data":"Storm of Steel","floor":41,"key":"SMITH"},{"floor":49,"key":"REST"}],"neow_cost":"NONE","seed_source_timestamp":434651175875058,"circlet_count":0,"master_deck":["Survivor","Neutralize+1","Blind+1","PiercingWail","Cloak And Dagger","Cloak And Dagger","Terror+1","Tools of the Trade+1","Dagger Throw+1","Dagger Spray","Neutralize","Glass Knife+1","Leg Sweep","Calculated Gamble+1","Distraction","Outmaneuver","Noxious Fumes","Choke+1","Backstab+1","Blade Dance","Calculated Gamble","Malaise","Distraction+1","Acrobatics","Reflex","Storm of Steel+1","Madness","Madness"],"relics":["Ring of the Snake","Tough Bandages","FossilizedHelix","Singing Bowl","Sozu","Pear","Oddly Smooth Stone","Kunai","Red Mask","PreservedInsect","Molten Egg 2","Pandora\u0027s Box","Gambling Chip","Mercury Hourglass","Darkstone Periapt","Whetstone","Chemical X","Omamori","Old Coin"],"potions_floor_usage":[6,16,18],"damage_taken":[{"damage":0,"enemies":"Jaw Worm","floor":1,"turns":5},{"damage":0,"enemies":"Cultist","floor":3,"turns":5},{"damage":0,"enemies":"2 Louse","floor":4,"turns":3},{"damage":0,"enemies":"Red Slaver","floor":5,"turns":7},{"damage":32,"enemies":"Gremlin Nob","floor":6,"turns":7},{"damage":4,"enemies":"Lots of Slimes","floor":8,"turns":7},{"damage":0,"enemies":"Large Slime","floor":13,"turns":6},{"damage":0,"enemies":"Slime Boss","floor":16,"turns":8},{"damage":0,"enemies":"Spheric Guardian","floor":18,"turns":4},{"damage":14,"enemies":"2 Thieves","floor":21,"turns":4},{"damage":3,"enemies":"Snake Plant","floor":22,"turns":5},{"damage":20,"enemies":"Gremlin Leader","floor":24,"turns":11},{"damage":22,"enemies":"3 Cultists","floor":25,"turns":7},{"damage":0,"enemies":"Masked Bandits","floor":28,"turns":4},{"damage":2,"enemies":"Shelled Parasite and Fungi","floor":29,"turns":5},{"damage":2,"enemies":"Slavers","floor":30,"turns":7},{"damage":0,"enemies":"Automaton","floor":33,"turns":16},{"damage":0,"enemies":"Orb Walker","floor":35,"turns":4},{"damage":8,"enemies":"Mind Bloom Boss Battle","floor":36,"turns":6},{"damage":8,"enemies":"3 Darklings","floor":38,"turns":4},{"damage":0,"enemies":"Spire Growth","floor":39,"turns":5},{"damage":0,"enemies":"Reptomancer","floor":40,"turns":7},{"damage":16,"enemies":"Sphere and 2 Shapes","floor":46,"turns":6},{"damage":0,"enemies":"Nemesis","floor":48,"turns":5},{"damage":68,"enemies":"Donu and Deca","floor":50,"turns":18}],"seed_played":"-4147379578023452222","potions_obtained":[{"floor":3,"key":"GhostInAJar"},{"floor":8,"key":"Fire Potion"},{"floor":16,"key":"Ancient Potion"}],"is_trial":false,"path_per_floor":["M","?","M","M","M","E","R","M","T","R","?","?","M","?","R","B",null,"M","$","?","M","M","R","E","M","T","$","?","M","E","T","R","B",null,"M","?","?","M","M","E","R","?","T","?","$","M","T","E","R","B",null],"character_chosen":"THE_SILENT","items_purchased":["Pear","Whetstone","Chemical X"],"campfire_rested":2,"item_purchase_floors":[19,45,45],"current_hp_per_floor":[70,70,70,70,70,38,38,34,34,34,34,39,39,39,39,39,75,77,87,87,73,70,70,50,30,30,30,32,32,30,30,57,59,95,95,87,87,79,79,79,79,79,79,67,67,53,53,53,82,14],"gold":503,"neow_bonus":"RANDOM_COLORLESS","is_prod":false,"is_daily":false,"chose_seed":false,"campfire_upgraded":5,"win_rate":0,"timestamp":1552939673,"path_taken":["M","?","M","?","M","E","R","M","T","R","?","?","M","?","R","BOSS","M","$","?","?","M","R","E","?","T","?","?","M","E","?","R","BOSS","M","?","?","M","?","E","R","?","T","?","$","M","?","E","R","BOSS"],"build_version":"2019-01-23","purchased_purges":3,"victory":true,"max_hp_per_floor":[70,70,70,70,70,70,70,70,70,70,70,75,75,75,75,75,75,77,87,87,87,87,87,87,89,89,89,91,93,93,93,93,95,95,95,95,95,95,95,95,95,95,95,95,95,97,97,97,97,97],"card_choices":[{"not_picked":["Riddle With Holes","Deflect"],"picked":"PiercingWail","floor":1},{"not_picked":["Sucker Punch","Underhanded Strike"],"picked":"Cloak And Dagger","floor":3},{"not_picked":["Deadly Poison","Endless Agony","Dodge and Roll"],"picked":"SKIP","floor":4},{"not_picked":["Slice","Choke"],"picked":"Cloak And Dagger","floor":5},{"not_picked":["Caltrops","Flechettes"],"picked":"Terror","floor":6},{"not_picked":["Sucker Punch","Deflect"],"picked":"Tools of the Trade","floor":8},{"not_picked":["Deflect","Blade Dance"],"picked":"Dagger Spray","floor":13},{"not_picked":["Tools of the Trade","Bullet Time"],"picked":"Glass Knife","floor":16},{"not_picked":["Dagger Throw","Terror+1","Riddle With Holes"],"picked":"Singing Bowl","floor":18},{"not_picked":["Dagger Spray","Backstab"],"picked":"Leg Sweep","floor":21},{"not_picked":["Backflip","Cloak And Dagger"],"picked":"Calculated Gamble+1","floor":22},{"not_picked":["Eviscerate+1","All Out Attack"],"picked":"Distraction","floor":24},{"not_picked":["Blur","Bouncing Flask","Quick Slash"],"picked":"Singing Bowl","floor":25},{"not_picked":["Choke","Leg Sweep+1","Sucker Punch"],"picked":"Singing Bowl","floor":28},{"not_picked":["Masterful Stab","PiercingWail","Catalyst"],"picked":"Singing Bowl","floor":29},{"not_picked":["Choke+1","Deflect+1"],"picked":"Outmaneuver","floor":30},{"not_picked":["Grand Finale+1","Glass Knife+1","Envenom"],"picked":"Singing Bowl","floor":33},{"not_picked":["Blade Dance","Dagger Spray+1"],"picked":"Distraction+1","floor":35},{"not_picked":["Predator+1","Dagger Throw+1"],"picked":"Acrobatics","floor":36},{"not_picked":["Well Laid Plans","Expertise+1"],"picked":"Reflex","floor":38},{"not_picked":["Bane+1","Masterful Stab+1","Dash+1"],"picked":"SKIP","floor":39},{"not_picked":["Dodge and Roll","Heel Hook+1"],"picked":"Storm of Steel","floor":40},{"not_picked":["Deadly Poison+1","PiercingWail+1","Bane+1"],"picked":"Singing Bowl","floor":46},{"not_picked":["Cloak And Dagger+1","Deadly Poison","Crippling Poison+1"],"picked":"SKIP","floor":48}],"player_experience":570019,"relics_obtained":[{"floor":6,"key":"FossilizedHelix"},{"floor":9,"key":"Singing Bowl"},{"floor":24,"key":"Oddly Smooth Stone"},{"floor":26,"key":"Kunai"},{"floor":28,"key":"Red Mask"},{"floor":30,"key":"PreservedInsect"},{"floor":31,"key":"Molten Egg 2"},{"floor":36,"key":"Gambling Chip"},{"floor":40,"key":"Mercury Hourglass"},{"floor":43,"key":"Darkstone Periapt"},{"floor":47,"key":"Omamori"},{"floor":48,"key":"Old Coin"}],"event_choices":[{"damage_healed":0,"gold_gain":0,"player_choice":"Paid Gold","damage_taken":0,"relics_obtained":["Tough Bandages"],"max_hp_gain":0,"max_hp_loss":0,"event_name":"WeMeetAgain","floor":2,"gold_loss":56},{"damage_healed":0,"gold_gain":0,"cards_transformed":["Defend_G"],"player_choice":"Change","damage_taken":0,"max_hp_gain":0,"max_hp_loss":0,"event_name":"Living Wall","floor":11,"gold_loss":0,"cards_obtained":["Dagger Throw"]},{"damage_healed":0,"gold_gain":0,"player_choice":"Donut","damage_taken":0,"max_hp_gain":5,"max_hp_loss":0,"event_name":"Big Fish","floor":12,"gold_loss":0},{"damage_healed":0,"gold_gain":0,"player_choice":"1 cards matched","damage_taken":0,"max_hp_gain":0,"max_hp_loss":0,"event_name":"Match and Keep!","floor":14,"gold_loss":0,"cards_obtained":["Neutralize"]},{"damage_healed":0,"gold_gain":200,"player_choice":"Gold","damage_taken":0,"max_hp_gain":0,"max_hp_loss":0,"event_name":"Wheel of Change","floor":20,"gold_loss":0},{"damage_healed":0,"gold_gain":0,"player_choice":"Fought Bandits","damage_taken":0,"max_hp_gain":0,"max_hp_loss":0,"event_name":"Masked Bandits","floor":28,"gold_loss":0},{"damage_healed":0,"gold_gain":0,"player_choice":"Fight","damage_taken":0,"max_hp_gain":0,"max_hp_loss":0,"event_name":"MindBloom","floor":36,"gold_loss":0},{"damage_healed":0,"gold_gain":0,"player_choice":"Got Potions","damage_taken":0,"max_hp_gain":0,"max_hp_loss":0,"event_name":"Lab","floor":37,"gold_loss":0},{"damage_healed":0,"gold_gain":0,"player_choice":"Ignored","damage_taken":0,"max_hp_gain":0,"max_hp_loss":0,"event_name":"Mysterious Sphere","floor":42,"gold_loss":0},{"damage_healed":0,"gold_gain":0,"player_choice":"Embrace Madness","damage_taken":12,"max_hp_gain":0,"max_hp_loss":0,"event_name":"Winding Halls","floor":44,"gold_loss":0,"cards_obtained":["Madness","Madness"]}],"is_beta":false,"boss_relics":[{"not_picked":["Velvet Choker","Calling Bell"],"picked":"Sozu"},{"not_picked":["Fusion Hammer","Tiny House"],"picked":"Pandora\u0027s Box"}],"items_purged_floors":[19,27,45],"is_endless":false,"potions_floor_spawned":[3,8,16,22,24,25,30,36,40,46,48],"ascension_level":2}