{"gold_per_floor":[118,133,8,25,25,52,52,63,63,95,95,95,112,69,69,174,174,187,197,197,207,31,59,59,59,59,84,103,32,32,0,0,97,97,117,171,81,93,106,106,118,133,181,181,196,212,245,262,262,262],"floor_reached":51,"playtime":2689,"items_purged":["Strike_B","Strike_B"],"score":888,"play_id":"faebc12c-fe62-4e30-a3da-88b158b8f270","local_time":"20190318201426","is_ascension_mode":true,"campfire_choices":[{"data":"Zap","floor":7,"key":"SMITH"},{"data":"Glacier","floor":11,"key":"SMITH"},{"floor":15,"key":"REST"},{"data":"Echo Form","floor":24,"key":"SMITH"},{"data":"Loop","floor":30,"key":"SMITH"},{"floor":32,"key":"REST"},{"floor":40,"key":"REST"},{"data":"Electrodynamics","floor":44,"key":"SMITH"},{"floor":49,"key":"REST"}],"neow_cost":"NONE","seed_source_timestamp":784945692919590,"circlet_count":0,"master_deck":["Strike_B+1","Defend_B","Defend_B","Defend_B","Defend_B","Zap+1","Dualcast","Static Discharge+1","Sunder","Ball Lightning","Cold Snap+1","Glacier+1","Undo","Echo Form+1","Shame","Auto Shields","FTL+1","Loop+1","Electrodynamics+1","Self Repair+1"],"relics":["Cracked Core","Mercury Hourglass","Omamori","Bottled Lightning","Orichalcum","Calling Bell","Happy Flower","Pear","Calipers","Ornamental Fan","Lantern","Whetstone","Busted Crown","Du-Vu Doll","Oddly Smooth Stone","DataDisk"],"potions_floor_usage":[18,23,36,39,50,50,50],"damage_taken":[{"damage":0,"enemies":"Cultist","floor":1,"turns":4},{"damage":1,"enemies":"2 Louse","floor":2,"turns":3},{"damage":1,"enemies":"Jaw Worm","floor":4,"turns":3},{"damage":9,"enemies":"3 Sentries","floor":6,"turns":6},{"damage":6,"enemies":"2 Fungi Beasts","floor":8,"turns":3},{"damage":19,"enemies":"Lagavulin","floor":10,"turns":5},{"damage":4,"enemies":"Looter","floor":13,"turns":2},{"damage":4,"enemies":"The Guardian","floor":16,"turns":11},{"damage":7,"enemies":"2 Thieves","floor":18,"turns":3},{"damage":0,"enemies":"Chosen","floor":19,"turns":4},{"damage":9,"enemies":"3 Cultists","floor":21,"turns":4},{"damage":16,"enemies":"Book of Stabbing","floor":23,"turns":6},{"damage":17,"enemies":"Gremlin Leader","floor":27,"turns":7},{"damage":3,"enemies":"Centurion and Healer","floor":28,"turns":9},{"damage":34,"enemies":"Automaton","floor":33,"turns":12},{"damage":12,"enemies":"3 Darklings","floor":35,"turns":4},{"damage":46,"enemies":"2 Orb Walkers","floor":36,"turns":4},{"damage":0,"enemies":"3 Shapes","floor":38,"turns":3},{"damage":23,"enemies":"Spire Growth","floor":39,"turns":5},{"damage":5,"enemies":"3 Darklings","floor":41,"turns":5},{"damage":0,"enemies":"Maw","floor":42,"turns":8},{"damage":0,"enemies":"Jaw Worm Horde","floor":45,"turns":2},{"damage":11,"enemies":"Sphere and 2 Shapes","floor":46,"turns":4},{"damage":12,"enemies":"Nemesis","floor":47,"turns":9},{"damage":12,"enemies":"Maw","floor":48,"turns":7},{"damage":70,"enemies":"Awakened One","floor":50,"turns":17}],"seed_played":"-6105353785569214913","potions_obtained":[{"floor":1,"key":"Ancient Potion"},{"floor":8,"key":"Block Potion"},{"floor":13,"key":"Explosive Potion"},{"floor":21,"key":"EssenceOfSteel"},{"floor":27,"key":"FearPotion"},{"floor":33,"key":"AttackPotion"},{"floor":41,"key":"Explosive Potion"},{"floor":42,"key":"EssenceOfSteel"},{"floor":46,"key":"FocusPotion"},{"floor":47,"key":"Swift Potion"}],"is_trial":false,"path_per_floor":["M","M","$","M","?","E","R","M","T","E","R","?","M","?","R","B",null,"M","M","?","M","$","E","R","?","T","E","M","$","R","?","R","B",null,"M","?","?","M","M","R","M","M","T","R","M","M","E","M","R","B",null],"character_chosen":"DEFECT","items_purchased":["Ball Lightning","Auto Shields","Loop"],"campfire_rested":4,"item_purchase_floors":[3,22,29],"current_hp_per_floor":[82,81,81,80,68,59,59,53,53,34,34,34,30,30,54,50,92,85,85,85,76,76,60,60,60,60,43,40,40,40,40,67,33,92,80,34,34,44,31,58,73,83,83,83,83,82,80,78,92,22],"gold":262,"neow_bonus":"TEN_PERCENT_HP_BONUS","is_prod":false,"is_daily":false,"chose_seed":false,"campfire_upgraded":5,"win_rate":0,"timestamp":1552940066,"path_taken":["M","M","?","M","?","E","R","M","T","E","R","?","M","?","R","BOSS","M","M","?","M","$","E","R","?","T","E","M","$","R","?","R","BOSS","M","?","?","M","M","R","M","M","T","R","M","M","E","?","R","BOSS"],"build_version":"2019-01-23","purchased_purges":2,"victory":true,"max_hp_per_floor":[82,82,82,82,82,82,82,82,82,82,82,82,82,82,82,82,92,92,92,92,92,92,92,92,92,92,92,92,92,92,92,92,92,92,92,92,92,92,92,92,92,92,92,92,92,92,92,92,92,92],"card_choices":[{"not_picked":["Rebound","Barrage"],"picked":"Static Discharge","floor":1},{"not_picked":["Sweeping Beam","Reprogram"],"picked":"Sunder","floor":2},{"not_picked":["Beam Cell","Compile Driver"],"picked":"Cold Snap","floor":4},{"not_picked":["Ball Lightning","Rebound","Darkness"],"picked":"SKIP","floor":6},{"not_picked":["Compile Driver","Streamline","Sweeping Beam"],"picked":"SKIP","floor":8},{"not_picked":["Barrage","Ball Lightning"],"picked":"Glacier","floor":10},{"not_picked":["Hologram","Ball Lightning"],"picked":"Undo","floor":13},{"not_picked":["Buffer","Fission"],"picked":"Echo Form","floor":16},{"not_picked":["Rebound","Sweeping Beam","Hello World+1"],"picked":"SKIP","floor":18},{"not_picked":["Turbo","Blizzard","Core Surge"],"picked":"SKIP","floor":19},{"not_picked":["Turbo","Sweeping Beam","Gash"],"picked":"SKIP","floor":21},{"not_picked":["Storm+1","Core Surge","Barrage"],"picked":"SKIP","floor":23},{"not_picked":["Doom and Gloom","Turbo+1"],"picked":"FTL","floor":27},{"not_picked":["Aggregate","Tempest","Compile Driver"],"picked":"SKIP","floor":28},{"not_picked":["Rainbow","Creative AI"],"picked":"Electrodynamics","floor":33},{"not_picked":["Go for the Eyes"],"picked":"SKIP","floor":35},{"not_picked":[],"picked":"Self Repair+1","floor":36},{"not_picked":["Beam Cell+1"],"picked":"SKIP","floor":38},{"not_picked":["Cold Snap"],"picked":"SKIP","floor":39},{"not_picked":["Beam Cell"],"picked":"SKIP","floor":41},{"not_picked":["Streamline+1"],"picked":"SKIP","floor":42},{"not_picked":["Genetic Algorithm+1"],"picked":"SKIP","floor":45},{"not_picked":["Recycle"],"picked":"SKIP","floor":46},{"not_picked":["Ball Lightning"],"picked":"SKIP","floor":47},{"not_picked":["Steam+1"],"picked":"SKIP","floor":48}],"player_experience":131904,"relics_obtained":[{"floor":6,"key":"Omamori"},{"floor":9,"key":"Bottled Lightning"},{"floor":10,"key":"Orichalcum"},{"floor":17,"key":"Happy Flower"},{"floor":17,"key":"Pear"},{"floor":17,"key":"Calipers"},{"floor":23,"key":"Ornamental Fan"},{"floor":26,"key":"Lantern"},{"floor":27,"key":"Whetstone"},{"floor":36,"key":"Du-Vu Doll"},{"floor":43,"key":"Oddly Smooth Stone"},{"floor":47,"key":"DataDisk"}],"event_choices":[{"damage_healed":0,"gold_gain":0,"player_choice":"Success","damage_taken":12,"relics_obtained":["Mercury Hourglass"],"max_hp_gain":0,"max_hp_loss":0,"event_name":"Scrap Ooze","floor":5,"gold_loss":0},{"damage_healed":0,"gold_gain":0,"player_choice":"Grow","damage_taken":0,"max_hp_gain":0,"max_hp_loss":0,"event_name":"Living Wall","floor":12,"gold_loss":0,"cards_upgraded":["Static Discharge"]},{"damage_healed":0,"gold_gain":0,"player_choice":"Left Gold","damage_taken":0,"max_hp_gain":0,"max_hp_loss":0,"event_name":"World of Goop","floor":14,"gold_loss":43},{"damage_healed":0,"gold_gain":0,"player_choice":"Ignored","damage_taken":0,"max_hp_gain":0,"max_hp_loss":0,"event_name":"Ghosts","floor":20,"gold_loss":0},{"damage_healed":0,"gold_gain":0,"player_choice":"Ignored","damage_taken":0,"max_hp_gain":0,"max_hp_loss":0,"event_name":"Vampires","floor":25,"gold_loss":0},{"damage_healed":0,"gold_gain":0,"player_choice":"Paid Fearfully","damage_taken":0,"max_hp_gain":0,"max_hp_loss":0,"event_name":"Masked Bandits","floor":31,"gold_loss":32},{"damage_healed":0,"gold_gain":0,"player_choice":"Fight","damage_taken":0,"max_hp_gain":0,"max_hp_loss":0,"event_name":"Mysterious Sphere","floor":36,"gold_loss":0},{"cards_removed":["Strike_B"],"damage_healed":0,"gold_gain":0,"player_choice":"Upgrade and Remove","damage_taken":0,"max_hp_gain":0,"max_hp_loss":0,"event_name":"Designer","floor":37,"gold_loss":90,"cards_upgraded":["FTL"]}],"is_beta":false,"boss_relics":[{"not_picked":["Orrery","Tiny House"],"picked":"Calling Bell"},{"not_picked":["White Beast Statue","Runic Dome"],"picked":"Busted Crown"}],"items_purged_floors":[3,22],"is_endless":false,"potions_floor_spawned":[1,8,13,21,27,33,41,42,45,46,47],"ascension_level":1}