{"gold_per_floor":[114,114,124,136,156,156,191,208,233,233,253,253,253,271,271,369,369,389,225,225,189,207,207],"floor_reached":23,"playtime":1052,"items_purged":["Defend_R"],"score":243,"play_id":"21a890b6-fd4a-438e-ae28-86981816b22d","local_time":"20180713012544","is_ascension_mode":false,"campfire_choices":[{"data":"Pommel Strike","floor":6,"key":"SMITH"},{"data":"Perfected Strike","floor":10,"key":"SMITH"},{"data":"Bash","floor":13,"key":"SMITH"},{"floor":15,"key":"REST"}],"neow_cost":"TEN_PERCENT_HP_LOSS","seed_source_timestamp":17528561497024,"circlet_count":0,"master_deck":["Strike_R","Strike_R","Strike_R","Strike_R","Bash+1","Cleave","Perfected Strike+1","Pommel Strike+1","Warcry","Combust","Fire Breathing","Pommel Strike","Seeing Red","Double Tap","Rage","Perfected Strike","Armaments","Metallicize","Pommel Strike"],"relics":["Burning Blood","Bottled Lightning","Strawberry","Busted Crown"],"potions_floor_usage":[16,16,16],"damage_taken":[{"damage":7,"enemies":"Small Slimes","floor":1,"turns":3},{"damage":6,"enemies":"Jaw Worm","floor":3,"turns":3},{"damage":1,"enemies":"Cultist","floor":4,"turns":3},{"damage":0,"enemies":"Large Slime","floor":5,"turns":3},{"damage":35,"enemies":"3 Sentries","floor":7,"turns":6},{"damage":17,"enemies":"Looter","floor":8,"turns":3},{"damage":13,"enemies":"Gremlin Gang","floor":11,"turns":3},{"damage":21,"enemies":"Blue Slaver","floor":14,"turns":3},{"damage":3,"enemies":"Slime Boss","floor":16,"turns":4},{"damage":22,"enemies":"2 Thieves","floor":18,"turns":2},{"damage":27,"enemies":"3 Byrds","floor":22,"turns":4},{"damage":42,"enemies":"Gremlin Leader","floor":23,"turns":4}],"seed_played":"-5963978140588369804","potions_obtained":[{"floor":4,"key":"EssenceOfSteel"},{"floor":8,"key":"Fire Potion"},{"floor":11,"key":"Fire Potion"},{"floor":16,"key":"SpeedPotion"},{"floor":22,"key":"Weak Potion"}],"is_trial":false,"path_per_floor":["M","?","M","M","M","R","E","M","T","R","M","?","R","M","R","B",null,"M","$","?","$","M"],"character_chosen":"IRONCLAD","items_purchased":["Rage","Perfected Strike","Metallicize"],"campfire_rested":1,"item_purchase_floors":[19,19,21],"current_hp_per_floor":[71,71,71,72,72,72,43,32,39,39,32,25,25,10,33,36,79,63,63,63,63,42,0],"gold":207,"neow_bonus":"REMOVE_TWO","is_prod":false,"is_daily":false,"chose_seed":false,"campfire_upgraded":3,"win_rate":0,"timestamp":1531470344,"path_taken":["M","?","?","M","M","R","E","M","T","R","M","?","R","M","R","BOSS","M","$","?","$","M","E"],"build_version":"2018-07-12","purchased_purges":1,"victory":false,"max_hp_per_floor":[72,72,72,72,72,72,72,72,79,79,79,79,79,79,79,79,79,79,79,79,79,79,79],"card_choices":[{"not_picked":["Thunderclap","Feel No Pain"],"picked":"Cleave","floor":1},{"not_picked":["Shrug It Off","Cleave"],"picked":"Perfected Strike","floor":3},{"not_picked":["Shrug It Off","Warcry"],"picked":"Pommel Strike","floor":4},{"not_picked":["Iron Wave","Heavy Blade"],"picked":"Warcry","floor":5},{"not_picked":["Ghostly Armor","Bludgeon"],"picked":"Combust","floor":7},{"not_picked":["Twin Strike","Shrug It Off"],"picked":"Fire Breathing","floor":8},{"not_picked":["Wild Strike","Spot Weakness"],"picked":"Pommel Strike","floor":11},{"not_picked":["Headbutt","True Grit"],"picked":"Seeing Red","floor":14},{"not_picked":["Dark Embrace","Impervious"],"picked":"Double Tap","floor":16},{"not_picked":["Reckless Charge"],"picked":"SKIP","floor":18},{"not_picked":[],"picked":"Pommel Strike","floor":22}],"player_experience":32824,"relics_obtained":[{"floor":7,"key":"Bottled Lightning"},{"floor":9,"key":"Strawberry"}],"event_choices":[{"event_name":"Living Wall","player_choice":"Forget","floor":2,"damage_taken":0},{"event_name":"Golden Wing","player_choice":"Card Removal","floor":12,"damage_taken":0},{"event_name":"The Library","player_choice":"Read","floor":20,"damage_taken":0}],"boss_relics":[{"not_picked":["Runic Cube","Lizard Tail"],"picked":"Busted Crown"}],"items_purged_floors":[19],"is_endless":false,"potions_floor_spawned":[4,8,11,16,22],"killed_by":"Gremlin Leader","ascension_level":0}