{"gold_per_floor":[109,123,140,140,153,153,179,179,179,192,210,210],"floor_reached":12,"playtime":551,"items_purged":[],"score":82,"play_id":"f541e70d-c569-4003-ba0a-38e885702914","local_time":"20190319221114","is_ascension_mode":false,"campfire_choices":[{"data":"Apotheosis","floor":6,"key":"SMITH"}],"neow_cost":"PERCENT_DAMAGE","seed_source_timestamp":262072035966545,"circlet_count":0,"master_deck":["Strike_R","Strike_R","Strike_R","Strike_R","Strike_R","Defend_R+1","Defend_R","Defend_R","Defend_R","Bash","Apotheosis+1","Dramatic Entrance","Sword Boomerang","Headbutt","Havoc+1","Pommel Strike","Brutality","Pommel Strike"],"relics":["Burning Blood","Champion Belt","Peace Pipe","Calipers"],"potions_floor_usage":[12,12],"damage_taken":[{"damage":9,"enemies":"Cultist","floor":1,"turns":4},{"damage":2,"enemies":"2 Louse","floor":2,"turns":3},{"damage":0,"enemies":"Small Slimes","floor":3,"turns":3},{"damage":18,"enemies":"Exordium Thugs","floor":5,"turns":4},{"damage":15,"enemies":"Gremlin Nob","floor":7,"turns":4},{"damage":7,"enemies":"Looter","floor":10,"turns":3},{"damage":13,"enemies":"Red Slaver","floor":11,"turns":2},{"damage":15,"enemies":"Exordium Thugs","floor":12,"turns":7}],"seed_played":"-2066492758467497069","potions_obtained":[{"floor":1,"key":"GamblersBrew"},{"floor":5,"key":"AttackPotion"},{"floor":7,"key":"GamblersBrew"}],"is_trial":false,"path_per_floor":["M","M","M","?","M","R","E","?","T","M","M","M"],"character_chosen":"IRONCLAD","items_purchased":[],"campfire_rested":0,"item_purchase_floors":[],"current_hp_per_floor":[53,57,63,60,48,48,39,23,23,22,15,0],"gold":210,"neow_bonus":"RANDOM_COLORLESS_2","is_prod":false,"is_daily":false,"chose_seed":false,"campfire_upgraded":1,"win_rate":0,"timestamp":1553044274,"path_taken":["M","?","M","?","M","R","E","?","T","M","?","M"],"build_version":"2019-01-23","purchased_purges":0,"victory":false,"max_hp_per_floor":[80,80,80,80,80,80,80,80,80,80,80,80],"card_choices":[{"not_picked":["Headbutt","Second Wind"],"picked":"Sword Boomerang","floor":1},{"not_picked":["Rupture","Intimidate"],"picked":"Headbutt","floor":2},{"not_picked":["Shrug It Off","Heavy Blade"],"picked":"Havoc","floor":3},{"not_picked":["Twin Strike","Reckless Charge"],"picked":"Pommel Strike","floor":5},{"not_picked":["Clothesline","Warcry"],"picked":"Brutality","floor":7},{"not_picked":["Blood for Blood","Carnage","Burning Pact"],"picked":"SKIP","floor":10},{"not_picked":["True Grit","Feel No Pain"],"picked":"Pommel Strike","floor":11}],"player_experience":58522,"relics_obtained":[{"floor":7,"key":"Peace Pipe"},{"floor":9,"key":"Calipers"}],"event_choices":[{"damage_healed":0,"gold_gain":0,"player_choice":"Success","damage_taken":3,"relics_obtained":["Champion Belt"],"max_hp_gain":0,"max_hp_loss":0,"event_name":"Scrap Ooze","floor":4,"gold_loss":0},{"damage_healed":0,"gold_gain":0,"player_choice":"Entered Light","damage_taken":16,"max_hp_gain":0,"max_hp_loss":0,"event_name":"Shining Light","floor":8,"gold_loss":0,"cards_upgraded":["Havoc","Defend_R"]}],"is_beta":false,"boss_relics":[],"items_purged_floors":[],"is_endless":false,"potions_floor_spawned":[1,5,7],"killed_by":"Exordium Thugs","ascension_level":0}