{"gold_per_floor":[118,133,151,164,164,164,181,216,243,255,62,76,96,96,96,194,194,213,213,113,113,127,127,127,127,127,141,141,153,172,182,182,182],"floor_reached":33,"playtime":1115,"items_purged":["Strike_B","Strike_B+1"],"score":253,"play_id":"aa6b3261-b77a-43d6-960d-8dd804f5de16","local_time":"20190308223301","is_ascension_mode":false,"campfire_choices":[{"data":"White Noise","floor":6,"key":"SMITH"},{"floor":15,"key":"REST"},{"data":"Storm","floor":23,"key":"SMITH"},{"data":"Zap","floor":28,"key":"SMITH"},{"floor":32,"key":"REST"}],"neow_cost":"NONE","seed_source_timestamp":94526914233625,"circlet_count":0,"master_deck":["Strike_B+1","Strike_B+1","Defend_B+1","Defend_B+1","Defend_B+1","Defend_B+1","Zap+1","Dualcast","Reboot","Loop","White Noise+1","Storm+1","Creative AI","Ball Lightning","BootSequence","Force Field","Auto Shields","Loop","Capacitor","Seek","Glacier+1","Conserve Battery","Clumsy","Lockon","Barrage+1"],"relics":["Cracked Core","Blue Candle","Shovel","Bronze Scales","Cursed Key","MutagenicStrength","Letter Opener"],"potions_floor_usage":[29,33],"damage_taken":[{"damage":0,"enemies":"Cultist","floor":1,"turns":4},{"damage":0,"enemies":"Small Slimes","floor":2,"turns":3},{"damage":1,"enemies":"2 Louse","floor":3,"turns":4},{"damage":6,"enemies":"Large Slime","floor":4,"turns":5},{"damage":5,"enemies":"Looter","floor":7,"turns":3},{"damage":18,"enemies":"3 Sentries","floor":8,"turns":3},{"damage":5,"enemies":"3 Louse","floor":10,"turns":3},{"damage":9,"enemies":"2 Fungi Beasts","floor":12,"turns":3},{"damage":0,"enemies":"Exordium Thugs","floor":13,"turns":4},{"damage":19,"enemies":"The Guardian","floor":16,"turns":9},{"damage":9,"enemies":"Shell Parasite","floor":18,"turns":6},{"damage":0,"enemies":"Spheric Guardian","floor":22,"turns":3},{"damage":2,"enemies":"Shelled Parasite and Fungi","floor":27,"turns":4},{"damage":17,"enemies":"Cultist and Chosen","floor":29,"turns":4},{"damage":15,"enemies":"Snake Plant","floor":30,"turns":3},{"damage":0,"enemies":"3 Cultists","floor":31,"turns":4},{"damage":10,"enemies":"Collector","floor":33,"turns":3}],"seed_played":"7925269612974638526","potions_obtained":[{"floor":3,"key":"Energy Potion"},{"floor":7,"key":"Dexterity Potion"},{"floor":8,"key":"SkillPotion"},{"floor":31,"key":"SpeedPotion"}],"is_trial":false,"path_per_floor":["M","M","M","M","T","R","M","E","T","M","$","M","M","?","R","B",null,"M","?","$","?","M","R","?","?","T","M","R","M","M","M","R","B"],"character_chosen":"DEFECT","items_purchased":["Auto Shields","Loop"],"campfire_rested":2,"item_purchase_floors":[11,11],"current_hp_per_floor":[75,75,74,68,68,68,63,45,45,40,40,31,31,31,53,34,75,66,66,66,52,52,52,52,52,52,50,50,33,18,18,42,32],"gold":182,"neow_bonus":"ONE_RANDOM_RARE_CARD","is_prod":false,"is_daily":false,"chose_seed":false,"campfire_upgraded":3,"win_rate":0,"timestamp":1552084381,"path_taken":["M","M","M","M","?","R","?","E","T","M","$","M","M","?","R","BOSS","M","?","$","?","M","R","?","?","T","M","R","M","M","M","R","BOSS"],"build_version":"2019-01-23","purchased_purges":2,"victory":false,"max_hp_per_floor":[75,75,75,75,75,75,75,75,75,75,75,75,75,75,75,75,75,75,75,75,80,80,80,80,80,80,80,80,80,80,80,80,80],"card_choices":[{"not_picked":["Steam","Streamline"],"picked":"Loop","floor":1},{"not_picked":["Undo","Turbo"],"picked":"White Noise","floor":2},{"not_picked":["Turbo","Conserve Battery"],"picked":"Storm","floor":3},{"not_picked":["Coolheaded","Force Field"],"picked":"Creative AI","floor":4},{"not_picked":["Sweeping Beam","Go for the Eyes"],"picked":"Ball Lightning","floor":7},{"not_picked":["Hologram","Consume"],"picked":"BootSequence","floor":8},{"not_picked":["Sunder","Stack"],"picked":"Force Field","floor":10},{"not_picked":["Genetic Algorithm","Go for the Eyes"],"picked":"Capacitor","floor":12},{"not_picked":["Reprogram","Doom and Gloom","Coolheaded"],"picked":"SKIP","floor":13},{"not_picked":["Reboot","Core Surge"],"picked":"Seek","floor":16},{"not_picked":["Genetic Algorithm","BootSequence"],"picked":"Glacier+1","floor":18},{"not_picked":["Rebound","Redo"],"picked":"Conserve Battery","floor":22},{"not_picked":["Aggregate","Barrage"],"picked":"Lockon","floor":27},{"not_picked":["Turbo","Redo","Streamline"],"picked":"SKIP","floor":29},{"not_picked":["Rebound+1","Skim","Chaos"],"picked":"SKIP","floor":30},{"not_picked":["Go for the Eyes","Undo"],"picked":"Barrage+1","floor":31}],"player_experience":80888,"relics_obtained":[{"floor":5,"key":"Blue Candle"},{"floor":8,"key":"Shovel"},{"floor":9,"key":"Bronze Scales"},{"floor":26,"key":"Letter Opener"}],"event_choices":[{"damage_healed":0,"gold_gain":0,"player_choice":"Ignored","damage_taken":0,"max_hp_gain":0,"max_hp_loss":0,"event_name":"Golden Idol","floor":14,"gold_loss":0},{"damage_healed":0,"gold_gain":0,"player_choice":"Simplicity","damage_taken":0,"max_hp_gain":0,"max_hp_loss":0,"event_name":"Back to Basics","floor":19,"gold_loss":0,"cards_upgraded":["Strike_B","Strike_B","Strike_B","Defend_B","Defend_B","Defend_B","Defend_B"]},{"damage_healed":0,"gold_gain":0,"player_choice":"Shed Blood","damage_taken":19,"max_hp_gain":5,"max_hp_loss":0,"event_name":"Forgotten Altar","floor":21,"gold_loss":0},{"damage_healed":0,"gold_gain":0,"player_choice":"Ignored","damage_taken":0,"max_hp_gain":0,"max_hp_loss":0,"event_name":"Vampires","floor":24,"gold_loss":0},{"damage_healed":0,"gold_gain":0,"player_choice":"Inject Mutagens","damage_taken":0,"relics_obtained":["MutagenicStrength"],"max_hp_gain":0,"max_hp_loss":0,"event_name":"Drug Dealer","floor":25,"gold_loss":0}],"is_beta":false,"boss_relics":[{"not_picked":["Ectoplasm","FrozenCore"],"picked":"Cursed Key"}],"items_purged_floors":[11,20],"is_endless":false,"potions_floor_spawned":[3,7,8,16,18,31],"killed_by":"Collector","ascension_level":0}