{"gold_per_floor":[109,122,139,12,25,25,37,51,51,64,64,27,27,47,47,143,143,162,22,32,32,6,6,20,20,20,38,138,138],"floor_reached":29,"playtime":1351,"items_purged":["Strike_R"],"score":244,"play_id":"70e595aa-3308-43e2-abff-2233c60f980d","local_time":"20190319223412","is_ascension_mode":false,"campfire_choices":[{"data":"Spot Weakness","floor":6,"key":"SMITH"},{"data":"Bash","floor":11,"key":"SMITH"},{"data":"Anger","floor":15,"key":"SMITH"},{"data":"Inflame","floor":23,"key":"SMITH"},{"floor":25,"key":"REST"}],"neow_cost":"NONE","seed_source_timestamp":262649895625825,"circlet_count":0,"master_deck":["Strike_R","Defend_R","Defend_R","Defend_R","Defend_R","Bash+1","Spot Weakness+1","Anger+1","Rage","Flex","Rage","Flex","Dropkick","Flex","Reckless Charge","Warcry","Berserk","Corruption+1","Battle Trance+1","Shockwave+1","Iron Wave+1","Clash","Flex","Inflame+1","Cleave","Flex","Iron Wave","Anger"],"relics":["Burning Blood","Gremlin Horn","Astrolabe","NlothsMask","Gambling Chip","Bottled Flame"],"potions_floor_usage":[16,16,27,27],"damage_taken":[{"damage":6,"enemies":"Cultist","floor":1,"turns":3},{"damage":15,"enemies":"Jaw Worm","floor":2,"turns":6},{"damage":3,"enemies":"Small Slimes","floor":3,"turns":3},{"damage":53,"enemies":"Exordium Thugs","floor":5,"turns":8},{"damage":1,"enemies":"2 Fungi Beasts","floor":7,"turns":3},{"damage":8,"enemies":"3 Louse","floor":8,"turns":5},{"damage":14,"enemies":"Exordium Wildlife","floor":10,"turns":2},{"damage":0,"enemies":"Blue Slaver","floor":14,"turns":1},{"damage":35,"enemies":"Hexaghost","floor":16,"turns":8},{"damage":11,"enemies":"Chosen","floor":18,"turns":2},{"damage":37,"enemies":"Shell Parasite","floor":20,"turns":6},{"damage":27,"enemies":"Snake Plant","floor":24,"turns":4},{"damage":0,"enemies":"Snecko","floor":27,"turns":3},{"damage":27,"enemies":"Colosseum Slavers","floor":28,"turns":5},{"damage":30,"enemies":"Colosseum Nobs","floor":28,"turns":4},{"damage":22,"enemies":"Cultist and Chosen","floor":29,"turns":4}],"seed_played":"2988869102485679703","potions_obtained":[{"floor":2,"key":"Weak Potion"},{"floor":3,"key":"Poison Potion"},{"floor":8,"key":"SteroidPotion"},{"floor":24,"key":"Strength Potion"},{"floor":28,"key":"Dexterity Potion"}],"is_trial":false,"path_per_floor":["M","M","M","$","M","R","M","M","T","M","R","$","$","M","R","B",null,"M","$","M","?","$","R","M","R","T","M","?","M"],"character_chosen":"IRONCLAD","items_purchased":["Flex","Reckless Charge","Clash","Flex","Inflame","Flex"],"campfire_rested":1,"item_purchase_floors":[4,12,19,19,19,22],"current_hp_per_floor":[88,79,82,82,35,35,40,38,38,30,30,30,30,36,36,7,88,83,83,52,52,52,52,31,57,57,63,18,0],"gold":138,"neow_bonus":"TEN_PERCENT_HP_BONUS","is_prod":false,"is_daily":false,"chose_seed":false,"campfire_upgraded":4,"win_rate":0,"timestamp":1553045652,"path_taken":["M","M","M","$","M","R","M","M","T","M","R","?","$","M","R","BOSS","M","$","M","?","?","R","M","R","T","M","?","M"],"build_version":"2019-01-23","purchased_purges":1,"victory":false,"max_hp_per_floor":[88,88,88,88,88,88,88,88,88,88,88,88,88,88,88,88,88,88,88,88,88,88,88,88,88,88,88,88,88],"card_choices":[{"not_picked":["Cleave","Whirlwind"],"picked":"Spot Weakness","floor":1},{"not_picked":["Searing Blow","Burning Pact"],"picked":"Anger","floor":2},{"not_picked":["Shrug It Off","Pommel Strike"],"picked":"Rage","floor":3},{"not_picked":["Burning Pact","Heavy Blade"],"picked":"Rage","floor":5},{"not_picked":["Wild Strike","Searing Blow"],"picked":"Flex","floor":7},{"not_picked":["Combust","Barricade"],"picked":"Dropkick","floor":8},{"not_picked":["Thunderclap","Spot Weakness"],"picked":"Flex","floor":10},{"not_picked":["Combust","Cleave"],"picked":"Warcry","floor":14},{"not_picked":["Immolate","Exhume"],"picked":"Berserk","floor":16},{"not_picked":["Uppercut","Havoc"],"picked":"Iron Wave+1","floor":18},{"not_picked":["Perfected Strike+1","Twin Strike"],"picked":"Cleave","floor":20},{"not_picked":["Sentinel","Perfected Strike","Entrench"],"picked":"SKIP","floor":24},{"not_picked":["Wild Strike","Heavy Blade"],"picked":"Iron Wave","floor":27},{"not_picked":["Rampage","Impervious"],"picked":"Anger","floor":28}],"player_experience":59073,"relics_obtained":[{"floor":9,"key":"Gremlin Horn"},{"floor":28,"key":"Gambling Chip"},{"floor":28,"key":"Bottled Flame"}],"event_choices":[{"damage_healed":0,"gold_gain":0,"player_choice":"Trade","damage_taken":0,"relics_obtained":["NlothsMask"],"max_hp_gain":0,"max_hp_loss":0,"event_name":"FaceTrader","floor":21,"gold_loss":0},{"damage_healed":0,"gold_gain":0,"player_choice":"Fight","damage_taken":0,"max_hp_gain":0,"max_hp_loss":0,"event_name":"Colosseum","floor":28,"gold_loss":0},{"damage_healed":0,"gold_gain":0,"player_choice":"Fought Nobs","damage_taken":0,"max_hp_gain":0,"max_hp_loss":0,"event_name":"Colosseum","floor":28,"gold_loss":0}],"is_beta":false,"boss_relics":[{"not_picked":["Velvet Choker","Ectoplasm"],"picked":"Astrolabe"}],"items_purged_floors":[4],"is_endless":false,"potions_floor_spawned":[2,3,8,14,24,28,28],"killed_by":"Cultist and Chosen","ascension_level":0}