{"gold_per_floor":[117,117,134,134,134,169,9,9,36,48,70,42,79,109,121,212,224,250,209,159,176,176],"floor_reached":22,"playtime":545,"items_purged":[],"score":355,"play_id":"e9929ac1-f128-4a24-a1c7-e2f0eed0477d","local_time":"20190303200022","is_ascension_mode":true,"campfire_choices":[{"floor":8,"key":"REST"},{"floor":15,"key":"REST"}],"neow_cost":"NONE","seed_source_timestamp":176038799433600,"circlet_count":0,"master_deck":["AscendersBane","Zap+1","Dualcast","Doom and Gloom","Ball Lightning","FTL","Echo Form","Rainbow","Consume","Rebound","Biased Cognition","Storm","Barrage","Echo Form","Conserve Battery","Sweeping Beam","Cold Snap"],"relics":["Cracked Core","Symbiotic Virus","Potion Belt","Bag of Marbles","MawBank","StoneCalendar","Pandora\u0027s Box"],"potions_floor_usage":[6,13,13,16,21],"damage_taken":[{"damage":1,"enemies":"Cultist","floor":1,"turns":4},{"damage":6,"enemies":"Small Slimes","floor":3,"turns":3},{"damage":15,"enemies":"3 Sentries","floor":6,"turns":3},{"damage":6,"enemies":"2 Louse","floor":11,"turns":2},{"damage":20,"enemies":"Lagavulin","floor":13,"turns":4},{"damage":0,"enemies":"Large Slime","floor":14,"turns":2},{"damage":21,"enemies":"The Guardian","floor":16,"turns":8},{"damage":21,"enemies":"Spheric Guardian","floor":18,"turns":4},{"damage":21,"enemies":"Shell Parasite","floor":21,"turns":3},{"damage":19,"enemies":"Shelled Parasite and Fungi","floor":22,"turns":1}],"seed_played":"-8530132363898140135","potions_obtained":[{"floor":3,"key":"Explosive Potion"},{"floor":12,"key":"Dexterity Potion"},{"floor":12,"key":"Poison Potion"},{"floor":12,"key":"Ancient Potion"},{"floor":13,"key":"LiquidBronze"},{"floor":14,"key":"SteroidPotion"},{"floor":16,"key":"EssenceOfSteel"},{"floor":21,"key":"SkillPotion"}],"is_trial":false,"path_per_floor":["M","?","M","?","?","E","$","R","T","?","M","?","E","M","R","B",null,"M","$","?","M","M"],"character_chosen":"DEFECT","items_purchased":["Bag of Marbles","Sweeping Beam"],"campfire_rested":2,"item_purchase_floors":[7,19],"current_hp_per_floor":[70,59,53,46,46,31,31,54,54,31,25,25,5,5,28,7,60,39,39,39,18,0],"gold":176,"neow_bonus":"TEN_PERCENT_HP_BONUS","is_prod":false,"is_daily":false,"chose_seed":false,"campfire_upgraded":0,"win_rate":0,"timestamp":1551672022,"path_taken":["M","?","M","?","?","E","$","R","T","?","?","?","E","M","R","BOSS","M","?","?","M","?"],"build_version":"2019-01-23","purchased_purges":0,"victory":false,"max_hp_per_floor":[78,78,78,78,78,78,78,78,78,78,78,78,78,78,78,78,78,78,78,78,78,78],"card_choices":[{"not_picked":["Cold Snap","Coolheaded"],"picked":"Doom and Gloom","floor":1},{"not_picked":["Gash","Redo","Steam Power"],"picked":"SKIP","floor":3},{"not_picked":["Capacitor","Coolheaded"],"picked":"Ball Lightning","floor":6},{"not_picked":["Loop","Lockon"],"picked":"FTL","floor":11},{"not_picked":["Meteor Strike","Beam Cell","Streamline"],"picked":"SKIP","floor":13},{"not_picked":["Redo","Blizzard","Streamline"],"picked":"SKIP","floor":14},{"not_picked":["Biased Cognition","Machine Learning"],"picked":"Echo Form","floor":16},{"not_picked":["Barrage","Hologram"],"picked":"Conserve Battery","floor":18},{"not_picked":["Reinforced Body+1","Consume+1"],"picked":"Cold Snap","floor":21}],"player_experience":1242522,"relics_obtained":[{"floor":6,"key":"Potion Belt"},{"floor":9,"key":"MawBank"},{"floor":13,"key":"StoneCalendar"}],"event_choices":[{"damage_healed":0,"gold_gain":0,"player_choice":"Success","damage_taken":11,"relics_obtained":["Symbiotic Virus"],"max_hp_gain":0,"max_hp_loss":0,"event_name":"Scrap Ooze","floor":2,"gold_loss":0},{"cards_removed":["Strike_B"],"damage_healed":0,"gold_gain":0,"player_choice":"Card Removal","damage_taken":7,"max_hp_gain":0,"max_hp_loss":0,"event_name":"Golden Wing","floor":4,"gold_loss":0},{"damage_healed":0,"gold_gain":0,"player_choice":"Grow","damage_taken":0,"max_hp_gain":0,"max_hp_loss":0,"event_name":"Living Wall","floor":5,"gold_loss":0,"cards_upgraded":["Zap"]},{"damage_healed":0,"gold_gain":0,"player_choice":"Entered Light","damage_taken":23,"max_hp_gain":0,"max_hp_loss":0,"event_name":"Shining Light","floor":10,"gold_loss":0,"cards_upgraded":["Strike_B","Defend_B"]},{"damage_healed":0,"gold_gain":0,"player_choice":"Bought 3 Potions","damage_taken":0,"max_hp_gain":0,"max_hp_loss":0,"event_name":"The Woman in Blue","floor":12,"gold_loss":0},{"damage_healed":0,"gold_gain":0,"player_choice":"Bet on Owner","damage_taken":0,"max_hp_gain":0,"max_hp_loss":0,"event_name":"The Joust","floor":20,"gold_loss":50}],"is_beta":false,"boss_relics":[{"not_picked":["Astrolabe","Inserter"],"picked":"Pandora\u0027s Box"}],"items_purged_floors":[],"is_endless":false,"potions_floor_spawned":[3,13,14,16,21],"killed_by":"Shelled Parasite and Fungi","ascension_level":17}