{"gold_per_floor":[111,27,40,40,40,65,65,65,134,168,168,195,210,227,227,328,328,346,361,5,5,20,54,54,70,70,70,70,70,88,106,106,210,210,228,228,246,246,264,264,4,4,4,4,22,37,48,83,83,83,83,83,1,35,35],"floor_reached":55,"playtime":3006,"items_purged":["Strike_B"],"score":748,"play_id":"99fa971d-18c6-4c72-93bc-662c668e93d7","local_time":"20190316150544","is_ascension_mode":true,"campfire_choices":[{"data":"Zap","floor":7,"key":"SMITH"},{"data":"Defragment","floor":11,"key":"SMITH"},{"data":"Go for the Eyes","floor":15,"key":"SMITH"},{"data":"Fission","floor":24,"key":"SMITH"},{"floor":28,"key":"RECALL"},{"data":"Consume","floor":32,"key":"SMITH"},{"floor":40,"key":"REST"},{"floor":42,"key":"REST"},{"floor":44,"key":"REST"},{"floor":49,"key":"REST"},{"floor":52,"key":"REST"}],"neow_cost":"NONE","seed_source_timestamp":269313054313968,"circlet_count":0,"master_deck":["Strike_B","Defend_B+1","Defend_B","Defend_B","Defend_B+1","Zap+1","Dualcast","Leap","Defragment+1","Cold Snap+1","Ball Lightning","Tempest","Core Surge","Go for the Eyes+1","Self Repair","Echo Form","Recycle","Leap+1","Glacier","Stack+1","Fission+1","Compile Driver","Consume+1","Reinforced Body+1","Reboot","Compile Driver+1","Coolheaded+1","Stack+1","White Noise+1","Barrage+1","PanicButton"],"relics":["Cracked Core","NeowsBlessing","Pen Nib","Turnip","Anchor","Orrery","Runic Capacitor","Matryoshka","Bag of Marbles","Bird Faced Urn","Fusion Hammer","Bottled Tornado","Blue Candle","Vajra","War Paint","Strawberry"],"potions_floor_usage":[33,33,55,55,55],"damage_taken":[{"damage":0,"enemies":"Jaw Worm","floor":1,"turns":1},{"damage":0,"enemies":"Small Slimes","floor":3,"turns":1},{"damage":0,"enemies":"Gremlin Nob","floor":6,"turns":1},{"damage":13,"enemies":"3 Sentries","floor":10,"turns":6},{"damage":6,"enemies":"Lagavulin","floor":12,"turns":5},{"damage":0,"enemies":"2 Louse","floor":13,"turns":2},{"damage":0,"enemies":"Looter","floor":14,"turns":2},{"damage":3,"enemies":"Slime Boss","floor":16,"turns":9},{"damage":11,"enemies":"2 Thieves","floor":18,"turns":4},{"damage":0,"enemies":"Chosen","floor":19,"turns":4},{"damage":15,"enemies":"Shelled Parasite and Fungi","floor":22,"turns":8},{"damage":40,"enemies":"Slavers","floor":23,"turns":6},{"damage":5,"enemies":"Snake Plant","floor":25,"turns":4},{"damage":2,"enemies":"Centurion and Healer","floor":30,"turns":6},{"damage":1,"enemies":"Cultist and Chosen","floor":31,"turns":7},{"damage":17,"enemies":"Collector","floor":33,"turns":10},{"damage":4,"enemies":"Orb Walker","floor":35,"turns":3},{"damage":0,"enemies":"3 Shapes","floor":37,"turns":5},{"damage":0,"enemies":"Transient","floor":39,"turns":5},{"damage":9,"enemies":"Sphere and 2 Shapes","floor":45,"turns":5},{"damage":19,"enemies":"4 Shapes","floor":46,"turns":8},{"damage":0,"enemies":"Maw","floor":47,"turns":7},{"damage":47,"enemies":"Reptomancer","floor":48,"turns":7},{"damage":24,"enemies":"Time Eater","floor":50,"turns":12},{"damage":40,"enemies":"Shield and Spear","floor":54,"turns":8},{"damage":76,"enemies":"The Heart","floor":55,"turns":12}],"seed_played":"-4772697411572721858","potions_obtained":[{"floor":6,"key":"Ancient Potion"},{"floor":12,"key":"GamblersBrew"},{"floor":13,"key":"Dexterity Potion"},{"floor":18,"key":"Dexterity Potion"},{"floor":35,"key":"Weak Potion"},{"floor":39,"key":"FearPotion"}],"is_trial":false,"path_per_floor":["M","$","M","$","?","E","R","?","T","E","R","E","M","M","R","B",null,"M","M","$","?","M","E","R","M","T","$","R","?","M","M","R","B",null,"M","?","M","$","M","R","$","R","T","R","M","M","M","E","R","B",null,"R","$","E","B"],"character_chosen":"DEFECT","items_purchased":["Defragment","Cold Snap","Fission","Runic Capacitor","Bottled Tornado","PanicButton"],"campfire_rested":5,"item_purchase_floors":[2,2,20,20,41,53],"current_hp_per_floor":[75,75,75,75,68,68,68,53,53,40,40,34,34,34,34,38,75,64,71,71,71,70,44,44,53,53,53,53,53,55,75,75,67,75,71,71,75,75,75,75,75,75,75,75,75,74,75,43,65,60,75,75,75,60,0],"gold":35,"neow_bonus":"THREE_ENEMY_KILL","is_prod":false,"is_daily":false,"chose_seed":false,"campfire_upgraded":5,"win_rate":0,"timestamp":1552773944,"path_taken":["M","$","M","$","?","E","R","?","T","E","R","E","M","M","R","BOSS","M","M","$","?","M","E","R","M","T","$","R","?","M","M","R","BOSS","M","?","M","$","M","R","$","R","T","R","M","?","M","E","R","BOSS","R","$","E","BOSS"],"build_version":"2019-01-23","purchased_purges":1,"victory":false,"max_hp_per_floor":[75,75,75,75,75,75,75,75,75,75,75,75,75,75,75,75,75,75,75,75,75,75,75,75,75,75,75,75,75,75,75,75,75,75,75,75,75,75,75,75,75,75,75,75,75,75,75,75,75,75,75,75,75,82,82],"card_choices":[{"not_picked":["Gash","Fusion"],"picked":"Leap","floor":1},{"not_picked":["Sweeping Beam","Auto Shields"],"picked":"Ball Lightning","floor":3},{"not_picked":["Heatsinks","Steam"],"picked":"Tempest","floor":6},{"not_picked":["Tempest","Lockon","Undo"],"picked":"SKIP","floor":10},{"not_picked":["Stack","Hologram"],"picked":"Core Surge","floor":12},{"not_picked":["Hologram","Redo"],"picked":"Go for the Eyes","floor":13},{"not_picked":["FTL","Storm"],"picked":"Self Repair","floor":14},{"not_picked":["Seek","Reboot"],"picked":"Echo Form","floor":16},{"not_picked":["Fusion","Gash"],"picked":"Recycle","floor":17},{"not_picked":["Heatsinks","Blizzard"],"picked":"Leap","floor":17},{"not_picked":["Beam Cell","Steam Power"],"picked":"Glacier","floor":18},{"not_picked":["Fusion+1","Coolheaded"],"picked":"Stack+1","floor":19},{"not_picked":["Beam Cell","Steam"],"picked":"Compile Driver","floor":22},{"not_picked":["Hologram","Cold Snap","Ball Lightning"],"picked":"SKIP","floor":23},{"not_picked":["Redo","Barrage+1"],"picked":"Consume","floor":25},{"not_picked":["Scrape","Cold Snap+1"],"picked":"Reinforced Body+1","floor":30},{"not_picked":["Beam Cell","Turbo","Self Repair"],"picked":"SKIP","floor":31},{"not_picked":["Machine Learning","Biased Cognition"],"picked":"Reboot","floor":33},{"not_picked":["Leap","Auto Shields"],"picked":"Compile Driver+1","floor":35},{"not_picked":["Steam+1","Tempest"],"picked":"Coolheaded+1","floor":37},{"not_picked":["Beam Cell+1","Go for the Eyes"],"picked":"Stack+1","floor":39},{"not_picked":["Leap","Stack"],"picked":"White Noise+1","floor":45},{"not_picked":["Redo+1","Go for the Eyes+1","Leap+1"],"picked":"SKIP","floor":46},{"not_picked":["Blizzard","Core Surge"],"picked":"Barrage+1","floor":47},{"not_picked":["Aggregate+1","All For One","Fusion"],"picked":"SKIP","floor":48},{"not_picked":["Rebound+1","Double Energy+1","Sweeping Beam"],"picked":"SKIP","floor":54}],"player_experience":497268,"relics_obtained":[{"floor":6,"key":"Pen Nib"},{"floor":10,"key":"Turnip"},{"floor":12,"key":"Anchor"},{"floor":23,"key":"Matryoshka"},{"floor":26,"key":"Bag of Marbles"},{"floor":26,"key":"Bird Faced Urn"},{"floor":43,"key":"Blue Candle"},{"floor":43,"key":"Vajra"},{"floor":48,"key":"War Paint"},{"floor":54,"key":"Strawberry"}],"event_choices":[{"cards_removed":["Strike_B"],"damage_healed":0,"gold_gain":0,"player_choice":"Card Removal","damage_taken":7,"max_hp_gain":0,"max_hp_loss":0,"event_name":"Golden Wing","floor":5,"gold_loss":0},{"damage_healed":0,"gold_gain":0,"player_choice":"Entered Light","damage_taken":15,"max_hp_gain":0,"max_hp_loss":0,"event_name":"Shining Light","floor":8,"gold_loss":0,"cards_upgraded":["Cold Snap","Defend_B"]},{"damage_healed":0,"gold_gain":0,"player_choice":"Ignored","damage_taken":0,"max_hp_gain":0,"max_hp_loss":0,"event_name":"Beggar","floor":21,"gold_loss":0},{"cards_removed":["Strike_B"],"damage_healed":0,"gold_gain":0,"player_choice":"Card Removal","damage_taken":0,"max_hp_gain":0,"max_hp_loss":0,"event_name":"Wheel of Change","floor":29,"gold_loss":0},{"damage_healed":0,"gold_gain":0,"player_choice":"Ignored","damage_taken":0,"max_hp_gain":0,"max_hp_loss":0,"event_name":"SecretPortal","floor":36,"gold_loss":0}],"is_beta":false,"boss_relics":[{"not_picked":["Coffee Dripper","Velvet Choker"],"picked":"Orrery"},{"not_picked":["Pandora\u0027s Box","Runic Dome"],"picked":"Fusion Hammer"}],"items_purged_floors":[20],"is_endless":false,"potions_floor_spawned":[6,12,13,18,19,25,35,39,48,54],"killed_by":"The Heart","ascension_level":1}