{"gold_per_floor":[369,379,454,466,165,198,198,230,257,271,271],"floor_reached":11,"playtime":298,"items_purged":["Shame"],"score":154,"play_id":"b9584aec-f7d0-46e8-aacc-9326de1ba870","local_time":"20190308231642","is_ascension_mode":true,"campfire_choices":[{"floor":7,"key":"REST"}],"neow_cost":"CURSE","seed_source_timestamp":620071932238100,"circlet_count":0,"master_deck":["AscendersBane","Strike_B","Strike_B","Strike_B","Strike_B","Defend_B+1","Defend_B","Defend_B+1","Defend_B","Zap","Dualcast","Rip and Tear","Conserve Battery","Skim","Ball Lightning","Coolheaded","Hologram","Go for the Eyes"],"relics":["Cracked Core","War Paint","Smiling Mask","Dream Catcher","Juzu Bracelet"],"potions_floor_usage":[6,8],"damage_taken":[{"damage":7,"enemies":"Small Slimes","floor":1,"turns":4},{"damage":1,"enemies":"Cultist","floor":2,"turns":3},{"damage":12,"enemies":"Jaw Worm","floor":4,"turns":3},{"damage":16,"enemies":"Gremlin Nob","floor":6,"turns":4},{"damage":13,"enemies":"Lagavulin","floor":8,"turns":5},{"damage":11,"enemies":"Blue Slaver","floor":10,"turns":3},{"damage":18,"enemies":"3 Louse","floor":11,"turns":2}],"seed_played":"8339903539778406751","potions_obtained":[{"floor":1,"key":"SpeedPotion"},{"floor":4,"key":"Block Potion"}],"is_trial":false,"path_per_floor":["M","M","?","M","$","E","R","E","T","M","M"],"character_chosen":"DEFECT","items_purchased":["Ball Lightning","War Paint"],"campfire_rested":1,"item_purchase_floors":[5,5],"current_hp_per_floor":[57,56,45,33,33,17,38,25,25,14,0],"gold":271,"neow_bonus":"TWO_FIFTY_GOLD","is_prod":false,"is_daily":false,"chose_seed":false,"campfire_upgraded":0,"win_rate":0,"timestamp":1552115802,"path_taken":["M","M","?","M","$","E","R","E","T","M","M"],"build_version":"2019-01-23","purchased_purges":1,"victory":false,"max_hp_per_floor":[71,71,71,71,71,71,71,71,71,71,71],"card_choices":[{"not_picked":["Compile Driver","Darkness"],"picked":"Rip and Tear","floor":1},{"not_picked":["Gash","Reinforced Body"],"picked":"Conserve Battery","floor":2},{"not_picked":["Barrage","Gash"],"picked":"Skim","floor":4},{"not_picked":["Sweeping Beam","Thunder Strike"],"picked":"Coolheaded","floor":6},{"not_picked":["Steam","Beam Cell"],"picked":"Hologram","floor":8},{"not_picked":["Compile Driver","Steam"],"picked":"Go for the Eyes","floor":10}],"player_experience":1247888,"relics_obtained":[{"floor":6,"key":"Smiling Mask"},{"floor":8,"key":"Dream Catcher"},{"floor":9,"key":"Juzu Bracelet"}],"event_choices":[{"damage_healed":0,"gold_gain":75,"player_choice":"Gather Gold","damage_taken":11,"max_hp_gain":0,"max_hp_loss":0,"event_name":"World of Goop","floor":3,"gold_loss":0}],"is_beta":false,"boss_relics":[],"items_purged_floors":[5],"is_endless":false,"potions_floor_spawned":[1,4],"killed_by":"3 Louse","ascension_level":17}