{"gold_per_floor":[216,216,216,23,36,36,53,53,102,127,151,163,175,221,233,350,362,386,417,429,461,484,496,534,566,578,590,602,624,636,660,672,780,792,822,847,465,479,496,496,506,335,335,335,351,351,351,368,368,368],"floor_reached":50,"playtime":2712,"items_purged":["Regret","Strike_B","Strike_B"],"score":518,"play_id":"d7ccd4be-8553-41d0-9f32-83b561ca253f","local_time":"20190315221649","is_ascension_mode":false,"campfire_choices":[{"data":"Sunder","floor":6,"key":"SMITH"},{"data":"Zap","floor":8,"key":"SMITH"},{"floor":15,"key":"RECALL"},{"data":"Loop","floor":23,"key":"SMITH"},{"floor":27,"key":"REST"},{"data":"Static Discharge","floor":32,"key":"SMITH"},{"data":"Capacitor","floor":40,"key":"SMITH"},{"data":"Creative AI","floor":44,"key":"SMITH"},{"data":"Glacier","floor":46,"key":"SMITH"},{"data":"Dualcast","floor":49,"key":"SMITH"}],"neow_cost":"NONE","seed_source_timestamp":209064600394437,"circlet_count":0,"master_deck":["Strike_B","Strike_B","Defend_B","Defend_B","Defend_B","Defend_B","Zap+1","Dualcast+1","Rip and Tear","Sunder+1","Genetic Algorithm","Loop+1","Glacier+1","Echo Form","Static Discharge+1","Coolheaded+1","Electrodynamics","BootSequence+1","Capacitor+1","Go for the Eyes+1","Creative AI+1","Compile Driver","Leap+1","Undo+1","Skim+1","Compile Driver","White Noise+1"],"relics":["Cracked Core","Happy Flower","MawBank","Singing Bowl","Bronze Scales","Nuclear Battery","Dream Catcher","Cables","Coffee Dripper","FossilizedHelix","GremlinMask"],"potions_floor_usage":[14,24,24,50,50],"damage_taken":[{"damage":0,"enemies":"2 Louse","floor":1,"turns":2},{"damage":3,"enemies":"Jaw Worm","floor":5,"turns":4},{"damage":5,"enemies":"Small Slimes","floor":7,"turns":3},{"damage":0,"enemies":"Exordium Wildlife","floor":10,"turns":2},{"damage":4,"enemies":"Red Slaver","floor":11,"turns":3},{"damage":4,"enemies":"Gremlin Nob","floor":14,"turns":3},{"damage":25,"enemies":"Hexaghost","floor":16,"turns":12},{"damage":0,"enemies":"Chosen","floor":18,"turns":5},{"damage":7,"enemies":"Shell Parasite","floor":19,"turns":4},{"damage":15,"enemies":"Centurion and Healer","floor":21,"turns":7},{"damage":0,"enemies":"Snecko","floor":22,"turns":3},{"damage":22,"enemies":"Slavers","floor":24,"turns":4},{"damage":17,"enemies":"3 Cultists","floor":25,"turns":3},{"damage":9,"enemies":"Centurion and Healer","floor":29,"turns":4},{"damage":8,"enemies":"Sentry and Sphere","floor":31,"turns":4},{"damage":34,"enemies":"Champ","floor":33,"turns":12},{"damage":13,"enemies":"Orb Walker","floor":35,"turns":4},{"damage":0,"enemies":"3 Shapes","floor":36,"turns":4},{"damage":0,"enemies":"3 Darklings","floor":38,"turns":5},{"damage":0,"enemies":"Transient","floor":39,"turns":5},{"damage":3,"enemies":"4 Shapes","floor":41,"turns":3},{"damage":20,"enemies":"Spire Growth","floor":45,"turns":6},{"damage":0,"enemies":"Sphere and 2 Shapes","floor":48,"turns":5},{"damage":63,"enemies":"Awakened One","floor":50,"turns":6}],"seed_played":"7141718915119272462","potions_obtained":[{"floor":1,"key":"Poison Potion"},{"floor":7,"key":"Ancient Potion"},{"floor":11,"key":"Explosive Potion"},{"floor":21,"key":"SmokeBomb"},{"floor":22,"key":"PowerPotion"},{"floor":24,"key":"Dexterity Potion"},{"floor":31,"key":"Strength Potion"},{"floor":36,"key":"Swift Potion"}],"is_trial":false,"path_per_floor":["M","$","?","$","M","R","M","R","T","M","M","?","$","E","R","B",null,"M","M","$","M","M","R","E","M","T","R","?","M","?","M","R","B",null,"M","M","$","M","M","R","M","$","T","R","M","R","?","M","R","B"],"character_chosen":"DEFECT","items_purchased":["Sunder","Genetic Algorithm","FossilizedHelix","Compile Driver"],"campfire_rested":1,"item_purchase_floors":[4,4,37,42],"current_hp_per_floor":[75,75,75,75,72,72,67,67,67,67,63,60,60,58,58,33,77,79,72,72,57,59,59,37,20,20,44,71,62,47,41,41,7,88,75,75,75,75,77,77,74,74,74,74,54,54,54,56,56,0],"gold":368,"neow_bonus":"HUNDRED_GOLD","is_prod":false,"is_daily":false,"chose_seed":false,"campfire_upgraded":8,"win_rate":0,"timestamp":1552713409,"path_taken":["M","$","?","$","M","R","M","R","T","M","M","?","?","E","R","BOSS","M","M","$","M","M","R","E","M","T","R","?","M","?","M","R","BOSS","M","M","$","M","M","R","M","$","T","R","M","R","?","M","R","BOSS"],"build_version":"2019-01-23","purchased_purges":3,"victory":false,"max_hp_per_floor":[75,75,75,75,75,75,75,75,75,75,75,75,75,77,77,77,77,79,79,79,79,81,81,81,81,81,81,81,81,86,88,88,88,88,88,88,88,88,90,90,90,90,90,90,90,90,90,92,92,92],"card_choices":[{"not_picked":["Beam Cell","FTL"],"picked":"Rip and Tear","floor":1},{"not_picked":["Steam","Skim","Streamline"],"picked":"SKIP","floor":5},{"not_picked":["Steam","Gash"],"picked":"Loop","floor":7},{"not_picked":["Rebound","Lockon","Steam"],"picked":"SKIP","floor":10},{"not_picked":["Stack","Steam"],"picked":"Glacier","floor":11},{"not_picked":["Beam Cell","Auto Shields","Streamline"],"picked":"Singing Bowl","floor":14},{"not_picked":["Rainbow","Core Surge"],"picked":"Echo Form","floor":16},{"not_picked":["Stack","Force Field","Lockon"],"picked":"Singing Bowl","floor":18},{"not_picked":["Compile Driver","Ball Lightning+1"],"picked":"Static Discharge","floor":19},{"not_picked":["Glacier","Auto Shields"],"picked":"Coolheaded+1","floor":21},{"not_picked":["Genetic Algorithm","Steam","Barrage"],"picked":"Singing Bowl","floor":22},{"not_picked":["Scrape+1","Redo+1"],"picked":"Electrodynamics","floor":24},{"not_picked":["Static Discharge","Fusion+1"],"picked":"BootSequence+1","floor":25},{"not_picked":["Conserve Battery","Hologram"],"picked":"Capacitor","floor":27},{"not_picked":["Hello World+1","Glacier+1"],"picked":"Go for the Eyes+1","floor":29},{"not_picked":["Heatsinks+1","Ball Lightning","Steam"],"picked":"Singing Bowl","floor":31},{"not_picked":["Reboot","All For One"],"picked":"Creative AI","floor":33},{"not_picked":["Conserve Battery","Rebound+1"],"picked":"Compile Driver","floor":35},{"not_picked":["Aggregate","Stack"],"picked":"Leap+1","floor":36},{"not_picked":["Steam+1","Go for the Eyes+1"],"picked":"Undo+1","floor":38},{"not_picked":["Redo","Cold Snap","Compile Driver"],"picked":"Singing Bowl","floor":39},{"not_picked":["Turbo+1","Redo"],"picked":"Skim+1","floor":41},{"not_picked":["All For One","Undo+1"],"picked":"White Noise+1","floor":45},{"not_picked":["Double Energy+1","Ball Lightning","Conserve Battery"],"picked":"Singing Bowl","floor":48}],"player_experience":480772,"relics_obtained":[{"floor":9,"key":"MawBank"},{"floor":14,"key":"Bronze Scales"},{"floor":24,"key":"Dream Catcher"},{"floor":26,"key":"Cables"}],"event_choices":[{"damage_healed":0,"gold_gain":0,"player_choice":"Box","damage_taken":0,"relics_obtained":["Happy Flower"],"max_hp_gain":0,"max_hp_loss":0,"event_name":"Big Fish","floor":3,"gold_loss":0,"cards_obtained":["Regret"]},{"damage_healed":0,"gold_gain":0,"player_choice":"Success","damage_taken":3,"relics_obtained":["Singing Bowl"],"max_hp_gain":0,"max_hp_loss":0,"event_name":"Scrap Ooze","floor":12,"gold_loss":0},{"damage_healed":27,"gold_gain":0,"player_choice":"Heal","damage_taken":0,"max_hp_gain":0,"max_hp_loss":0,"event_name":"The Library","floor":28,"gold_loss":0},{"damage_healed":0,"gold_gain":0,"player_choice":"Shed Blood","damage_taken":20,"max_hp_gain":5,"max_hp_loss":0,"event_name":"Forgotten Altar","floor":30,"gold_loss":0},{"damage_healed":0,"gold_gain":0,"player_choice":"Trade","damage_taken":0,"relics_obtained":["GremlinMask"],"max_hp_gain":0,"max_hp_loss":0,"event_name":"FaceTrader","floor":47,"gold_loss":0}],"is_beta":false,"boss_relics":[{"not_picked":["Philosopher\u0027s Stone","Snecko Eye"],"picked":"Nuclear Battery"},{"not_picked":["Runic Dome","Calling Bell"],"picked":"Coffee Dripper"}],"items_purged_floors":[4,37,42],"is_endless":false,"potions_floor_spawned":[1,7,11,21,22,24,31,36,38,45],"killed_by":"Awakened One","ascension_level":0}