{"gold_per_floor":[111,111,111,17,30,30,48,63,113,113,125,125,138,158,158,158],"floor_reached":16,"playtime":744,"items_purged":[],"score":94,"play_id":"157fae5a-9da8-4814-be6c-91411dac2df8","local_time":"20190317175833","is_ascension_mode":false,"campfire_choices":[{"data":"Brutality","floor":6,"key":"SMITH"},{"floor":12,"key":"REST"},{"floor":15,"key":"REST"}],"neow_cost":"NONE","seed_source_timestamp":73905838343251,"circlet_count":0,"master_deck":["Strike_R","Strike_R","Strike_R","Strike_R","Strike_R","Defend_R+1","Defend_R+1","Defend_R","Defend_R","Twin Strike","Regret","Armaments","Inflame","Brutality+1","Shrug It Off","Perfected Strike","Pain","Flame Barrier","Flex","Demon Form"],"relics":["Runic Cube","War Paint","Ancient Tea Set","WarpedTongs"],"potions_floor_usage":[13],"damage_taken":[{"damage":6,"enemies":"Cultist","floor":1,"turns":3},{"damage":7,"enemies":"2 Louse","floor":5,"turns":2},{"damage":11,"enemies":"Small Slimes","floor":7,"turns":3},{"damage":27,"enemies":"3 Louse","floor":8,"turns":3},{"damage":16,"enemies":"Looter","floor":11,"turns":3},{"damage":1,"enemies":"2 Fungi Beasts","floor":13,"turns":2},{"damage":10,"enemies":"3 Louse","floor":14,"turns":3},{"damage":60,"enemies":"The Guardian","floor":16,"turns":7}],"seed_played":"8224053847694120855","potions_obtained":[{"floor":8,"key":"EssenceOfSteel"},{"floor":11,"key":"BloodPotion"},{"floor":14,"key":"Energy Potion"}],"is_trial":false,"path_per_floor":["M","?","?","$","M","R","M","M","T","?","M","R","M","M","R","B"],"character_chosen":"IRONCLAD","items_purchased":["Armaments","Inflame"],"campfire_rested":2,"item_purchase_floors":[4,4],"current_hp_per_floor":[74,74,74,74,67,67,56,29,29,29,13,37,44,34,58,0],"gold":158,"neow_bonus":"BOSS_RELIC","is_prod":false,"is_daily":false,"chose_seed":false,"campfire_upgraded":1,"win_rate":0,"timestamp":1552856313,"path_taken":["M","?","?","$","?","R","M","M","T","?","M","R","M","M","R","BOSS"],"build_version":"2019-01-23","purchased_purges":0,"victory":false,"max_hp_per_floor":[80,80,80,80,80,80,80,80,80,80,80,80,80,80,80,80],"card_choices":[{"not_picked":["True Grit","Sword Boomerang"],"picked":"Twin Strike","floor":1},{"not_picked":["Armaments","Anger"],"picked":"Brutality","floor":5},{"not_picked":["Flex","Clothesline"],"picked":"Shrug It Off","floor":7},{"not_picked":["Shockwave","Iron Wave"],"picked":"Perfected Strike","floor":8},{"not_picked":["Pummel","Warcry"],"picked":"Flame Barrier","floor":11},{"not_picked":["Pommel Strike","Dual Wield"],"picked":"Flex","floor":13},{"not_picked":["Pommel Strike","Clash"],"picked":"Demon Form","floor":14}],"player_experience":21685,"relics_obtained":[{"floor":9,"key":"Ancient Tea Set"}],"event_choices":[{"damage_healed":0,"gold_gain":0,"player_choice":"Box","damage_taken":0,"relics_obtained":["War Paint"],"max_hp_gain":0,"max_hp_loss":0,"event_name":"Big Fish","floor":2,"gold_loss":0,"cards_obtained":["Regret"]},{"cards_removed":["Bash"],"damage_healed":0,"gold_gain":0,"player_choice":"Purged","damage_taken":0,"max_hp_gain":0,"max_hp_loss":0,"event_name":"Purifier","floor":3,"gold_loss":0},{"damage_healed":0,"gold_gain":0,"player_choice":"Rummage","damage_taken":0,"relics_obtained":["WarpedTongs"],"max_hp_gain":0,"max_hp_loss":0,"event_name":"Accursed Blacksmith","floor":10,"gold_loss":0,"cards_obtained":["Pain"]}],"is_beta":false,"boss_relics":[],"items_purged_floors":[],"is_endless":false,"potions_floor_spawned":[8,11,14],"killed_by":"The Guardian","ascension_level":0}