{"gold_per_floor":[119,139,57,74,74,108,120,130,208,221,118,149,149,161,161,260,260,275,292,292,115,131,160,172,203,215,227,239,263,275],"floor_reached":30,"playtime":3213,"items_purged":[],"score":289,"play_id":"71812fd2-964b-463e-99a7-0b9f6721d5d8","local_time":"20190317170452","is_ascension_mode":false,"campfire_choices":[{"data":"Twin Strike","floor":13,"key":"SMITH"},{"data":"Entrench","floor":15,"key":"SMITH"},{"floor":24,"key":"REST"},{"floor":27,"key":"REST"}],"neow_cost":"NONE","seed_source_timestamp":68214626031006,"circlet_count":0,"master_deck":["Strike_R","Strike_R","Strike_R","Strike_R","Strike_R","Defend_R","Defend_R","Defend_R","Defend_R","Bash","Body Slam+1","Pommel Strike","Metallicize","Pommel Strike","Shrug It Off","Brutality","Twin Strike+1","Iron Wave","Second Wind","Searing Blow","Spot Weakness","Entrench+1","Limit Break","Heavy Blade","Warcry","Combust","Cleave","Flash of Steel","Seeing Red","Rupture","Bloodletting","Clothesline+1"],"relics":["Burning Blood","Ancient Tea Set","Pear","Torii","White Beast Statue","Orichalcum","MawBank","Molten Egg 2"],"potions_floor_usage":[6,10,22,23,23,25,29,29,30],"damage_taken":[{"damage":5,"enemies":"2 Louse","floor":1,"turns":3},{"damage":6,"enemies":"Cultist","floor":2,"turns":4},{"damage":4,"enemies":"Jaw Worm","floor":4,"turns":4},{"damage":27,"enemies":"3 Sentries","floor":6,"turns":10},{"damage":3,"enemies":"Large Slime","floor":7,"turns":9},{"damage":6,"enemies":"Red Slaver","floor":8,"turns":4},{"damage":0,"enemies":"3 Louse","floor":10,"turns":1},{"damage":27,"enemies":"Gremlin Nob","floor":12,"turns":5},{"damage":2,"enemies":"Blue Slaver","floor":14,"turns":4},{"damage":55,"enemies":"Hexaghost","floor":16,"turns":10},{"damage":23,"enemies":"Chosen","floor":18,"turns":7},{"damage":21,"enemies":"Shell Parasite","floor":19,"turns":6},{"damage":11,"enemies":"Centurion and Healer","floor":22,"turns":6},{"damage":45,"enemies":"Book of Stabbing","floor":23,"turns":5},{"damage":41,"enemies":"Shelled Parasite and Fungi","floor":25,"turns":7},{"damage":12,"enemies":"Snecko","floor":29,"turns":4},{"damage":39,"enemies":"3 Cultists","floor":30,"turns":6}],"seed_played":"3719610104563273119","potions_obtained":[{"floor":1,"key":"Explosive Potion"},{"floor":4,"key":"BloodPotion"},{"floor":7,"key":"SneckoOil"},{"floor":8,"key":"Ancient Potion"},{"floor":16,"key":"Poison Potion"},{"floor":18,"key":"SkillPotion"},{"floor":19,"key":"SteroidPotion"},{"floor":22,"key":"Explosive Potion"},{"floor":23,"key":"SkillPotion"},{"floor":25,"key":"FearPotion"},{"floor":29,"key":"SpeedPotion"}],"is_trial":false,"path_per_floor":["M","M","$","M","?","E","M","M","T","M","$","E","R","M","R","B",null,"M","M","?","$","M","E","R","M","T","R","?","M","M"],"character_chosen":"IRONCLAD","items_purchased":["Metallicize","Pommel Strike","Second Wind","Searing Blow","Combust","Cleave","Flash of Steel"],"campfire_rested":2,"item_purchase_floors":[3,3,11,11,21,21,21],"current_hp_per_floor":[88,88,88,88,88,75,78,78,88,94,94,73,73,77,77,28,98,81,66,66,66,61,22,51,16,16,45,45,39,0],"gold":275,"neow_bonus":"TEN_PERCENT_HP_BONUS","is_prod":false,"is_daily":false,"chose_seed":false,"campfire_upgraded":2,"win_rate":0,"timestamp":1552853092,"path_taken":["M","M","$","M","?","E","M","M","T","M","?","E","R","?","R","BOSS","M","?","?","$","M","E","R","M","T","R","?","M","?"],"build_version":"2019-01-23","purchased_purges":0,"victory":false,"max_hp_per_floor":[88,88,88,88,88,88,88,88,98,98,98,98,98,98,98,98,98,98,98,98,98,98,98,98,98,98,98,98,98,98],"card_choices":[{"not_picked":["Hemokinesis","Flex"],"picked":"Body Slam","floor":1},{"not_picked":["Corruption","Heavy Blade"],"picked":"Pommel Strike","floor":2},{"not_picked":["True Grit","Flame Barrier"],"picked":"Shrug It Off","floor":4},{"not_picked":["Disarm","Sever Soul","Clothesline"],"picked":"SKIP","floor":6},{"not_picked":["Feel No Pain","Iron Wave"],"picked":"Brutality","floor":7},{"not_picked":["True Grit","Warcry"],"picked":"Twin Strike","floor":8},{"not_picked":["True Grit","Carnage"],"picked":"Iron Wave","floor":10},{"not_picked":["Sword Boomerang","Blood for Blood"],"picked":"Spot Weakness","floor":12},{"not_picked":["Pommel Strike","Body Slam"],"picked":"Entrench","floor":14},{"not_picked":["Feed","Fiend Fire"],"picked":"Limit Break","floor":16},{"not_picked":["Pommel Strike","Clothesline+1"],"picked":"Heavy Blade","floor":18},{"not_picked":["True Grit","Hemokinesis"],"picked":"Warcry","floor":19},{"not_picked":["Heavy Blade","Corruption"],"picked":"Seeing Red","floor":22},{"not_picked":["Body Slam","Twin Strike"],"picked":"Rupture","floor":23},{"not_picked":["Thunderclap","Dropkick"],"picked":"Bloodletting","floor":25},{"not_picked":["Thunderclap+1","Sword Boomerang+1"],"picked":"Clothesline+1","floor":29}],"player_experience":16019,"relics_obtained":[{"floor":6,"key":"Ancient Tea Set"},{"floor":9,"key":"Pear"},{"floor":12,"key":"Torii"},{"floor":23,"key":"MawBank"},{"floor":26,"key":"Molten Egg 2"}],"event_choices":[{"damage_healed":0,"gold_gain":0,"player_choice":"Upgraded","damage_taken":0,"max_hp_gain":0,"max_hp_loss":0,"event_name":"Upgrade Shrine","floor":5,"gold_loss":0,"cards_upgraded":["Body Slam"]},{"damage_healed":0,"gold_gain":0,"player_choice":"Stole Relic","damage_taken":0,"relics_obtained":["Orichalcum"],"max_hp_gain":0,"max_hp_loss":0,"event_name":"Addict","floor":20,"gold_loss":0,"cards_obtained":["Shame"]},{"cards_removed":["Shame"],"damage_healed":0,"gold_gain":0,"player_choice":"Card Removal","damage_taken":0,"max_hp_gain":0,"max_hp_loss":0,"event_name":"Wheel of Change","floor":28,"gold_loss":0}],"is_beta":false,"boss_relics":[{"not_picked":["Lizard Tail","Cursed Key"],"picked":"White Beast Statue"}],"items_purged_floors":[],"is_endless":false,"potions_floor_spawned":[1,4,7,8,16,18,19,22,23,25,29],"killed_by":"3 Cultists","ascension_level":0}