{"gold_per_floor":[111,125,137,99,119,119,146,203,250,250,215,215,240,258,258,353,353,366,466,481,491,510,510,289,289,336,349,349,366,381,401,401,499,499,517,617,630,642,642,642,661,56,56,68,68,68,87,142,142,142],"floor_reached":51,"playtime":4892,"items_purged":["Strike_R","Strike_R"],"score":925,"play_id":"8340b1bf-9c1e-476f-8478-6fa5021cfa4a","local_time":"20190319193222","is_ascension_mode":true,"campfire_choices":[{"data":"True Grit","floor":6.0,"key":"SMITH"},{"floor":10.0,"key":"REST"},{"data":"Flex","floor":12.0,"key":"SMITH"},{"floor":15.0,"key":"REST"},{"data":"Disarm","floor":23.0,"key":"SMITH"},{"data":"Heavy Blade","floor":25.0,"key":"SMITH"},{"floor":28.0,"key":"REST"},{"floor":32.0,"key":"REST"},{"floor":40,"key":"REST"},{"floor":46,"key":"REST"},{"floor":49,"key":"REST"}],"neow_cost":"NONE","seed_source_timestamp":0,"circlet_count":0,"master_deck":["Strike_R","Strike_R","Defend_R","Defend_R","Defend_R","Bash","Cleave","True Grit+1","Flex+1","Disarm+1","Clothesline","Warcry+1","Battle Trance+1","Sentinel+1","Limit Break+1","Shockwave+1","Headbutt","Armaments+1","Heavy Blade+1","Bandage Up+1","True Grit+1","Headbutt","Carnage+1","Offering+1","Flex+1","Ghostly Armor+1","Shrug It Off+1","Whirlwind","Flame Barrier+1","Disarm+1","Disarm+1","Power Through+1"],"special_seed":0,"relics":["Black Blood","Toxic Egg 2","Bronze Scales","Blood Vial","Self Forming Clay","Velvet Choker","Omamori","Prayer Wheel","Regal Pillow","Toy Ornithopter","Letter Opener","Dream Catcher"],"potions_floor_usage":[50,50,50],"damage_taken":[{"damage":4.0,"enemies":"2 Louse","floor":1.0,"turns":3.0},{"damage":1.0,"enemies":"Cultist","floor":2.0,"turns":3.0},{"damage":8.0,"enemies":"Small Slimes","floor":3.0,"turns":3.0},{"damage":9.0,"enemies":"Blue Slaver","floor":5.0,"turns":4.0},{"damage":29.0,"enemies":"Gremlin Nob","floor":7.0,"turns":5.0},{"damage":46.0,"enemies":"Lagavulin Event","floor":8.0,"turns":7.0},{"damage":26.0,"enemies":"Lagavulin","floor":13.0,"turns":5.0},{"damage":20.0,"enemies":"Red Slaver","floor":14.0,"turns":5.0},{"damage":17.0,"enemies":"The Guardian","floor":16.0,"turns":12.0},{"damage":20.0,"enemies":"Shell Parasite","floor":18.0,"turns":4.0},{"damage":7.0,"enemies":"Spheric Guardian","floor":20.0,"turns":4.0},{"damage":10.0,"enemies":"Snake Plant","floor":21.0,"turns":4.0},{"damage":19.0,"enemies":"Chosen and Byrds","floor":22.0,"turns":6.0},{"damage":37.0,"enemies":"Sentry and Sphere","floor":27.0,"turns":7.0},{"damage":1.0,"enemies":"Snecko","floor":29.0,"turns":5.0},{"damage":18.0,"enemies":"Snake Plant","floor":30.0,"turns":3.0},{"damage":21.0,"enemies":"Cultist and Chosen","floor":31.0,"turns":7.0},{"damage":80.0,"enemies":"Champ","floor":33.0,"turns":11.0},{"damage":35.0,"enemies":"3 Darklings","floor":35.0,"turns":6.0},{"damage":14.0,"enemies":"Mind Bloom Boss Battle","floor":36.0,"turns":8.0},{"damage":11,"enemies":"3 Shapes","floor":37,"turns":9},{"damage":52,"enemies":"Spire Growth","floor":38,"turns":6},{"damage":33,"enemies":"4 Shapes","floor":41,"turns":7},{"damage":44,"enemies":"Sphere and 2 Shapes","floor":44,"turns":5},{"damage":14,"enemies":"Writhing Mass","floor":47,"turns":9},{"damage":48,"enemies":"Awakened One","floor":50,"turns":13}],"seed_played":"6949410613625367772","potions_obtained":[{"floor":5.0,"key":"Weak Potion"},{"floor":7.0,"key":"EssenceOfSteel"},{"floor":8.0,"key":"Weak Potion"},{"floor":13.0,"key":"Fruit Juice"},{"floor":18.0,"key":"FairyPotion"},{"floor":33.0,"key":"BloodPotion"},{"floor":36,"key":"EssenceOfSteel"},{"floor":37,"key":"Dexterity Potion"},{"floor":44,"key":"SkillPotion"}],"is_trial":false,"path_per_floor":["M","M","M","$","M","R","E","?","T","R","?","R","E","M","R","B",null,"M","?","M","M","M","R","$","R","T","M","R","M","M","M","R","B",null,"M","?","M","M","?","R","M","$","T","M","?","R","M","T","R","B",null],"character_chosen":"IRONCLAD","items_purchased":["Disarm","Bandage Up+1","True Grit+1","Whirlwind","Flame Barrier+1","Regal Pillow","Toy Ornithopter"],"campfire_rested":7,"item_purchase_floors":[4,24,24,42,42,42,42],"current_hp_per_floor":[74,79,77,77,74,74,51,11,11,35,55,55,42,30,55,46,75,63,63,64,62,51,51,51,51,51,28,53,66,56,49,74,8,66,49,53,60,26,26,51,36,36,36,18,18,58,62,62,85,66],"gold":142,"neow_bonus":"REMOVE_CARD","is_prod":false,"is_daily":false,"chose_seed":false,"campfire_upgraded":4,"win_rate":0,"timestamp":1552995142,"path_taken":["M","M","M","$","M","R","E","?","T","R","?","R","E","M","R","BOSS","M","?","M","M","M","R","$","R","T","?","R","M","M","M","R","BOSS","M","?","M","M","?","R","M","$","T","M","?","R","?","?","R","BOSS"],"build_version":"2019-01-23","purchased_purges":2,"victory":true,"max_hp_per_floor":[80,80,80,80,80,80,80,80,80,80,80,80,85,85,85,85,85,85,85,85,85,85,85,85,85,85,85,85,85,85,85,85,85,85,85,85,85,85,85,85,85,85,85,85,85,85,85,85,85,85],"card_choices":[{"not_picked":["Flex","Wild Strike"],"picked":"Cleave","floor":1.0},{"not_picked":["Headbutt","Cleave"],"picked":"True Grit","floor":2.0},{"not_picked":["Intimidate","Dark Embrace"],"picked":"Flex","floor":3.0},{"not_picked":["Wild Strike","Cleave"],"picked":"Clothesline","floor":5.0},{"not_picked":["Entrench","Rupture"],"picked":"Warcry","floor":7.0},{"not_picked":["Inflame","Cleave"],"picked":"Battle Trance+1","floor":8.0},{"not_picked":["Clash","Sever Soul","Offering+1"],"picked":"SKIP","floor":13.0},{"not_picked":["Havoc+1","Pommel Strike"],"picked":"Sentinel+1","floor":14.0},{"not_picked":["Immolate","Feed"],"picked":"Limit Break+1","floor":16.0},{"not_picked":["Twin Strike+1","Dropkick+1"],"picked":"Shockwave+1","floor":18.0},{"not_picked":["Entrench+1","Rage+1"],"picked":"Headbutt","floor":20.0},{"not_picked":["Iron Wave","Havoc+1"],"picked":"Armaments+1","floor":21.0},{"not_picked":["Cleave","Uppercut"],"picked":"Heavy Blade","floor":22.0},{"not_picked":["Sword Boomerang","Cleave","Wild Strike+1"],"picked":"SKIP","floor":27.0},{"not_picked":["Pummel","Juggernaut","True Grit+1"],"picked":"SKIP","floor":29.0},{"not_picked":["Perfected Strike+1","Twin Strike"],"picked":"Headbutt","floor":30.0},{"not_picked":["Pommel Strike","Double Tap+1"],"picked":"Carnage+1","floor":31.0},{"not_picked":["Brutality","Demon Form"],"picked":"Offering+1","floor":33.0},{"not_picked":["Sever Soul+1","Thunderclap","Pommel Strike"],"picked":"SKIP","floor":35.0},{"not_picked":["Infernal Blade+1","Warcry+1"],"picked":"Flex+1","floor":37},{"not_picked":["Clash+1","Power Through+1"],"picked":"Ghostly Armor+1","floor":37},{"not_picked":["Perfected Strike","Thunderclap+1","Uppercut"],"picked":"SKIP","floor":38},{"not_picked":["Body Slam","Clothesline","Hemokinesis"],"picked":"SKIP","floor":38},{"not_picked":["Havoc+1","Heavy Blade"],"picked":"Shrug It Off+1","floor":41},{"not_picked":["Clothesline","Sentinel+1","Immolate"],"picked":"SKIP","floor":41},{"not_picked":["True Grit+1","Twin Strike"],"picked":"Disarm+1","floor":44},{"not_picked":["Headbutt","Sword Boomerang","Searing Blow+1"],"picked":"SKIP","floor":44},{"not_picked":["Anger","Wild Strike+1"],"picked":"Disarm+1","floor":47},{"not_picked":["Blood for Blood+1","Searing Blow+1","Headbutt"],"picked":"SKIP","floor":47},{"not_picked":["Hemokinesis+1","Blood for Blood+1"],"picked":"Power Through+1","floor":49}],"player_experience":656661,"relics_obtained":[{"floor":7.0,"key":"Toxic Egg 2"},{"floor":8.0,"key":"Bronze Scales"},{"floor":9.0,"key":"Blood Vial"},{"floor":13.0,"key":"Self Forming Clay"},{"floor":26.0,"key":"Omamori"},{"floor":36,"key":"Prayer Wheel"},{"floor":43,"key":"Letter Opener"},{"floor":48,"key":"Dream Catcher"}],"event_choices":[{"damage_healed":0.0,"max_hp_gain":0.0,"max_hp_loss":0.0,"gold_gain":0.0,"event_name":"Dead Adventurer","player_choice":"Searched \u00272\u0027 times","floor":8.0,"gold_loss":0.0,"damage_taken":0.0},{"damage_healed":20.0,"max_hp_gain":0.0,"max_hp_loss":0.0,"gold_gain":0.0,"event_name":"The Cleric","player_choice":"Healed","floor":11.0,"gold_loss":35.0,"damage_taken":0.0},{"damage_healed":0.0,"max_hp_gain":0.0,"max_hp_loss":0.0,"gold_gain":100.0,"event_name":"Golden Shrine","player_choice":"Pray","floor":19.0,"gold_loss":0.0,"damage_taken":0.0},{"damage_healed":0.0,"max_hp_gain":0.0,"max_hp_loss":0.0,"gold_gain":0.0,"event_name":"MindBloom","player_choice":"Fight","floor":36.0,"gold_loss":0.0,"damage_taken":0.0},{"cards_removed":["Strike_R"],"damage_healed":0,"gold_gain":0,"player_choice":"Removed Attack","damage_taken":0,"max_hp_gain":0,"max_hp_loss":0,"event_name":"Falling","floor":39,"gold_loss":0},{"damage_healed":0,"gold_gain":0,"player_choice":"Ignored","damage_taken":0,"max_hp_gain":0,"max_hp_loss":0,"event_name":"SecretPortal","floor":45,"gold_loss":0}],"is_beta":false,"boss_relics":[{"not_picked":["Ectoplasm","Coffee Dripper"],"picked":"Velvet Choker"},{"not_picked":["Runic Cube","Mark of Pain"],"picked":"Black Blood"}],"items_purged_floors":[24,42],"is_endless":false,"potions_floor_spawned":[5,7,8,13,18,20,22,33,36,37,44,47],"ascension_level":9}