{"gold_per_floor":[117,136,154,171,181,216,216,216,266,286,286,286,305,319,319,420,420,420],"floor_reached":18,"playtime":791,"items_purged":[],"score":166,"play_id":"ef115be3-61b0-4980-9d62-71be4b5882bd","local_time":"20190314182207","is_ascension_mode":false,"campfire_choices":[{"floor":7,"key":"RECALL"},{"data":"Catalyst","floor":12,"key":"SMITH"},{"floor":15,"key":"REST"}],"neow_cost":"NONE","seed_source_timestamp":434505768887691,"circlet_count":0,"master_deck":["Defend_G","Defend_G","Defend_G","Defend_G","Defend_G","Strike_G","Strike_G","Strike_G","Strike_G","Survivor","Neutralize","Noxious Fumes","PiercingWail","Noxious Fumes","Backflip","Backflip","A Thousand Cuts","Catalyst+1","Escape Plan","Leg Sweep","Corpse Explosion"],"relics":["Ring of the Snake","Vajra","Lizard Tail"],"potions_floor_usage":[6,10,14,16],"damage_taken":[{"damage":0,"enemies":"2 Louse","floor":1,"turns":4},{"damage":4,"enemies":"Cultist","floor":2,"turns":5},{"damage":0,"enemies":"Jaw Worm","floor":3,"turns":6},{"damage":21,"enemies":"Large Slime","floor":4,"turns":8},{"damage":4,"enemies":"Looter","floor":5,"turns":4},{"damage":11,"enemies":"Lagavulin","floor":6,"turns":9},{"damage":16,"enemies":"Gremlin Gang","floor":10,"turns":3},{"damage":5,"enemies":"2 Fungi Beasts","floor":13,"turns":5},{"damage":2,"enemies":"Looter","floor":14,"turns":3},{"damage":28,"enemies":"Hexaghost","floor":16,"turns":10},{"damage":0,"enemies":"2 Thieves","floor":18,"turns":1}],"seed_played":"-9009296575077095947","potions_obtained":[{"floor":3,"key":"Energy Potion"},{"floor":4,"key":"Regen Potion"},{"floor":13,"key":"AttackPotion"},{"floor":14,"key":"SkillPotion"}],"is_trial":false,"path_per_floor":["M","M","M","M","M","E","R","?","T","M","?","R","M","M","R","B",null,"M"],"character_chosen":"THE_SILENT","items_purchased":[],"campfire_rested":1,"item_purchase_floors":[],"current_hp_per_floor":[77,73,73,52,48,52,52,52,52,36,41,41,36,34,58,30,82,82],"gold":420,"neow_bonus":"TEN_PERCENT_HP_BONUS","is_prod":false,"is_daily":false,"chose_seed":false,"campfire_upgraded":1,"win_rate":0,"timestamp":1552587727,"path_taken":["M","M","M","M","M","E","R","?","T","?","?","R","M","M","R","BOSS","M"],"build_version":"2019-01-23","purchased_purges":0,"victory":false,"max_hp_per_floor":[77,77,77,77,77,77,77,77,77,77,82,82,82,82,82,82,82,82],"card_choices":[{"not_picked":["Prepared","Predator"],"picked":"Noxious Fumes","floor":1},{"not_picked":["Deadly Poison","Riddle With Holes"],"picked":"PiercingWail","floor":2},{"not_picked":["Dagger Throw","Slice"],"picked":"Noxious Fumes","floor":3},{"not_picked":["Crippling Poison","Sucker Punch"],"picked":"Backflip","floor":4},{"not_picked":["Deadly Poison","Prepared"],"picked":"Backflip","floor":5},{"not_picked":["Skewer","Heel Hook"],"picked":"A Thousand Cuts","floor":6},{"not_picked":["Poisoned Stab","Dodge and Roll"],"picked":"Catalyst","floor":10},{"not_picked":["Slice","Blade Dance"],"picked":"Escape Plan","floor":13},{"not_picked":["Distraction","Blade Dance"],"picked":"Leg Sweep","floor":14},{"not_picked":["Burst","Wraith Form v2"],"picked":"Corpse Explosion","floor":16}],"player_experience":111728,"relics_obtained":[{"floor":6,"key":"Vajra"}],"event_choices":[{"cards_removed":["Strike_G"],"damage_healed":0,"gold_gain":0,"player_choice":"Offered Basic","damage_taken":0,"max_hp_gain":0,"max_hp_loss":0,"event_name":"Bonfire Elementals","floor":8,"gold_loss":0},{"damage_healed":0,"gold_gain":0,"player_choice":"Donut","damage_taken":0,"max_hp_gain":5,"max_hp_loss":0,"event_name":"Big Fish","floor":11,"gold_loss":0}],"is_beta":false,"boss_relics":[{"not_picked":["Orrery","Runic Dome"],"picked":"Lizard Tail"}],"items_purged_floors":[],"is_endless":false,"potions_floor_spawned":[3,4,13,14],"killed_by":"2 Thieves","ascension_level":0}