{"gold_per_floor":[112,73,85,99,113,113,144,144,144,159,159,187,205,231,231,328,328,328,328,328,328,253,253,253,253,253,253,253,253,253,253,253,253,253,253,253,56,56,56,56,56,56,56,56,0,0,0,0,0,0,0,0,0,0,0],"floor_reached":56,"playtime":7083,"items_purged":[],"score":1363,"play_id":"05ab46e8-a5ef-4975-a885-e542e69b2fe2","local_time":"20190201214239","is_ascension_mode":true,"campfire_choices":[{"data":"Go for the Eyes","floor":6,"key":"SMITH"},{"data":"Self Repair","floor":8,"key":"SMITH"},{"data":"Creative AI","floor":15,"key":"SMITH"},{"floor":23,"key":"RECALL"},{"data":"Electrodynamics","floor":25,"key":"SMITH"},{"data":"Static Discharge","floor":28,"key":"SMITH"},{"data":"Go for the Eyes","floor":30,"key":"SMITH"},{"data":"Go for the Eyes","floor":32,"key":"SMITH"},{"floor":44,"key":"REST"},{"floor":49,"key":"REST"},{"floor":52,"key":"REST"}],"neow_cost":"NONE","seed_source_timestamp":975387996475618,"circlet_count":0,"master_deck":["Defend_B","Defend_B","Defend_B","Zap","Dualcast","Static Discharge+1","Self Repair+1","Undo","Go for the Eyes+1","FTL","Conserve Battery","FTL","Creative AI+1","Sweeping Beam","Glacier","Electrodynamics+1","Rip and Tear","Undo","Reprogram","Heatsinks","Leap+1","Melter","Go for the Eyes+1","Go for the Eyes+1","Buffer+1","Skim+1","All For One","Reprogram+1","Swift Strike","Apotheosis","Finesse","Hologram+1"],"relics":["Cracked Core","Oddly Smooth Stone","Vajra","Dodecahedron","Turnip","Ectoplasm","Nilry\u0027s Codex","PreservedInsect","Frozen Egg 2","Fusion Hammer","Torii","Runic Capacitor","CultistMask","Bronze Scales","Pear","Red Mask","Shuriken","Kunai"],"potions_floor_usage":[33,36,55,55,55],"damage_taken":[{"damage":1,"enemies":"Cultist","floor":1,"turns":4},{"damage":9,"enemies":"Jaw Worm","floor":3,"turns":3},{"damage":0,"enemies":"Small Slimes","floor":4,"turns":3},{"damage":8,"enemies":"Blue Slaver","floor":5,"turns":4},{"damage":20,"enemies":"Lagavulin","floor":7,"turns":7},{"damage":0,"enemies":"Red Slaver","floor":10,"turns":3},{"damage":18,"enemies":"Gremlin Nob","floor":12,"turns":4},{"damage":5,"enemies":"Exordium Wildlife","floor":13,"turns":4},{"damage":13,"enemies":"Lagavulin","floor":14,"turns":5},{"damage":28,"enemies":"The Guardian","floor":16,"turns":12},{"damage":10,"enemies":"Spheric Guardian","floor":18,"turns":4},{"damage":6,"enemies":"Shell Parasite","floor":21,"turns":5},{"damage":12,"enemies":"Centurion and Healer","floor":24,"turns":8},{"damage":20,"enemies":"Book of Stabbing","floor":29,"turns":4},{"damage":0,"enemies":"Sentry and Sphere","floor":31,"turns":3},{"damage":44,"enemies":"Automaton","floor":33,"turns":9},{"damage":3,"enemies":"3 Shapes","floor":35,"turns":7},{"damage":8,"enemies":"2 Orb Walkers","floor":36,"turns":6},{"damage":15,"enemies":"3 Darklings","floor":38,"turns":3},{"damage":26,"enemies":"Giant Head","floor":40,"turns":10},{"damage":11,"enemies":"Sphere and 2 Shapes","floor":41,"turns":3},{"damage":11,"enemies":"Reptomancer","floor":42,"turns":7},{"damage":4,"enemies":"Nemesis","floor":48,"turns":5},{"damage":41,"enemies":"Awakened One","floor":50,"turns":9},{"damage":9,"enemies":"Shield and Spear","floor":54,"turns":5},{"damage":79,"enemies":"The Heart","floor":55,"turns":10}],"seed_played":"4509327286970613849","potions_obtained":[{"floor":1,"key":"SpeedPotion"},{"floor":5,"key":"Swift Potion"},{"floor":7,"key":"FearPotion"},{"floor":33,"key":"Fire Potion"},{"floor":36,"key":"LiquidBronze"},{"floor":38,"key":"FocusPotion"}],"is_trial":false,"path_per_floor":["M","$","M","M","M","R","E","R","T","M","?","E","M","E","R","B",null,"M","?","?","M","?","R","M","R","T","?","R","E","R","M","R","B",null,"M","?","$","M","?","E","M","E","T","R","?","$","?","E","R","B",null,"R","$","E","B",null],"character_chosen":"DEFECT","items_purchased":["Self Repair","Runic Capacitor"],"campfire_rested":3,"item_purchase_floors":[2,37],"current_hp_per_floor":[81,81,79,82,81,81,68,68,68,78,71,63,68,65,65,47,82,82,82,66,70,70,70,68,68,68,68,68,58,58,68,68,34,82,82,82,82,67,67,51,50,59,59,86,86,86,76,82,92,51,92,92,92,83,4],"gold":0,"neow_bonus":"TEN_PERCENT_HP_BONUS","is_prod":false,"is_daily":false,"chose_seed":false,"campfire_upgraded":7,"win_rate":0,"timestamp":1549086159,"path_taken":["M","$","M","M","?","R","E","R","T","M","?","E","M","E","R","BOSS","M","?","?","M","?","R","?","R","T","?","R","E","R","?","R","BOSS","M","?","$","M","?","E","?","E","T","R","?","?","?","E","R","BOSS","R","$","E","BOSS"],"build_version":"2019-01-23","purchased_purges":0,"victory":true,"max_hp_per_floor":[82,82,82,82,82,82,82,82,82,82,82,82,82,82,82,82,82,82,82,82,82,82,82,82,82,82,82,82,82,82,82,82,82,82,82,82,82,82,82,82,82,92,92,92,92,92,92,92,92,92,92,92,92,92,92],"card_choices":[{"not_picked":["Consume","Gash"],"picked":"Static Discharge","floor":1},{"not_picked":["Steam","Leap"],"picked":"Undo","floor":3},{"not_picked":["Cold Snap","Stack"],"picked":"Go for the Eyes","floor":4},{"not_picked":["Cold Snap","Gash"],"picked":"FTL","floor":5},{"not_picked":["Ball Lightning","Steam"],"picked":"Conserve Battery","floor":7},{"not_picked":["Conserve Battery","Stack"],"picked":"FTL","floor":10},{"not_picked":["Cold Snap","Redo"],"picked":"Creative AI","floor":12},{"not_picked":["Cold Snap","Ball Lightning"],"picked":"Sweeping Beam","floor":13},{"not_picked":["Meteor Strike","Redo"],"picked":"Glacier","floor":14},{"not_picked":["Multi-Cast","All For One"],"picked":"Electrodynamics","floor":16},{"not_picked":["Hologram","Go for the Eyes"],"picked":"Rip and Tear","floor":18},{"not_picked":["Reprogram","Sweeping Beam"],"picked":"Heatsinks","floor":21},{"not_picked":["Stack","Steam Power"],"picked":"Leap+1","floor":24},{"not_picked":["Beam Cell","Compile Driver"],"picked":"Go for the Eyes","floor":29},{"not_picked":["Ball Lightning","Barrage+1"],"picked":"Go for the Eyes","floor":31},{"not_picked":["Rainbow","Creative AI+1"],"picked":"Buffer+1","floor":33},{"not_picked":["Go for the Eyes+1","Chaos","Steam+1"],"picked":"SKIP","floor":35},{"not_picked":["Rip and Tear","Barrage"],"picked":"Skim+1","floor":38},{"not_picked":["Cold Snap","Go for the Eyes+1"],"picked":"All For One","floor":40},{"not_picked":["Hologram","Lockon","Gash"],"picked":"SKIP","floor":41},{"not_picked":["BootSequence","Steam"],"picked":"Reprogram+1","floor":42},{"not_picked":["Chrysalis","Violence"],"picked":"Swift Strike","floor":47},{"not_picked":["The Bomb","Impatience"],"picked":"Apotheosis","floor":47},{"not_picked":["Bandage Up","Panacea"],"picked":"Finesse","floor":47},{"not_picked":["Rebound+1","Coolheaded"],"picked":"Hologram+1","floor":48},{"not_picked":["Glacier","Sweeping Beam","Stack+1"],"picked":"SKIP","floor":54}],"player_experience":218963,"relics_obtained":[{"floor":7,"key":"Oddly Smooth Stone"},{"floor":9,"key":"Vajra"},{"floor":12,"key":"Dodecahedron"},{"floor":14,"key":"Turnip"},{"floor":20,"key":"Nilry\u0027s Codex"},{"floor":26,"key":"PreservedInsect"},{"floor":29,"key":"Frozen Egg 2"},{"floor":36,"key":"Torii"},{"floor":40,"key":"Bronze Scales"},{"floor":42,"key":"Pear"},{"floor":48,"key":"Shuriken"},{"floor":54,"key":"Kunai"}],"event_choices":[{"cards_removed":["Strike_B"],"damage_healed":0,"gold_gain":0,"player_choice":"Card Removal","damage_taken":7,"max_hp_gain":0,"max_hp_loss":0,"event_name":"Golden Wing","floor":11,"gold_loss":0},{"damage_healed":0,"gold_gain":0,"cards_transformed":["Strike_B","Strike_B"],"player_choice":"Became Test Subject","damage_taken":0,"max_hp_gain":0,"max_hp_loss":0,"event_name":"Drug Dealer","floor":19,"gold_loss":0,"cards_obtained":["Undo","Reprogram"]},{"damage_healed":0,"gold_gain":0,"player_choice":"Obtained Book","damage_taken":16,"max_hp_gain":0,"max_hp_loss":0,"event_name":"Cursed Tome","floor":20,"gold_loss":0},{"cards_removed":["Strike_B"],"damage_healed":0,"gold_gain":0,"player_choice":"Gave Gold","damage_taken":0,"max_hp_gain":0,"max_hp_loss":0,"event_name":"Beggar","floor":22,"gold_loss":75},{"damage_healed":0,"gold_gain":0,"cards_transformed":["Defend_B"],"player_choice":"Transformed","damage_taken":0,"max_hp_gain":0,"max_hp_loss":0,"event_name":"Transmorgrifier","floor":27,"gold_loss":0,"cards_obtained":["Melter"]},{"damage_healed":0,"gold_gain":0,"player_choice":"Fight","damage_taken":0,"max_hp_gain":0,"max_hp_loss":0,"event_name":"Mysterious Sphere","floor":36,"gold_loss":0},{"damage_healed":0,"gold_gain":0,"player_choice":"Trade","damage_taken":0,"relics_obtained":["CultistMask"],"max_hp_gain":0,"max_hp_loss":0,"event_name":"FaceTrader","floor":39,"gold_loss":0},{"damage_healed":0,"gold_gain":0,"player_choice":"Paid","damage_taken":0,"relics_obtained":["Red Mask"],"max_hp_gain":0,"max_hp_loss":0,"event_name":"Tomb of Lord Red Mask","floor":45,"gold_loss":56},{"damage_healed":0,"gold_gain":0,"player_choice":"Memory 3","damage_taken":10,"max_hp_gain":0,"max_hp_loss":0,"event_name":"SensoryStone","floor":47,"gold_loss":0}],"is_beta":false,"boss_relics":[{"not_picked":["Inserter","Lizard Tail"],"picked":"Ectoplasm"},{"not_picked":["Astrolabe","Pandora\u0027s Box"],"picked":"Fusion Hammer"}],"items_purged_floors":[],"is_endless":false,"potions_floor_spawned":[1,5,7,10,16,24,33,36,38,42,48],"ascension_level":3}