{"gold_per_floor":[110,121,140,155,12,12,12,24,24,24,24,51,61,79,79,174,224,244,261,277,292,309,309,309],"floor_reached":24,"playtime":1316,"items_purged":["Strike_B"],"score":214,"play_id":"c526351b-56a1-40d0-98d2-db4dd8659bdf","local_time":"20180922142900","is_ascension_mode":true,"campfire_choices":[{"floor":6,"key":"REST"},{"floor":11,"key":"REST"},{"data":"Chaos","floor":15,"key":"SMITH"},{"data":"Go for the Eyes","floor":23,"key":"SMITH"}],"neow_cost":"PERCENT_DAMAGE","seed_source_timestamp":793344687246995,"circlet_count":0,"master_deck":["Strike_B","Strike_B","Strike_B","Defend_B","Defend_B","Defend_B","Defend_B","Zap","Dualcast+1","Chaos+1","Cold Snap","Rebound","Loop","Rainbow","Beam Cell","Hologram","Leap","Ball Lightning","Machine Learning","Go for the Eyes+1","Sweeping Beam","Conserve Battery+1","Undo","Loop","Loop"],"relics":["Cracked Core","Nunchaku","Torii","Mercury Hourglass","Tiny House"],"potions_floor_usage":[19,20,22],"damage_taken":[{"damage":0,"enemies":"Cultist","floor":1,"turns":3},{"damage":3,"enemies":"Jaw Worm","floor":2,"turns":3},{"damage":0,"enemies":"2 Louse","floor":3,"turns":2},{"damage":24,"enemies":"Exordium Wildlife","floor":4,"turns":6},{"damage":16,"enemies":"Large Slime","floor":8,"turns":5},{"damage":9,"enemies":"Gremlin Nob","floor":12,"turns":4},{"damage":9,"enemies":"Looter","floor":13,"turns":3},{"damage":5,"enemies":"Lots of Slimes","floor":14,"turns":3},{"damage":12,"enemies":"Hexaghost","floor":16,"turns":9},{"damage":10,"enemies":"Spheric Guardian","floor":18,"turns":3},{"damage":4,"enemies":"3 Byrds","floor":19,"turns":3},{"damage":8,"enemies":"Snecko","floor":20,"turns":5},{"damage":17,"enemies":"Snake Plant","floor":21,"turns":5},{"damage":15,"enemies":"Chosen and Byrds","floor":22,"turns":6},{"damage":29,"enemies":"Gremlin Leader","floor":24,"turns":2}],"seed_played":"-2973770822879938604","potions_obtained":[{"floor":1,"key":"SkillPotion"},{"floor":13,"key":"GamblersBrew"},{"floor":14,"key":"Weak Potion"},{"floor":16,"key":"Explosive Potion"},{"floor":17,"key":"Explosive Potion"},{"floor":22,"key":"Block Potion"}],"is_trial":false,"path_per_floor":["M","M","M","M","$","R","$","M","T","$","R","E","M","M","R","B",null,"M","M","M","M","M","R"],"character_chosen":"DEFECT","items_purchased":["Rainbow"],"campfire_rested":2,"item_purchase_floors":[5],"current_hp_per_floor":[54,51,51,27,27,49,49,33,33,33,55,46,37,32,32,20,80,70,66,58,41,26,26,0],"gold":309,"neow_bonus":"ONE_RARE_RELIC","is_prod":false,"is_daily":false,"chose_seed":false,"campfire_upgraded":2,"win_rate":0,"timestamp":1537651740,"path_taken":["M","M","?","M","$","R","?","?","T","$","R","E","M","?","R","BOSS","M","M","M","?","M","R","E"],"build_version":"2018-09-20","purchased_purges":1,"victory":false,"max_hp_per_floor":[75,75,75,75,75,75,75,75,75,75,75,75,75,75,75,75,80,80,80,80,80,80,80,80],"card_choices":[{"not_picked":["Rebound","Turbo"],"picked":"Chaos","floor":1},{"not_picked":["Hello World","Scrape"],"picked":"Cold Snap","floor":2},{"not_picked":["Turbo","Redo"],"picked":"Rebound","floor":3},{"not_picked":["Biased Cognition","Gash"],"picked":"Loop","floor":4},{"not_picked":["Skim","Storm"],"picked":"Beam Cell","floor":8},{"not_picked":["Steam Power","Skim"],"picked":"Hologram","floor":12},{"not_picked":["Coolheaded","Ball Lightning"],"picked":"Leap","floor":13},{"not_picked":["Stack","Blizzard"],"picked":"Ball Lightning","floor":14},{"not_picked":["Multi-Cast","Biased Cognition"],"picked":"Machine Learning","floor":16},{"not_picked":["Sunder","Cold Snap"],"picked":"Go for the Eyes","floor":17},{"not_picked":["Steam","Recycle"],"picked":"Sweeping Beam","floor":18},{"not_picked":["Sweeping Beam","Chaos"],"picked":"Conserve Battery+1","floor":19},{"not_picked":["Hello World","Barrage"],"picked":"Undo","floor":20},{"not_picked":["Redo+1","Stack"],"picked":"Loop","floor":21},{"not_picked":["Compile Driver","Steam+1"],"picked":"Loop","floor":22}],"player_experience":131764,"relics_obtained":[{"floor":9,"key":"Torii"},{"floor":12,"key":"Mercury Hourglass"}],"event_choices":[],"is_beta":false,"boss_relics":[{"not_picked":["Coffee Dripper","Runic Dome"],"picked":"Tiny House"}],"items_purged_floors":[5],"is_endless":false,"potions_floor_spawned":[1,13,14,16,22],"killed_by":"Gremlin Leader","ascension_level":1}