{"gold_per_floor":[116,136,136,146,71,105,380,390,416,416,416],"floor_reached":11,"playtime":618,"items_purged":["Strike_B"],"score":95,"play_id":"2c314adb-8706-4d7b-90c5-0fd5fd17af13","local_time":"20190226175620","is_ascension_mode":true,"campfire_choices":[{"floor":10,"key":"REST"}],"neow_cost":"NONE","seed_source_timestamp":949689967770612,"circlet_count":0,"master_deck":["Strike_B","Strike_B","Strike_B","Defend_B","Defend_B+1","Defend_B","Defend_B","Zap","Dualcast","Madness","Undo","Echo Form+1","Cold Snap","Redo","Regret","Leap"],"relics":["Cracked Core","Strawberry","Bag of Marbles"],"potions_floor_usage":[],"damage_taken":[{"damage":1,"enemies":"Cultist","floor":1,"turns":3},{"damage":0,"enemies":"2 Louse","floor":2,"turns":3},{"damage":2,"enemies":"Jaw Worm","floor":4,"turns":4},{"damage":10,"enemies":"Lagavulin","floor":6,"turns":8},{"damage":34,"enemies":"Gremlin Gang","floor":8,"turns":4},{"damage":38,"enemies":"3 Sentries","floor":11,"turns":13}],"seed_played":"7191524919644247824","potions_obtained":[{"floor":1,"key":"Weak Potion"},{"floor":4,"key":"Poison Potion"}],"is_trial":false,"path_per_floor":["M","M","?","M","$","E","?","M","T","R","E"],"character_chosen":"DEFECT","items_purchased":[],"campfire_rested":1,"item_purchase_floors":[],"current_hp_per_floor":[67,67,52,50,50,47,47,13,13,37,0],"gold":416,"neow_bonus":"RANDOM_COLORLESS","is_prod":false,"is_daily":false,"chose_seed":false,"campfire_upgraded":0,"win_rate":0,"timestamp":1551232580,"path_taken":["M","?","?","M","$","E","?","M","T","R","E"],"build_version":"2019-01-23","purchased_purges":1,"victory":false,"max_hp_per_floor":[75,75,75,75,75,82,82,82,82,82,82],"card_choices":[{"not_picked":["Rebound","Beam Cell"],"picked":"Undo","floor":1},{"not_picked":["Barrage","Rebound"],"picked":"Echo Form","floor":2},{"not_picked":["Reprogram","Barrage"],"picked":"Cold Snap","floor":4},{"not_picked":["Steam Power","Double Energy"],"picked":"Redo","floor":6},{"not_picked":["Scrape","Lockon"],"picked":"Leap","floor":8}],"player_experience":363084,"relics_obtained":[{"floor":6,"key":"Strawberry"},{"floor":9,"key":"Bag of Marbles"}],"event_choices":[{"damage_healed":0,"gold_gain":0,"player_choice":"Entered Light","damage_taken":15,"max_hp_gain":0,"max_hp_loss":0,"event_name":"Shining Light","floor":3,"gold_loss":0,"cards_upgraded":["Echo Form","Defend_B"]},{"damage_healed":0,"gold_gain":275,"player_choice":"Desecrate","damage_taken":0,"max_hp_gain":0,"max_hp_loss":0,"event_name":"Golden Shrine","floor":7,"gold_loss":0,"cards_obtained":["Regret"]}],"is_beta":false,"boss_relics":[],"items_purged_floors":[5],"is_endless":false,"potions_floor_spawned":[1,4],"killed_by":"3 Sentries","ascension_level":6}