{"gold_per_floor":[115,127,140,153,53,85,99,99,99,111,126,138,138,171,171,276,276,296,314,334,334,334,334,357,383,383,191,204,2,28,46,46,146,146,159,169,269,283,31,56,56,67,67,97,110,110,163,189,189,189],"floor_reached":50,"playtime":4837,"items_purged":["Defend_R","Doubt"],"score":758,"play_id":"942c5ae0-047c-4100-a5e6-7005b84721de","local_time":"20190210122014","is_ascension_mode":true,"campfire_choices":[{"data":"Combust","floor":8,"key":"SMITH"},{"data":"Hemokinesis","floor":13,"key":"SMITH"},{"floor":15,"key":"REST"},{"floor":23,"key":"REST"},{"floor":32,"key":"REST"},{"floor":41,"key":"REST"},{"floor":46,"key":"REST"},{"floor":49,"key":"REST"}],"neow_cost":"NONE","seed_source_timestamp":689684160169216,"circlet_count":0,"master_deck":["Strike_R","Strike_R","Strike_R","Strike_R","Strike_R","Defend_R","Defend_R","Defend_R","Bash","Shockwave","Combust+1","Spot Weakness","Twin Strike","Shrug It Off","Demon Form","Warcry","Perfected Strike","Pommel Strike","Hemokinesis+1","Double Tap","Offering","Twin Strike","Cleave","Sword Boomerang+1","Iron Wave","Infernal Blade","Rupture+1","Pommel Strike+1","Double Tap","Parasite","Doubt","Pummel+1","Headbutt+1","Armaments+1","Juggernaut","Battle Trance","Pommel Strike+1","Impervious","Warcry+1"],"relics":["Burning Blood","Shuriken","Question Card","Vajra","Busted Crown","Lantern","Ice Cream","Bag of Marbles","Regal Pillow","ClockworkSouvenir","Orichalcum","Calling Bell","Pantograph","Turnip","Red Skull","Champion Belt","Blood Vial","Art of War","The Courier","Whetstone","StoneCalendar","Dream Catcher"],"potions_floor_usage":[6,14,16,20,33,40,44,47,50,50,50],"damage_taken":[{"damage":6,"enemies":"Cultist","floor":1,"turns":3},{"damage":12,"enemies":"2 Louse","floor":2,"turns":3},{"damage":7,"enemies":"Jaw Worm","floor":3,"turns":4},{"damage":16,"enemies":"Blue Slaver","floor":4,"turns":4},{"damage":16,"enemies":"3 Sentries","floor":6,"turns":4},{"damage":18,"enemies":"3 Louse","floor":7,"turns":3},{"damage":9,"enemies":"Large Slime","floor":10,"turns":5},{"damage":8,"enemies":"Gremlin Gang","floor":11,"turns":4},{"damage":13,"enemies":"Blue Slaver","floor":12,"turns":3},{"damage":35,"enemies":"Gremlin Nob","floor":14,"turns":4},{"damage":22,"enemies":"Slime Boss","floor":16,"turns":6},{"damage":28,"enemies":"2 Thieves","floor":18,"turns":3},{"damage":17,"enemies":"3 Byrds","floor":19,"turns":3},{"damage":23,"enemies":"Centurion and Healer","floor":20,"turns":4},{"damage":28,"enemies":"Slavers","floor":25,"turns":4},{"damage":14,"enemies":"Cultist and Chosen","floor":28,"turns":3},{"damage":22,"enemies":"Gremlin Leader","floor":30,"turns":4},{"damage":6,"enemies":"Sentry and Sphere","floor":31,"turns":3},{"damage":27,"enemies":"Collector","floor":33,"turns":4},{"damage":19,"enemies":"3 Darklings","floor":35,"turns":5},{"damage":6,"enemies":"Orb Walker","floor":36,"turns":2},{"damage":2,"enemies":"Mind Bloom Boss Battle","floor":37,"turns":4},{"damage":16,"enemies":"Spire Growth","floor":38,"turns":3},{"damage":64,"enemies":"Reptomancer","floor":40,"turns":5},{"damage":23,"enemies":"Maw","floor":42,"turns":4},{"damage":42,"enemies":"Nemesis","floor":44,"turns":5},{"damage":11,"enemies":"3 Darklings","floor":45,"turns":2},{"damage":23,"enemies":"2 Orb Walkers","floor":47,"turns":3},{"damage":49,"enemies":"Reptomancer","floor":48,"turns":4},{"damage":85,"enemies":"Awakened One","floor":50,"turns":6}],"seed_played":"3014547782041946029","potions_obtained":[{"floor":1,"key":"AttackPotion"},{"floor":2,"key":"GamblersBrew"},{"floor":6,"key":"EssenceOfSteel"},{"floor":12,"key":"Regen Potion"},{"floor":14,"key":"Explosive Potion"},{"floor":16,"key":"SteroidPotion"},{"floor":25,"key":"GamblersBrew"},{"floor":28,"key":"FearPotion"},{"floor":30,"key":"Regen Potion"},{"floor":33,"key":"LiquidBronze"},{"floor":44,"key":"Dexterity Potion"},{"floor":45,"key":"Weak Potion"},{"floor":47,"key":"SkillPotion"}],"is_trial":false,"path_per_floor":["M","M","M","M","$","E","M","R","T","M","M","M","R","E","R","B",null,"M","M","M","?","?","R","T","E","T","$","M","$","E","M","R","B",null,"M","M","?","M","$","E","R","M","T","E","M","R","?","E","R","B"],"character_chosen":"IRONCLAD","items_purchased":["Shrug It Off","Regal Pillow","Infernal Blade","ClockworkSouvenir","Blood Vial"],"campfire_rested":6,"item_purchase_floors":[5,27,27,29,39],"current_hp_per_floor":[88,82,81,71,71,61,49,49,49,46,44,37,37,20,46,30,74,52,41,24,53,53,79,79,57,57,57,49,49,33,33,74,53,79,66,66,88,78,78,22,63,48,48,26,23,64,49,8,49,0],"gold":189,"neow_bonus":"TEN_PERCENT_HP_BONUS","is_prod":false,"is_daily":false,"chose_seed":false,"campfire_upgraded":2,"win_rate":0,"timestamp":1549830014,"path_taken":["M","M","?","M","$","E","M","R","T","M","?","M","R","E","R","BOSS","M","M","M","?","?","R","?","E","T","$","M","$","E","M","R","BOSS","M","M","?","M","$","E","R","M","T","E","M","R","?","E","R","BOSS"],"build_version":"2019-01-23","purchased_purges":2,"victory":false,"max_hp_per_floor":[88,88,88,88,88,88,88,88,88,88,88,88,88,88,88,88,88,88,88,88,88,88,88,88,88,88,88,88,88,88,88,88,88,88,88,88,88,88,88,88,88,88,88,88,88,88,88,88,88,88],"card_choices":[{"not_picked":["Clash","Disarm"],"picked":"Shockwave","floor":1},{"not_picked":["Heavy Blade","Body Slam"],"picked":"Combust","floor":2},{"not_picked":["Body Slam","Bloodletting"],"picked":"Spot Weakness","floor":3},{"not_picked":["Warcry","Wild Strike"],"picked":"Twin Strike","floor":4},{"not_picked":["Flex","Sword Boomerang"],"picked":"Demon Form","floor":6},{"not_picked":["Shockwave","Havoc"],"picked":"Warcry","floor":7},{"not_picked":["Iron Wave","Dropkick","Twin Strike"],"picked":"Perfected Strike","floor":10},{"not_picked":["Clothesline","Clash","Rupture"],"picked":"Pommel Strike","floor":11},{"not_picked":["Reckless Charge","Clash","Spot Weakness"],"picked":"Hemokinesis","floor":12},{"not_picked":["Seeing Red","Armaments","Pommel Strike"],"picked":"Double Tap","floor":14},{"not_picked":["Bludgeon","Berserk","Fiend Fire"],"picked":"Offering","floor":16},{"not_picked":["Havoc"],"picked":"Twin Strike","floor":18},{"not_picked":["Bloodletting"],"picked":"Cleave","floor":19},{"not_picked":["Reckless Charge"],"picked":"Sword Boomerang","floor":20},{"not_picked":["Anger+1"],"picked":"Iron Wave","floor":25},{"not_picked":["Twin Strike"],"picked":"Rupture+1","floor":28},{"not_picked":["Dropkick","Thunderclap"],"picked":"SKIP","floor":30},{"not_picked":["Entrench"],"picked":"Pommel Strike","floor":31},{"not_picked":["Demon Form"],"picked":"Double Tap","floor":33},{"not_picked":["Body Slam","Flame Barrier+1"],"picked":"SKIP","floor":35},{"not_picked":["Anger"],"picked":"Pummel+1","floor":36},{"not_picked":["Flex+1"],"picked":"Headbutt+1","floor":37},{"not_picked":["Seeing Red","Anger+1"],"picked":"SKIP","floor":38},{"not_picked":["Shrug It Off"],"picked":"Armaments+1","floor":40},{"not_picked":["Corruption"],"picked":"Juggernaut","floor":42},{"not_picked":["Body Slam","Corruption"],"picked":"SKIP","floor":44},{"not_picked":["Headbutt"],"picked":"Battle Trance","floor":45},{"not_picked":["Anger"],"picked":"Pommel Strike+1","floor":47},{"not_picked":["Dual Wield"],"picked":"Impervious","floor":48},{"not_picked":["Anger"],"picked":"Warcry+1","floor":49}],"player_experience":226615,"relics_obtained":[{"floor":6,"key":"Shuriken"},{"floor":9,"key":"Question Card"},{"floor":14,"key":"Vajra"},{"floor":24,"key":"Lantern"},{"floor":25,"key":"Ice Cream"},{"floor":26,"key":"Bag of Marbles"},{"floor":30,"key":"Orichalcum"},{"floor":34,"key":"Pantograph"},{"floor":34,"key":"Turnip"},{"floor":34,"key":"Red Skull"},{"floor":37,"key":"Champion Belt"},{"floor":40,"key":"Art of War"},{"floor":43,"key":"The Courier"},{"floor":44,"key":"Whetstone"},{"floor":47,"key":"StoneCalendar"},{"floor":48,"key":"Dream Catcher"}],"event_choices":[{"damage_healed":29,"gold_gain":0,"player_choice":"Heal","damage_taken":0,"max_hp_gain":0,"max_hp_loss":0,"event_name":"The Library","floor":21,"gold_loss":0},{"damage_healed":0,"gold_gain":0,"player_choice":"Ignored","damage_taken":0,"max_hp_gain":0,"max_hp_loss":0,"event_name":"Ghosts","floor":22,"gold_loss":0},{"damage_healed":0,"gold_gain":0,"player_choice":"Fight","damage_taken":0,"max_hp_gain":0,"max_hp_loss":0,"event_name":"MindBloom","floor":37,"gold_loss":0},{"damage_healed":0,"gold_gain":0,"player_choice":"Fight","damage_taken":0,"max_hp_gain":0,"max_hp_loss":0,"event_name":"Mysterious Sphere","floor":47,"gold_loss":0}],"is_beta":false,"boss_relics":[{"not_picked":["Astrolabe","Orrery"],"picked":"Busted Crown"},{"not_picked":["White Beast Statue","Snecko Eye"],"picked":"Calling Bell"}],"items_purged_floors":[5,39],"is_endless":false,"potions_floor_spawned":[1,2,6,12,14,16,25,28,30,33,35,37,44,45,47],"killed_by":"Awakened One","ascension_level":5}