{"gold_per_floor":[118,118,293,75,150,164,213,231,300,300,108,108,140,157,157,259,259,276,293,368,382,382,382,382,397,421,436,455,470,470,488,488,488],"floor_reached":33,"playtime":1899,"items_purged":["Doubt"],"score":349,"play_id":"50f2a367-f6e4-405e-bf6c-93f623203109","local_time":"20190221184835","is_ascension_mode":true,"campfire_choices":[{"data":"Neutralize","floor":10,"key":"SMITH"},{"floor":12,"key":"REST"},{"floor":15,"key":"REST"},{"floor":23,"key":"REST"},{"data":"Envenom","floor":30,"key":"SMITH"},{"floor":32,"key":"REST"}],"neow_cost":"PERCENT_DAMAGE","seed_source_timestamp":519483557605080,"circlet_count":0,"master_deck":["Defend_G+1","Defend_G","Defend_G+1","Defend_G","Defend_G","Survivor","Neutralize+1","Blade Dance","Prepared","Calculated Gamble","Dagger Spray","Quick Slash","Adrenaline","Poisoned Stab","Dagger Throw","Bite+1","Bite","Bite","Bite","Bite","Bane+1","Crippling Poison","Envenom+1","Dodge and Roll"],"relics":["Ring of the Snake","War Paint","Bronze Scales","Whetstone","Bottled Lightning","TwistedFunnel","Bird Faced Urn","Sozu","Oddly Smooth Stone"],"potions_floor_usage":[21],"damage_taken":[{"damage":3,"enemies":"Small Slimes","floor":1,"turns":4},{"damage":1,"enemies":"Jaw Worm","floor":6,"turns":4},{"damage":0,"enemies":"2 Louse","floor":8,"turns":2},{"damage":31,"enemies":"3 Sentries","floor":13,"turns":9},{"damage":10,"enemies":"Exordium Wildlife","floor":14,"turns":3},{"damage":30,"enemies":"The Guardian","floor":16,"turns":14},{"damage":11,"enemies":"2 Thieves","floor":18,"turns":4},{"damage":0,"enemies":"Chosen","floor":19,"turns":3},{"damage":26,"enemies":"Snecko","floor":21,"turns":5},{"damage":8,"enemies":"Chosen and Byrds","floor":25,"turns":5},{"damage":18,"enemies":"Snake Plant","floor":27,"turns":4},{"damage":15,"enemies":"Cultist and Chosen","floor":28,"turns":5},{"damage":23,"enemies":"Centurion and Healer","floor":29,"turns":4},{"damage":17,"enemies":"Sentry and Sphere","floor":31,"turns":5},{"damage":84,"enemies":"Champ","floor":33,"turns":13}],"seed_played":"-4260480985334223575","potions_obtained":[{"floor":6,"key":"SneckoOil"},{"floor":13,"key":"Poison Potion"}],"is_trial":false,"path_per_floor":["M","?","?","$","?","M","T","M","T","R","$","R","E","M","R","B",null,"M","M","?","M","?","R","?","M","T","M","M","M","R","M","R","B"],"character_chosen":"THE_SILENT","items_purchased":["Bronze Scales","TwistedFunnel"],"campfire_rested":4,"item_purchase_floors":[4,11],"current_hp_per_floor":[56,49,49,49,38,37,37,37,37,37,37,62,31,21,46,16,67,56,56,48,22,22,39,39,48,48,45,43,34,34,28,45,0],"gold":488,"neow_bonus":"TWENTY_PERCENT_HP_BONUS","is_prod":false,"is_daily":false,"chose_seed":false,"campfire_upgraded":2,"win_rate":0,"timestamp":1550803715,"path_taken":["M","?","?","$","?","M","?","M","T","R","$","R","E","M","R","BOSS","M","M","?","?","?","R","?","M","T","M","?","M","R","M","R","BOSS"],"build_version":"2019-01-23","purchased_purges":1,"victory":false,"max_hp_per_floor":[84,84,84,84,84,84,84,84,84,84,84,84,84,84,84,84,84,84,84,84,84,58,58,58,58,58,58,58,58,58,58,58,58],"card_choices":[{"not_picked":["Dodge and Roll","Outmaneuver"],"picked":"Blade Dance","floor":1},{"not_picked":["Bane","Skewer"],"picked":"Prepared","floor":6},{"not_picked":["Masterful Stab","PiercingWail"],"picked":"Calculated Gamble","floor":8},{"not_picked":["Prepared","Sucker Punch"],"picked":"Dagger Spray","floor":13},{"not_picked":["Blade Dance","Reflex"],"picked":"Quick Slash","floor":14},{"not_picked":["Glass Knife","Malaise"],"picked":"Adrenaline","floor":16},{"not_picked":["Reflex","Deflect+1"],"picked":"Poisoned Stab","floor":18},{"not_picked":["Blade Dance","Quick Slash"],"picked":"Dagger Throw","floor":19},{"not_picked":["Outmaneuver","Expertise","Sucker Punch+1"],"picked":"SKIP","floor":21},{"not_picked":["Concentrate","Outmaneuver+1","Endless Agony"],"picked":"SKIP","floor":25},{"not_picked":["Finisher","Bouncing Flask"],"picked":"Bane+1","floor":27},{"not_picked":["Flying Knee","Dash"],"picked":"Crippling Poison","floor":28},{"not_picked":["Well Laid Plans+1","Bane"],"picked":"Envenom","floor":29},{"not_picked":["Outmaneuver","Dagger Spray"],"picked":"Dodge and Roll","floor":31}],"player_experience":312873,"relics_obtained":[{"floor":7,"key":"Whetstone"},{"floor":9,"key":"Bottled Lightning"},{"floor":13,"key":"Bird Faced Urn"},{"floor":26,"key":"Oddly Smooth Stone"}],"event_choices":[{"damage_healed":0,"gold_gain":0,"player_choice":"Success","damage_taken":7,"relics_obtained":["War Paint"],"max_hp_gain":0,"max_hp_loss":0,"event_name":"Scrap Ooze","floor":2,"gold_loss":0},{"damage_healed":0,"gold_gain":175,"player_choice":"AGREE","damage_taken":0,"max_hp_gain":0,"max_hp_loss":0,"event_name":"Liars Game","floor":3,"gold_loss":0,"cards_obtained":["Doubt"]},{"damage_healed":0,"gold_gain":75,"player_choice":"Gather Gold","damage_taken":11,"max_hp_gain":0,"max_hp_loss":0,"event_name":"World of Goop","floor":5,"gold_loss":0},{"damage_healed":0,"gold_gain":75,"player_choice":"Touch","damage_taken":8,"max_hp_gain":0,"max_hp_loss":0,"event_name":"FaceTrader","floor":20,"gold_loss":0},{"damage_healed":0,"gold_gain":0,"player_choice":"Became a vampire","damage_taken":0,"max_hp_gain":0,"max_hp_loss":26,"event_name":"Vampires","floor":22,"gold_loss":0,"cards_obtained":["Bite","Bite","Bite","Bite","Bite"]},{"damage_healed":0,"gold_gain":0,"player_choice":"Upgraded","damage_taken":0,"max_hp_gain":0,"max_hp_loss":0,"event_name":"Upgrade Shrine","floor":24,"gold_loss":0,"cards_upgraded":["Bite"]}],"is_beta":false,"boss_relics":[{"not_picked":["HoveringKite","Snecko Eye"],"picked":"Sozu"}],"items_purged_floors":[4],"is_endless":false,"potions_floor_spawned":[6,13,19,27,29],"killed_by":"Champ","ascension_level":6}