{"gold_per_floor":[114,189,208,383,398,432,219,219,219,229,13,38,38,55,55,153,153,173,205,106,126,138,173,173,190,241,241,241,9,23,23,23,23],"floor_reached":33,"playtime":4422,"items_purged":["Doubt"],"score":275,"play_id":"6d2d3454-f7d3-4009-8af4-7bf7f41b1a75","local_time":"20190318224914","is_ascension_mode":false,"campfire_choices":[{"data":"Discovery","floor":13,"key":"SMITH"},{"data":"Flex","floor":15,"key":"SMITH"},{"floor":24,"key":"REST"},{"floor":27,"key":"REST"},{"floor":32,"key":"REST"}],"neow_cost":"PERCENT_DAMAGE","seed_source_timestamp":174066320545455,"circlet_count":0,"master_deck":["Strike_R","Strike_R","Strike_R","Strike_R","Defend_R","Defend_R","Defend_R","Defend_R","Bash","Impatience","Discovery+1","Pummel","Twin Strike","Ghostly Armor","True Grit","Flex+1","Feel No Pain","Barricade","Intimidate","Cleave","Battle Trance","Rage","Heavy Blade","Demon Form","Headbutt","Cleave","Spot Weakness+1","Sentinel+1","Fire Breathing+1","Whirlwind+1","Burning Pact","Pommel Strike"],"relics":["Burning Blood","Dodecahedron","Happy Flower","Bottled Flame","Velvet Choker","Red Mask","Dream Catcher","Omamori","Bottled Lightning","Blood Vial","StoneCalendar"],"potions_floor_usage":[6,10,16,22,23,23,33,33],"damage_taken":[{"damage":3,"enemies":"Jaw Worm","floor":1,"turns":4},{"damage":0,"enemies":"2 Louse","floor":3,"turns":4},{"damage":10,"enemies":"Small Slimes","floor":5,"turns":3},{"damage":14,"enemies":"Gremlin Nob","floor":6,"turns":3},{"damage":3,"enemies":"Exordium Wildlife","floor":10,"turns":5},{"damage":20,"enemies":"3 Sentries","floor":12,"turns":6},{"damage":7,"enemies":"Blue Slaver","floor":14,"turns":2},{"damage":33,"enemies":"The Guardian","floor":16,"turns":14},{"damage":7,"enemies":"3 Byrds","floor":18,"turns":7},{"damage":45,"enemies":"Masked Bandits","floor":19,"turns":5},{"damage":11,"enemies":"Shell Parasite","floor":21,"turns":5},{"damage":15,"enemies":"Shelled Parasite and Fungi","floor":22,"turns":5},{"damage":22,"enemies":"Gremlin Leader","floor":23,"turns":3},{"damage":15,"enemies":"Chosen and Byrds","floor":25,"turns":9},{"damage":10,"enemies":"Snake Plant","floor":30,"turns":3},{"damage":78,"enemies":"Automaton","floor":33,"turns":8}],"seed_played":"-5384114077649056855","potions_obtained":[{"floor":5,"key":"AttackPotion"},{"floor":6,"key":"Regen Potion"},{"floor":10,"key":"Fire Potion"},{"floor":19,"key":"EssenceOfSteel"},{"floor":22,"key":"LiquidBronze"},{"floor":23,"key":"FearPotion"},{"floor":30,"key":"Fire Potion"}],"is_trial":false,"path_per_floor":["M","?","M","?","M","E","$","?","T","M","$","E","R","M","R","B",null,"M","?","$","M","M","E","R","M","T","R","T","$","M","?","R","B"],"character_chosen":"IRONCLAD","items_purchased":["True Grit","Flex","Feel No Pain","Cleave","Battle Trance","Rage","Heavy Blade","Cleave","LiquidBronze","Blood Vial","Burning Pact","Pommel Strike"],"campfire_rested":3,"item_purchase_floors":[7,7,7,11,11,11,11,20,20,29,29,29],"current_hp_per_floor":[59,48,54,54,50,42,42,42,42,59,59,45,45,44,44,17,80,79,40,40,35,26,10,34,25,25,49,49,49,47,47,71,0],"gold":23,"neow_bonus":"RANDOM_COLORLESS_2","is_prod":false,"is_daily":false,"chose_seed":false,"campfire_upgraded":2,"win_rate":0,"timestamp":1552960154,"path_taken":["M","?","M","?","M","E","$","?","T","M","$","E","R","M","R","BOSS","M","?","$","M","M","E","R","M","T","R","?","$","M","?","R","BOSS"],"build_version":"2019-01-23","purchased_purges":1,"victory":false,"max_hp_per_floor":[80,80,80,80,80,80,80,80,80,80,80,80,80,80,80,80,80,80,80,80,80,80,80,80,80,80,80,80,80,80,80,80,80],"card_choices":[{"not_picked":["Sever Soul","Iron Wave","Perfected Strike"],"picked":"SKIP","floor":1},{"not_picked":["Sword Boomerang","Havoc"],"picked":"Pummel","floor":3},{"not_picked":["Burning Pact","Perfected Strike"],"picked":"Twin Strike","floor":5},{"not_picked":["Bloodletting","Hemokinesis"],"picked":"Ghostly Armor","floor":6},{"not_picked":["Rampage","Clothesline"],"picked":"Intimidate","floor":10},{"not_picked":["Havoc","Intimidate","Perfected Strike"],"picked":"SKIP","floor":12},{"not_picked":["Havoc","Intimidate","Perfected Strike"],"picked":"SKIP","floor":12},{"not_picked":["Perfected Strike","Twin Strike","Rampage"],"picked":"SKIP","floor":14},{"not_picked":["Barricade","Juggernaut"],"picked":"Demon Form","floor":16},{"not_picked":["Flex","Clash"],"picked":"Headbutt","floor":18},{"not_picked":["Carnage","Corruption"],"picked":"Spot Weakness+1","floor":21},{"not_picked":["Sword Boomerang+1","Battle Trance+1","Twin Strike"],"picked":"SKIP","floor":22},{"not_picked":["Cleave+1","Dual Wield"],"picked":"Sentinel+1","floor":23},{"not_picked":["Battle Trance","Disarm"],"picked":"Fire Breathing+1","floor":25},{"not_picked":["Cleave+1","Flame Barrier"],"picked":"Whirlwind+1","floor":27},{"not_picked":["Armaments","Body Slam","Reckless Charge"],"picked":"SKIP","floor":30}],"player_experience":34789,"relics_obtained":[{"floor":6,"key":"Dodecahedron"},{"floor":9,"key":"Happy Flower"},{"floor":12,"key":"Bottled Flame"},{"floor":19,"key":"Red Mask"},{"floor":23,"key":"Dream Catcher"},{"floor":26,"key":"Omamori"},{"floor":28,"key":"Bottled Lightning"}],"event_choices":[{"damage_healed":0,"gold_gain":75,"player_choice":"Gather Gold","damage_taken":11,"max_hp_gain":0,"max_hp_loss":0,"event_name":"World of Goop","floor":2,"gold_loss":0},{"damage_healed":0,"gold_gain":175,"player_choice":"AGREE","damage_taken":0,"max_hp_gain":0,"max_hp_loss":0,"event_name":"Liars Game","floor":4,"gold_loss":0,"cards_obtained":["Doubt"]},{"damage_healed":0,"gold_gain":0,"cards_transformed":["Strike_R"],"player_choice":"Change","damage_taken":0,"max_hp_gain":0,"max_hp_loss":0,"event_name":"Living Wall","floor":8,"gold_loss":0,"cards_obtained":["Barricade"]},{"damage_healed":0,"gold_gain":0,"player_choice":"Fought Bandits","damage_taken":0,"max_hp_gain":0,"max_hp_loss":0,"event_name":"Masked Bandits","floor":19,"gold_loss":0},{"damage_healed":0,"gold_gain":0,"player_choice":"Stole Relic","damage_taken":0,"relics_obtained":["StoneCalendar"],"max_hp_gain":0,"max_hp_loss":0,"event_name":"Addict","floor":31,"gold_loss":0,"cards_obtained":["Shame"]}],"is_beta":false,"boss_relics":[{"not_picked":["White Beast Statue","Fusion Hammer"],"picked":"Velvet Choker"}],"items_purged_floors":[7],"is_endless":false,"potions_floor_spawned":[5,6,10,19,22,23,30],"killed_by":"Automaton","ascension_level":0}