{"gold_per_floor":[114,128,182,182,182,182,210,210,210,236,236,253,263,276,276,374,374,394,45,45,56,67,67,0,15,41,41,54,79,90,107,107,209,209,225,244,244,244,101,101,101],"floor_reached":41,"playtime":2117,"items_purged":["Strike_B"],"score":473,"play_id":"bdab3af2-2acd-4904-9a8b-92653ee6c767","local_time":"20190314070938","is_ascension_mode":false,"campfire_choices":[{"floor":6,"key":"RECALL"},{"floor":8,"key":"REST"},{"data":"Glacier","floor":15,"key":"SMITH"},{"data":"Apotheosis","floor":23,"key":"SMITH"},{"data":"Storm","floor":32,"key":"SMITH"},{"data":"Defragment","floor":40,"key":"SMITH"}],"neow_cost":"NONE","seed_source_timestamp":392817680741796,"circlet_count":0,"master_deck":["Defend_B","Defend_B","Defend_B","Defend_B","Zap","Dualcast","Defragment+1","Static Discharge+1","Glacier+1","Conserve Battery","Steam","Conserve Battery","Storm+1","Streamline","Creative AI","Ball Lightning","Apotheosis+1","Defragment+1","Defragment+1","Glacier","BootSequence+1","Thunder Strike","Loop","Capacitor","Steam+1"],"relics":["Cracked Core","Ancient Tea Set","Thread and Needle","Potion Belt","Symbiotic Virus","Prayer Wheel","Coffee Dripper","Kunai","Inserter","Anchor"],"potions_floor_usage":[22,33,33],"damage_taken":[{"damage":0,"enemies":"Cultist","floor":1,"turns":2},{"damage":4,"enemies":"2 Louse","floor":2,"turns":2},{"damage":14,"enemies":"3 Sentries","floor":7,"turns":6},{"damage":0,"enemies":"Lagavulin","floor":10,"turns":6},{"damage":0,"enemies":"Jaw Worm","floor":12,"turns":4},{"damage":0,"enemies":"2 Fungi Beasts","floor":13,"turns":4},{"damage":0,"enemies":"3 Louse","floor":14,"turns":5},{"damage":4,"enemies":"Slime Boss","floor":16,"turns":19},{"damage":0,"enemies":"3 Byrds","floor":18,"turns":5},{"damage":0,"enemies":"Colosseum Slavers","floor":20,"turns":4},{"damage":0,"enemies":"Spheric Guardian","floor":21,"turns":4},{"damage":5,"enemies":"Shelled Parasite and Fungi","floor":22,"turns":4},{"damage":0,"enemies":"Chosen and Byrds","floor":25,"turns":6},{"damage":0,"enemies":"Cultist and Chosen","floor":28,"turns":4},{"damage":0,"enemies":"Book of Stabbing","floor":29,"turns":6},{"damage":0,"enemies":"Centurion and Healer","floor":30,"turns":5},{"damage":12,"enemies":"Shelled Parasite and Fungi","floor":31,"turns":5},{"damage":3,"enemies":"Champ","floor":33,"turns":8},{"damage":23,"enemies":"3 Darklings","floor":35,"turns":3},{"damage":0,"enemies":"3 Shapes","floor":36,"turns":5},{"damage":0,"enemies":"Giant Head","floor":41,"turns":1}],"seed_played":"4651593129234241890","potions_obtained":[{"floor":10,"key":"FearPotion"},{"floor":12,"key":"GamblersBrew"},{"floor":14,"key":"GamblersBrew"},{"floor":21,"key":"Regen Potion"},{"floor":22,"key":"FocusPotion"},{"floor":31,"key":"AttackPotion"},{"floor":33,"key":"PowerPotion"},{"floor":35,"key":"Dexterity Potion"}],"is_trial":false,"path_per_floor":["M","M","T","?","?","R","E","R","T","E","?","M","M","M","R","B",null,"M","$","?","M","M","R","?","M","T","?","M","E","M","M","R","B",null,"M","M","$","?","$","R","E"],"character_chosen":"DEFECT","items_purchased":["Apotheosis","Defragment","Anchor"],"campfire_rested":1,"item_purchase_floors":[19,19,39],"current_hp_per_floor":[75,71,71,56,49,49,35,57,57,57,57,57,57,57,57,53,75,75,75,75,75,70,70,70,70,70,70,70,70,70,58,58,70,75,52,52,52,52,52,52,52],"gold":101,"neow_bonus":"REMOVE_CARD","is_prod":false,"is_daily":false,"chose_seed":false,"campfire_upgraded":4,"win_rate":0,"timestamp":1552547378,"path_taken":["M","M","?","?","?","R","E","R","T","E","?","M","M","M","R","BOSS","M","$","?","M","M","R","?","M","T","?","M","E","?","M","R","BOSS","M","M","$","?","$","R","E"],"build_version":"2019-01-23","purchased_purges":1,"victory":false,"max_hp_per_floor":[75,75,75,75,75,75,75,75,75,75,75,75,75,75,75,75,75,75,75,75,75,75,75,75,75,75,75,75,75,75,75,75,75,75,75,75,75,71,71,71,71],"card_choices":[{"not_picked":["Go for the Eyes","Gash"],"picked":"Defragment","floor":1},{"not_picked":["Sweeping Beam","Streamline"],"picked":"Static Discharge","floor":2},{"not_picked":["Barrage","BootSequence"],"picked":"Glacier","floor":7},{"not_picked":["Steam","Go for the Eyes"],"picked":"Conserve Battery","floor":10},{"not_picked":["Cold Snap","Steam Power"],"picked":"Steam","floor":12},{"not_picked":["Ball Lightning","Stack"],"picked":"Conserve Battery","floor":12},{"not_picked":["Hello World","Steam Power"],"picked":"Storm","floor":13},{"not_picked":["Sweeping Beam","Rebound","Conserve Battery"],"picked":"SKIP","floor":13},{"not_picked":["Aggregate","Beam Cell"],"picked":"Streamline","floor":14},{"not_picked":["Fusion","Hologram","Amplify"],"picked":"SKIP","floor":14},{"not_picked":["Buffer","Multi-Cast"],"picked":"Creative AI","floor":16},{"not_picked":["Consume","Scrape"],"picked":"Ball Lightning","floor":18},{"not_picked":["Cold Snap","Barrage+1","Consume+1"],"picked":"SKIP","floor":18},{"not_picked":["Hello World","Sweeping Beam+1"],"picked":"Defragment+1","floor":21},{"not_picked":["Chill","Rebound","Go for the Eyes+1"],"picked":"SKIP","floor":21},{"not_picked":["Turbo","Heatsinks"],"picked":"Glacier","floor":22},{"not_picked":["Sweeping Beam+1","Gash+1","Go for the Eyes+1"],"picked":"SKIP","floor":22},{"not_picked":["Glacier","Genetic Algorithm+1"],"picked":"BootSequence+1","floor":25},{"not_picked":["Redo","Beam Cell"],"picked":"Thunder Strike","floor":25},{"not_picked":["Sweeping Beam","Skim","Compile Driver+1"],"picked":"SKIP","floor":28},{"not_picked":["Ball Lightning","Steam","Cold Snap"],"picked":"SKIP","floor":28},{"not_picked":["Conserve Battery","Steam+1"],"picked":"Loop","floor":29},{"not_picked":["Compile Driver","Streamline"],"picked":"Capacitor","floor":30},{"not_picked":["Fission","Rebound+1","Conserve Battery"],"picked":"SKIP","floor":30},{"not_picked":["Capacitor","Redo","Rebound"],"picked":"SKIP","floor":31},{"not_picked":["Sunder","Chill+1","Hyperbeam"],"picked":"SKIP","floor":31},{"not_picked":["Barrage","BootSequence"],"picked":"Steam+1","floor":35},{"not_picked":["Cold Snap+1","Leap+1","Turbo"],"picked":"SKIP","floor":35},{"not_picked":["Coolheaded","Leap+1","Auto Shields"],"picked":"SKIP","floor":36},{"not_picked":["Sweeping Beam+1","Leap+1","Self Repair"],"picked":"SKIP","floor":36}],"player_experience":108921,"relics_obtained":[{"floor":3,"key":"Ancient Tea Set"},{"floor":7,"key":"Potion Belt"},{"floor":9,"key":"Symbiotic Virus"},{"floor":10,"key":"Prayer Wheel"},{"floor":29,"key":"Kunai"}],"event_choices":[{"damage_healed":0,"gold_gain":0,"player_choice":"Entered Light","damage_taken":15,"max_hp_gain":0,"max_hp_loss":0,"event_name":"Shining Light","floor":4,"gold_loss":0,"cards_upgraded":["Static Discharge","Defragment"]},{"damage_healed":0,"gold_gain":0,"player_choice":"Success","damage_taken":7,"relics_obtained":["Thread and Needle"],"max_hp_gain":0,"max_hp_loss":0,"event_name":"Scrap Ooze","floor":5,"gold_loss":0},{"cards_removed":["Strike_B"],"damage_healed":0,"gold_gain":0,"player_choice":"Forget","damage_taken":0,"max_hp_gain":0,"max_hp_loss":0,"event_name":"Living Wall","floor":11,"gold_loss":0},{"damage_healed":0,"gold_gain":0,"player_choice":"Fight","damage_taken":0,"max_hp_gain":0,"max_hp_loss":0,"event_name":"Colosseum","floor":20,"gold_loss":0},{"damage_healed":0,"gold_gain":0,"player_choice":"Fled From Nobs","damage_taken":0,"max_hp_gain":0,"max_hp_loss":0,"event_name":"Colosseum","floor":20,"gold_loss":0},{"damage_healed":0,"gold_gain":0,"player_choice":"Paid Fearfully","damage_taken":0,"max_hp_gain":0,"max_hp_loss":0,"event_name":"Masked Bandits","floor":24,"gold_loss":67},{"cards_removed":["Strike_B"],"damage_healed":0,"gold_gain":0,"player_choice":"Elegance","damage_taken":0,"max_hp_gain":0,"max_hp_loss":0,"event_name":"Back to Basics","floor":27,"gold_loss":0},{"damage_healed":0,"gold_gain":0,"player_choice":"Max HP","damage_taken":0,"max_hp_gain":0,"max_hp_loss":4,"event_name":"Winding Halls","floor":38,"gold_loss":0}],"is_beta":false,"boss_relics":[{"not_picked":["Runic Dome","Eternal Feather"],"picked":"Coffee Dripper"},{"not_picked":["Empty Cage","Orrery"],"picked":"Inserter"}],"items_purged_floors":[19],"is_endless":false,"potions_floor_spawned":[10,12,14,21,22,31,33,35],"killed_by":"Giant Head","ascension_level":0}