{"gold_per_floor":[115,125,143,143,155,155,135,135,135,160,45,64,64,78,78,176,176,193,93,104,104,0,25,25,25],"floor_reached":25,"playtime":1263,"items_purged":["Strike_G","Strike_G"],"score":221,"play_id":"8917161d-027c-4fbb-ba28-6904156567ba","local_time":"20190316160712","is_ascension_mode":false,"campfire_choices":[{"data":"Infinite Blades","floor":6,"key":"SMITH"},{"floor":8,"key":"REST"},{"data":"Storm of Steel","floor":13,"key":"SMITH"},{"floor":15,"key":"REST"},{"floor":24,"key":"REST"}],"neow_cost":"PERCENT_DAMAGE","seed_source_timestamp":598750394581415,"circlet_count":0,"master_deck":["Defend_G","Defend_G","Defend_G","Defend_G","Defend_G","Survivor","Neutralize","Backstab","Storm of Steel+1","Dash","Acrobatics","Infinite Blades+1","Footwork","Escape Plan","Phantasmal Killer","Blur+1","Endless Agony","Decay"],"relics":["Ring of the Snake","Paper Crane","Singing Bowl","Cursed Key","Darkstone Periapt","Shovel"],"potions_floor_usage":[10,16,16],"damage_taken":[{"damage":7,"enemies":"Small Slimes","floor":1,"turns":5},{"damage":0,"enemies":"2 Louse","floor":2,"turns":2},{"damage":0,"enemies":"Cultist","floor":3,"turns":2},{"damage":6,"enemies":"Exordium Wildlife","floor":5,"turns":6},{"damage":6,"enemies":"Gremlin Nob","floor":10,"turns":5},{"damage":0,"enemies":"3 Louse","floor":12,"turns":3},{"damage":2,"enemies":"Gremlin Gang","floor":14,"turns":8},{"damage":52,"enemies":"Slime Boss","floor":16,"turns":14},{"damage":6,"enemies":"Spheric Guardian","floor":18,"turns":4},{"damage":2,"enemies":"Shell Parasite","floor":20,"turns":7},{"damage":53,"enemies":"Slavers","floor":23,"turns":11},{"damage":13,"enemies":"Sentry and Sphere","floor":25,"turns":7}],"seed_played":"-4383342892051393124","potions_obtained":[{"floor":1,"key":"AttackPotion"},{"floor":7,"key":"Ancient Potion"},{"floor":10,"key":"Energy Potion"},{"floor":12,"key":"Fire Potion"},{"floor":20,"key":"FairyPotion"}],"is_trial":false,"path_per_floor":["M","M","M","?","M","R","?","R","T","E","$","M","R","M","R","B",null,"M","$","M","T","?","E","R","M"],"character_chosen":"THE_SILENT","items_purchased":["Footwork"],"campfire_rested":3,"item_purchase_floors":[11],"current_hp_per_floor":[42,42,42,35,29,29,29,50,50,46,46,48,48,46,68,16,74,68,68,66,66,66,15,37,24],"gold":25,"neow_bonus":"TRANSFORM_TWO_CARDS","is_prod":false,"is_daily":false,"chose_seed":false,"campfire_upgraded":2,"win_rate":0,"timestamp":1552752432,"path_taken":["M","M","M","?","M","R","?","R","T","E","$","M","R","M","R","BOSS","M","$","M","?","?","E","R","M"],"build_version":"2019-01-23","purchased_purges":2,"victory":false,"max_hp_per_floor":[70,70,70,70,70,70,70,70,70,72,72,74,74,74,74,74,74,74,74,74,74,74,76,76,76],"card_choices":[{"not_picked":["Sucker Punch","Bane"],"picked":"Dash","floor":1},{"not_picked":["Backstab","Dash"],"picked":"Acrobatics","floor":2},{"not_picked":["Expertise","Crippling Poison"],"picked":"Infinite Blades","floor":3},{"not_picked":["Flying Knee","Dagger Throw","Dagger Spray"],"picked":"SKIP","floor":5},{"not_picked":["Deadly Poison","Backflip","Wraith Form v2"],"picked":"Singing Bowl","floor":10},{"not_picked":["Dagger Throw","Expertise","Quick Slash"],"picked":"Singing Bowl","floor":12},{"not_picked":["Bouncing Flask","Sucker Punch"],"picked":"Escape Plan","floor":14},{"not_picked":["Bullet Time","Wraith Form v2"],"picked":"Phantasmal Killer","floor":16},{"not_picked":["Prepared","Poisoned Stab"],"picked":"Blur+1","floor":18},{"not_picked":["Backflip","Finisher+1"],"picked":"Endless Agony","floor":20},{"not_picked":["Outmaneuver+1","Backflip","Concentrate+1"],"picked":"Singing Bowl","floor":23}],"player_experience":116231,"relics_obtained":[{"floor":9,"key":"Paper Crane"},{"floor":10,"key":"Singing Bowl"},{"floor":21,"key":"Darkstone Periapt"},{"floor":23,"key":"Shovel"}],"event_choices":[{"cards_removed":["Strike_G"],"damage_healed":0,"gold_gain":0,"player_choice":"Card Removal","damage_taken":7,"max_hp_gain":0,"max_hp_loss":0,"event_name":"Golden Wing","floor":4,"gold_loss":0},{"damage_healed":0,"gold_gain":0,"player_choice":"Bought 1 Potion","damage_taken":0,"max_hp_gain":0,"max_hp_loss":0,"event_name":"The Woman in Blue","floor":7,"gold_loss":0},{"damage_healed":0,"gold_gain":0,"player_choice":"Paid Fearfully","damage_taken":0,"max_hp_gain":0,"max_hp_loss":0,"event_name":"Masked Bandits","floor":22,"gold_loss":104}],"is_beta":false,"boss_relics":[{"not_picked":["White Beast Statue","Eternal Feather"],"picked":"Cursed Key"}],"items_purged_floors":[11,19],"is_endless":false,"potions_floor_spawned":[1,10,12,20],"killed_by":"Sentry and Sphere","ascension_level":0}