{"gold_per_floor":[110,71,89,105,180,180,200,210,210,264,276,292,292,306,306,402,402,415,340,340,45,62,62,62,62,87,99,110,124,124,136,136,235,235,252,28,46,59,0,0,19,19,19,34,34,44,77,6,6,6],"floor_reached":51,"playtime":3145,"items_purged":["Strike_G"],"score":650,"play_id":"31780ae5-0a4d-4abb-be79-c4f4324c3fe9","local_time":"20190310171157","is_ascension_mode":false,"campfire_choices":[{"data":"A Thousand Cuts","floor":6,"key":"SMITH"},{"data":"Distraction","floor":13,"key":"SMITH"},{"floor":15,"key":"REST"},{"data":"Neutralize","floor":23,"key":"SMITH"},{"data":"Caltrops","floor":25,"key":"SMITH"},{"data":"Backflip","floor":30,"key":"SMITH"},{"floor":32,"key":"REST"},{"floor":45,"key":"REST"},{"floor":49,"key":"REST"}],"neow_cost":"NONE","seed_source_timestamp":82326299368399,"circlet_count":0,"master_deck":["Defend_G","Defend_G","Defend_G","Defend_G","Defend_G","Strike_G","Strike_G","Survivor","Neutralize+1","Blind","Well Laid Plans","Distraction+1","Backflip+1","A Thousand Cuts+1","Flying Knee","Caltrops+1","Endless Agony","Deflect","Acrobatics","Footwork+1","Acrobatics","Distraction","Distraction+1"],"relics":["Ring of the Snake","Kunai","Ancient Tea Set","Busted Crown","Tingsha","Oddly Smooth Stone","Fusion Hammer","Pen Nib","Red Mask","Paper Crane","Toxic Egg 2"],"potions_floor_usage":[16,29,33,33,44,46,47,47],"damage_taken":[{"damage":0,"enemies":"Cultist","floor":1,"turns":4},{"damage":4,"enemies":"2 Louse","floor":3,"turns":4},{"damage":4,"enemies":"Jaw Worm","floor":4,"turns":6},{"damage":6,"enemies":"2 Fungi Beasts","floor":7,"turns":4},{"damage":2,"enemies":"3 Louse","floor":8,"turns":3},{"damage":5,"enemies":"Large Slime","floor":11,"turns":6},{"damage":0,"enemies":"Exordium Wildlife","floor":12,"turns":3},{"damage":6,"enemies":"2 Fungi Beasts","floor":14,"turns":3},{"damage":2,"enemies":"Hexaghost","floor":16,"turns":9},{"damage":3,"enemies":"Shell Parasite","floor":18,"turns":5},{"damage":0,"enemies":"Chosen","floor":22,"turns":6},{"damage":0,"enemies":"Snecko","floor":27,"turns":4},{"damage":10,"enemies":"Shelled Parasite and Fungi","floor":28,"turns":5},{"damage":2,"enemies":"Centurion and Healer","floor":29,"turns":8},{"damage":9,"enemies":"Snake Plant","floor":31,"turns":4},{"damage":20,"enemies":"Collector","floor":33,"turns":12},{"damage":0,"enemies":"3 Shapes","floor":35,"turns":5},{"damage":1,"enemies":"Orb Walker","floor":37,"turns":3},{"damage":2,"enemies":"Spire Growth","floor":38,"turns":5},{"damage":0,"enemies":"Transient","floor":41,"turns":5},{"damage":0,"enemies":"Jaw Worm Horde","floor":44,"turns":3},{"damage":1,"enemies":"4 Shapes","floor":46,"turns":5},{"damage":6,"enemies":"Giant Head","floor":47,"turns":12},{"damage":37,"enemies":"Time Eater","floor":50,"turns":17}],"seed_played":"3925517398280093120","potions_obtained":[{"floor":4,"key":"Energy Potion"},{"floor":8,"key":"Explosive Potion"},{"floor":12,"key":"Swift Potion"},{"floor":18,"key":"GamblersBrew"},{"floor":29,"key":"GamblersBrew"},{"floor":33,"key":"GhostInAJar"},{"floor":41,"key":"Fire Potion"},{"floor":46,"key":"SkillPotion"}],"is_trial":false,"path_per_floor":["M","$","M","M","?","R","M","M","T","T","M","M","R","M","R","B",null,"M","?","?","$","M","R","?","R","T","M","M","M","R","M","R","B",null,"M","$","M","M","?","?","M","?","T","M","R","M","E","$","R","B",null],"character_chosen":"THE_SILENT","items_purchased":["Distraction","Tingsha","Pen Nib","Distraction+1"],"campfire_rested":4,"item_purchase_floors":[2,21,36,48],"current_hp_per_floor":[70,70,66,62,51,51,45,43,43,43,38,38,38,32,53,51,70,67,67,54,54,54,54,54,54,54,54,44,42,42,33,55,35,75,75,75,74,72,72,71,71,71,71,71,71,70,64,64,71,34],"gold":6,"neow_bonus":"RANDOM_COLORLESS","is_prod":false,"is_daily":false,"chose_seed":false,"campfire_upgraded":5,"win_rate":0,"timestamp":1552237917,"path_taken":["M","?","M","?","?","R","M","M","T","?","M","M","R","M","R","BOSS","M","?","?","$","M","R","?","R","T","M","M","?","R","M","R","BOSS","M","$","M","M","?","?","M","?","T","?","R","M","E","?","R","BOSS"],"build_version":"2019-01-23","purchased_purges":1,"victory":true,"max_hp_per_floor":[70,70,70,70,70,70,70,70,70,70,70,70,70,70,70,70,70,70,70,75,75,75,75,75,75,75,75,75,75,75,75,75,75,75,75,75,75,75,75,71,71,71,71,71,71,71,71,71,71,71],"card_choices":[{"not_picked":["Blur","Dagger Spray"],"picked":"Well Laid Plans","floor":1},{"not_picked":["Prepared","Outmaneuver"],"picked":"Backflip","floor":3},{"not_picked":["Cloak And Dagger","Well Laid Plans"],"picked":"A Thousand Cuts","floor":4},{"not_picked":["PiercingWail","Accuracy"],"picked":"Flying Knee","floor":7},{"not_picked":["Deflect","Noxious Fumes"],"picked":"Caltrops","floor":8},{"not_picked":["Terror","Quick Slash"],"picked":"Endless Agony","floor":11},{"not_picked":["Slice","Riddle With Holes","Flying Knee"],"picked":"SKIP","floor":12},{"not_picked":["PiercingWail","Flechettes"],"picked":"Deflect","floor":14},{"not_picked":[],"picked":"Acrobatics","floor":18},{"not_picked":["Bane"],"picked":"SKIP","floor":22},{"not_picked":["Dagger Throw"],"picked":"SKIP","floor":27},{"not_picked":["Blade Dance"],"picked":"SKIP","floor":28},{"not_picked":["Accuracy"],"picked":"SKIP","floor":29},{"not_picked":[],"picked":"Footwork+1","floor":31},{"not_picked":[],"picked":"Acrobatics","floor":35},{"not_picked":["Deadly Poison+1"],"picked":"SKIP","floor":37},{"not_picked":["Deflect"],"picked":"SKIP","floor":38},{"not_picked":["Blade Dance+1"],"picked":"SKIP","floor":41},{"not_picked":["Underhanded Strike+1"],"picked":"SKIP","floor":44},{"not_picked":["Cloak And Dagger"],"picked":"SKIP","floor":46},{"not_picked":["Underhanded Strike+1"],"picked":"SKIP","floor":47}],"player_experience":94616,"relics_obtained":[{"floor":9,"key":"Kunai"},{"floor":10,"key":"Ancient Tea Set"},{"floor":26,"key":"Oddly Smooth Stone"},{"floor":43,"key":"Paper Crane"},{"floor":47,"key":"Toxic Egg 2"}],"event_choices":[{"damage_healed":0,"gold_gain":75,"player_choice":"Gather Gold","damage_taken":11,"max_hp_gain":0,"max_hp_loss":0,"event_name":"World of Goop","floor":5,"gold_loss":0},{"cards_removed":["Strike_G"],"damage_healed":0,"gold_gain":0,"player_choice":"Gave Gold","damage_taken":0,"max_hp_gain":0,"max_hp_loss":0,"event_name":"Beggar","floor":19,"gold_loss":75},{"damage_healed":0,"gold_gain":0,"player_choice":"Shed Blood","damage_taken":18,"max_hp_gain":5,"max_hp_loss":0,"event_name":"Forgotten Altar","floor":20,"gold_loss":0},{"damage_healed":0,"gold_gain":0,"player_choice":"Ignored","damage_taken":0,"max_hp_gain":0,"max_hp_loss":0,"event_name":"Ghosts","floor":24,"gold_loss":0},{"damage_healed":0,"gold_gain":0,"player_choice":"Paid","damage_taken":0,"relics_obtained":["Red Mask"],"max_hp_gain":0,"max_hp_loss":0,"event_name":"Tomb of Lord Red Mask","floor":39,"gold_loss":59},{"damage_healed":0,"gold_gain":0,"player_choice":"Max HP","damage_taken":0,"max_hp_gain":0,"max_hp_loss":4,"event_name":"Winding Halls","floor":40,"gold_loss":0},{"damage_healed":0,"gold_gain":0,"cards_transformed":["Strike_G"],"player_choice":"Transformed","damage_taken":0,"max_hp_gain":0,"max_hp_loss":0,"event_name":"Transmorgrifier","floor":42,"gold_loss":0,"cards_obtained":["Distraction"]}],"is_beta":false,"boss_relics":[{"not_picked":["Tiny House","Eternal Feather"],"picked":"Busted Crown"},{"not_picked":["Snecko Eye","Philosopher\u0027s Stone"],"picked":"Fusion Hammer"}],"items_purged_floors":[36],"is_endless":false,"potions_floor_spawned":[4,8,12,14,18,27,29,33,41,46],"ascension_level":0}