{"gold_per_floor":[110,1,1,11,11,11,28,28,28,28,28,48,58,75,75,173,173,184,22,41,41],"floor_reached":21,"playtime":2183,"items_purged":["Writhe"],"score":171,"play_id":"19797e98-8e73-4927-999c-64bde75ef73d","local_time":"20190317003456","is_ascension_mode":false,"campfire_choices":[{"data":"Body Slam","floor":6,"key":"SMITH"},{"data":"Searing Blow","floor":8,"key":"SMITH"},{"floor":15,"key":"REST"}],"neow_cost":"","seed_source_timestamp":9848708997824,"circlet_count":0,"master_deck":["Strike_R","Strike_R","Strike_R","Strike_R","Strike_R","Defend_R","Defend_R","Defend_R","Bash","Body Slam+1","Searing Blow+1","Regret","Pummel","Rupture","Power Through","Iron Wave","Sword Boomerang","Demon Form","Parasite","Parasite","Rupture","Fire Breathing","Shrug It Off","Anger+1"],"relics":["Burning Blood","Meat on the Bone","Bottled Flame","Pantograph","Calling Bell","Bag of Preparation","Pear","Thread and Needle"],"potions_floor_usage":[13,16,16],"damage_taken":[{"damage":3,"enemies":"Small Slimes","floor":1,"turns":3},{"damage":8,"enemies":"2 Louse","floor":4,"turns":4},{"damage":9,"enemies":"Cultist","floor":7,"turns":3},{"damage":12,"enemies":"Red Slaver","floor":12,"turns":3},{"damage":25,"enemies":"Lots of Slimes","floor":13,"turns":5},{"damage":19,"enemies":"Gremlin Gang","floor":14,"turns":5},{"damage":76,"enemies":"The Guardian","floor":16,"turns":11},{"damage":46,"enemies":"Spheric Guardian","floor":18,"turns":6},{"damage":33,"enemies":"Chosen","floor":20,"turns":8},{"damage":49,"enemies":"Snake Plant","floor":21,"turns":6}],"seed_played":"3740013571966179215","potions_obtained":[{"floor":1,"key":"EssenceOfSteel"},{"floor":7,"key":"Fire Potion"},{"floor":12,"key":"FearPotion"}],"is_trial":false,"path_per_floor":["M","$","?","M","?","R","M","R","T","$","T","M","M","M","R","B",null,"M","$","M","M"],"character_chosen":"IRONCLAD","items_purchased":["Ancient Potion","Searing Blow","Fire Breathing","Shrug It Off"],"campfire_rested":1,"item_purchase_floors":[2,2,19,19],"current_hp_per_floor":[80,80,80,78,78,78,75,75,75,75,75,69,50,49,73,22,90,62,62,47,0],"gold":41,"neow_bonus":"","is_prod":false,"is_daily":false,"chose_seed":false,"campfire_upgraded":2,"win_rate":0.0,"timestamp":1552793696,"path_taken":["M","$","?","M","?","R","?","R","T","$","?","?","?","M","R","BOSS","M","$","M","M"],"build_version":"2019-01-23","purchased_purges":1,"victory":false,"max_hp_per_floor":[80,80,80,80,80,80,80,80,80,80,80,80,80,80,80,80,90,90,90,90,90],"card_choices":[{"not_picked":["Entrench","Armaments"],"picked":"Body Slam","floor":1},{"not_picked":["Headbutt","Entrench"],"picked":"Pummel","floor":4},{"not_picked":["Cleave","Battle Trance"],"picked":"Rupture","floor":7},{"not_picked":["True Grit","Clash"],"picked":"Power Through","floor":12},{"not_picked":["Clothesline","Thunderclap"],"picked":"Iron Wave","floor":13},{"not_picked":["Iron Wave","Rampage"],"picked":"Sword Boomerang","floor":14},{"not_picked":["Barricade","Bludgeon"],"picked":"Demon Form","floor":16},{"not_picked":["Sword Boomerang","Twin Strike"],"picked":"Rupture","floor":18},{"not_picked":["Shrug It Off","Whirlwind"],"picked":"Anger+1","floor":20}],"player_experience":0,"relics_obtained":[{"floor":9,"key":"Bottled Flame"},{"floor":11,"key":"Pantograph"},{"floor":17,"key":"Bag of Preparation"},{"floor":17,"key":"Pear"},{"floor":17,"key":"Thread and Needle"}],"event_choices":[{"damage_healed":0,"gold_gain":0,"player_choice":"Box","damage_taken":0,"relics_obtained":["Meat on the Bone"],"max_hp_gain":0,"max_hp_loss":0,"event_name":"Big Fish","floor":3,"gold_loss":0,"cards_obtained":["Regret"]},{"cards_removed":["Defend_R"],"damage_healed":0,"gold_gain":0,"player_choice":"Offered Basic","damage_taken":0,"max_hp_gain":0,"max_hp_loss":0,"event_name":"Bonfire Elementals","floor":5,"gold_loss":0}],"is_beta":false,"boss_relics":[{"not_picked":["Snecko Eye","Runic Dome"],"picked":"Calling Bell"}],"items_purged_floors":[19],"is_endless":false,"potions_floor_spawned":[1,7,12],"killed_by":"Snake Plant","ascension_level":0}