{"gold_per_floor":[109,125,144,164,183,215,215,241,241,241,261,281,281,295,295,398,398,410,429,34,34,46,79,79,109,133,145,156,182,201,201],"floor_reached":31,"playtime":2515,"items_purged":["Defend_R"],"score":385,"play_id":"f036086e-583c-47b4-967e-cbab14e9d02f","local_time":"20190315130511","is_ascension_mode":true,"campfire_choices":[{"data":"Rage","floor":7,"key":"SMITH"},{"data":"Double Tap","floor":13,"key":"SMITH"},{"data":"Juggernaut","floor":15,"key":"SMITH"},{"data":"Armaments","floor":24,"key":"SMITH"}],"neow_cost":"NONE","seed_source_timestamp":161187466252068,"circlet_count":0,"master_deck":["Strike_R","Strike_R","Strike_R","Strike_R","Strike_R","Defend_R","Defend_R","Defend_R","Bash","Juggernaut+1","Warcry","Rage+1","Shrug It Off","Metallicize","Thunderclap","Double Tap+1","Battle Trance","Intimidate","Juggernaut","Clash","Pain","Armaments+1","Clash","Headbutt+1","Impervious"],"relics":["Burning Blood","Dodecahedron","Pear","Mango","Coffee Dripper","Membership Card","Lantern","Blood Vial","WarpedTongs","Frozen Egg 2","Pocketwatch","The Courier"],"potions_floor_usage":[6,16,18,19,19,23,25,28,29],"damage_taken":[{"damage":1,"enemies":"Cultist","floor":1,"turns":4},{"damage":7,"enemies":"Jaw Worm","floor":2,"turns":3},{"damage":9,"enemies":"Small Slimes","floor":3,"turns":4},{"damage":9,"enemies":"2 Fungi Beasts","floor":4,"turns":5},{"damage":5,"enemies":"Blue Slaver","floor":5,"turns":4},{"damage":28,"enemies":"Gremlin Nob","floor":6,"turns":5},{"damage":4,"enemies":"Lagavulin","floor":8,"turns":6},{"damage":10,"enemies":"Exordium Wildlife","floor":11,"turns":5},{"damage":7,"enemies":"2 Fungi Beasts","floor":12,"turns":3},{"damage":0,"enemies":"Looter","floor":14,"turns":3},{"damage":24,"enemies":"Slime Boss","floor":16,"turns":11},{"damage":2,"enemies":"3 Byrds","floor":18,"turns":4},{"damage":1,"enemies":"Spheric Guardian","floor":19,"turns":3},{"damage":8,"enemies":"Centurion and Healer","floor":22,"turns":5},{"damage":15,"enemies":"Slavers","floor":23,"turns":5},{"damage":10,"enemies":"Gremlin Leader","floor":25,"turns":5},{"damage":38,"enemies":"Sentry and Sphere","floor":27,"turns":6},{"damage":6,"enemies":"Chosen and Byrds","floor":28,"turns":4},{"damage":55,"enemies":"Slavers","floor":29,"turns":5},{"damage":19,"enemies":"Shelled Parasite and Fungi","floor":30,"turns":4},{"damage":11,"enemies":"Snake Plant","floor":31,"turns":2}],"seed_played":"6848139481470846924","potions_obtained":[{"floor":3,"key":"Weak Potion"},{"floor":8,"key":"Weak Potion"},{"floor":11,"key":"Poison Potion"},{"floor":14,"key":"SkillPotion"},{"floor":16,"key":"Explosive Potion"},{"floor":18,"key":"EssenceOfSteel"},{"floor":22,"key":"Swift Potion"},{"floor":25,"key":"SteroidPotion"},{"floor":27,"key":"Explosive Potion"}],"is_trial":false,"path_per_floor":["M","M","M","M","M","E","R","E","T","$","M","M","R","M","R","B",null,"M","M","$","?","M","E","R","E","T","M","M","E","M","M"],"character_chosen":"IRONCLAD","items_purchased":["Membership Card","Lantern","Blood Vial"],"campfire_rested":0,"item_purchase_floors":[20,20,20],"current_hp_per_floor":[80,79,76,73,74,52,52,64,78,78,74,73,73,79,79,61,104,104,104,104,104,102,95,95,93,93,63,65,18,7,0],"gold":201,"neow_bonus":"ONE_RANDOM_RARE_CARD","is_prod":false,"is_daily":false,"chose_seed":false,"campfire_upgraded":4,"win_rate":0,"timestamp":1552669511,"path_taken":["M","M","M","M","M","E","R","E","T","$","M","M","R","?","R","BOSS","M","M","$","?","M","E","R","E","T","?","M","E","M","M"],"build_version":"2019-01-23","purchased_purges":1,"victory":false,"max_hp_per_floor":[80,80,80,80,80,80,80,90,104,104,104,104,104,104,104,104,104,104,104,104,104,104,104,104,104,104,104,104,104,104,104],"card_choices":[{"not_picked":["Heavy Blade","Cleave"],"picked":"Warcry","floor":1},{"not_picked":["Wild Strike","Reckless Charge"],"picked":"Rage","floor":2},{"not_picked":["Fire Breathing","Clothesline"],"picked":"Shrug It Off","floor":3},{"not_picked":["Combust","Twin Strike"],"picked":"Metallicize","floor":4},{"not_picked":["Clothesline","Corruption","Combust"],"picked":"SKIP","floor":5},{"not_picked":["Warcry","Pommel Strike"],"picked":"Thunderclap","floor":6},{"not_picked":["Perfected Strike","Thunderclap"],"picked":"Double Tap","floor":8},{"not_picked":["Body Slam","Iron Wave"],"picked":"Battle Trance","floor":11},{"not_picked":["Twin Strike","Perfected Strike","Body Slam"],"picked":"SKIP","floor":12},{"not_picked":["Perfected Strike","Iron Wave"],"picked":"Intimidate","floor":14},{"not_picked":["Bludgeon","Reaper"],"picked":"Juggernaut","floor":16},{"not_picked":["Sword Boomerang+1","Anger"],"picked":"Clash","floor":18},{"not_picked":["Clothesline","True Grit","Hemokinesis"],"picked":"SKIP","floor":19},{"not_picked":["Clothesline","Clash"],"picked":"Armaments","floor":22},{"not_picked":["Entrench","Armaments","Headbutt"],"picked":"SKIP","floor":23},{"not_picked":["Perfected Strike","Havoc+1"],"picked":"Clash","floor":25},{"not_picked":["Flex+1","Cleave"],"picked":"Headbutt+1","floor":27},{"not_picked":["Armaments","Cleave","Warcry"],"picked":"SKIP","floor":28},{"not_picked":["Carnage+1","Pummel","Searing Blow"],"picked":"SKIP","floor":29},{"not_picked":["Anger","Hemokinesis"],"picked":"Impervious","floor":30}],"player_experience":186342,"relics_obtained":[{"floor":6,"key":"Dodecahedron"},{"floor":8,"key":"Pear"},{"floor":9,"key":"Mango"},{"floor":23,"key":"Frozen Egg 2"},{"floor":25,"key":"Pocketwatch"},{"floor":29,"key":"The Courier"}],"event_choices":[{"damage_healed":0,"gold_gain":0,"player_choice":"Rummage","damage_taken":0,"relics_obtained":["WarpedTongs"],"max_hp_gain":0,"max_hp_loss":0,"event_name":"Accursed Blacksmith","floor":21,"gold_loss":0,"cards_obtained":["Pain"]}],"is_beta":false,"boss_relics":[{"not_picked":["Calling Bell","Runic Pyramid"],"picked":"Coffee Dripper"}],"items_purged_floors":[20],"is_endless":false,"potions_floor_spawned":[3,8,11,14,16,18,22,25,27],"killed_by":"Snake Plant","ascension_level":3}