{"gold_per_floor":[115,115,115,129,144,144,154,154,208,226,226,255,267,282,282,384,384,397,409,426,341,341,341,341,266,266,266,294,294,312,338,338,442,442,460,560,570,581,597,632,632,648,671,671],"floor_reached":44,"playtime":2809,"items_purged":["Strike_B"],"score":699,"play_id":"50ce61b2-ace6-4029-8ec1-196f0631d6e7","local_time":"20190310133421","is_ascension_mode":true,"campfire_choices":[{"data":"Zap","floor":6.0,"key":"SMITH"},{"data":"Zap","floor":8.0,"key":"SMITH"},{"data":"White Noise","floor":11.0,"key":"SMITH"},{"floor":15.0,"key":"REST"},{"data":"Defragment","floor":23.0,"key":"SMITH"},{"data":"Machine Learning","floor":27.0,"key":"SMITH"},{"data":"Creative AI","floor":29.0,"key":"SMITH"},{"floor":32.0,"key":"REST"},{"floor":41,"key":"REST"}],"neow_cost":"NONE","seed_source_timestamp":569941426974432,"circlet_count":0,"master_deck":["Strike_B","Strike_B","Defend_B","Defend_B+1","Defend_B","Defend_B","Zap+1","Dualcast","Ball Lightning+1","Zap+1","Rebound","Creative AI+1","White Noise+1","Leap","Ball Lightning","Machine Learning+1","Conserve Battery","Electrodynamics","Ball Lightning","Defragment+1","Reinforced Body+1","Conserve Battery","BootSequence+1","Seek","Conserve Battery","Auto Shields","Coolheaded","Steam+1","Hologram+1"],"special_seed":0,"relics":["Cracked Core","Omamori","PreservedInsect","Nuclear Battery","DataDisk","Art of War","Potion Belt","Nunchaku","Eternal Feather","Torii","Dream Catcher"],"potions_floor_usage":[40],"damage_taken":[{"damage":2.0,"enemies":"Jaw Worm","floor":1.0,"turns":3.0},{"damage":9.0,"enemies":"2 Louse","floor":4.0,"turns":3.0},{"damage":1.0,"enemies":"Cultist","floor":5.0,"turns":3.0},{"damage":12.0,"enemies":"Gremlin Gang","floor":7.0,"turns":3.0},{"damage":11.0,"enemies":"3 Louse","floor":10.0,"turns":3.0},{"damage":18.0,"enemies":"Gremlin Nob","floor":12.0,"turns":3.0},{"damage":0.0,"enemies":"Large Slime","floor":13.0,"turns":4.0},{"damage":1.0,"enemies":"2 Fungi Beasts","floor":14.0,"turns":3.0},{"damage":33.0,"enemies":"Slime Boss","floor":16.0,"turns":6.0},{"damage":15.0,"enemies":"2 Thieves","floor":18.0,"turns":3.0},{"damage":11.0,"enemies":"Spheric Guardian","floor":19.0,"turns":3.0},{"damage":36.0,"enemies":"Centurion and Healer","floor":20.0,"turns":5.0},{"damage":33.0,"enemies":"Book of Stabbing","floor":28.0,"turns":4.0},{"damage":0.0,"enemies":"Snake Plant","floor":30.0,"turns":3.0},{"damage":27.0,"enemies":"Slavers","floor":31.0,"turns":2.0},{"damage":27.0,"enemies":"Automaton","floor":33.0,"turns":8.0},{"damage":0.0,"enemies":"3 Shapes","floor":35.0,"turns":4.0},{"damage":15.0,"enemies":"3 Darklings","floor":37.0,"turns":4.0},{"damage":28.0,"enemies":"Spire Growth","floor":38.0,"turns":6.0},{"damage":2.0,"enemies":"Writhing Mass","floor":39.0,"turns":7.0},{"damage":9,"enemies":"Giant Head","floor":40,"turns":7},{"damage":33,"enemies":"Transient","floor":42,"turns":5},{"damage":11,"enemies":"4 Shapes","floor":44,"turns":1}],"seed_played":"7895630020282672287","potions_obtained":[{"floor":4.0,"key":"SteroidPotion"},{"floor":7.0,"key":"FearPotion"},{"floor":10.0,"key":"Ancient Potion"},{"floor":12.0,"key":"PowerPotion"},{"floor":18.0,"key":"EssenceOfSteel"},{"floor":28.0,"key":"EntropicBrew"},{"floor":31.0,"key":"SteroidPotion"},{"floor":40,"key":"LiquidBronze"},{"floor":42,"key":"AttackPotion"}],"is_trial":false,"path_per_floor":["M","?","?","M","M","R","M","R","T","M","R","E","M","M","R","B",null,"M","M","M","?","?","R","?","$","T","R","E","R","M","E","R","B",null,"M","?","M","M","M","E","R","M","T","M"],"character_chosen":"DEFECT","items_purchased":[],"campfire_rested":3,"item_purchase_floors":[],"current_hp_per_floor":[66,51,51,46,49,49,41,41,41,34,34,16,20,19,41,12,59,48,37,5,5,30,30,75,75,75,75,42,42,42,15,37,10,59,59,59,44,16,14,5,42,9,9,0],"gold":671,"neow_bonus":"REMOVE_CARD","is_prod":false,"is_daily":false,"chose_seed":false,"campfire_upgraded":6,"win_rate":0,"timestamp":1552250061,"path_taken":["M","?","?","M","M","R","M","R","T","?","R","E","?","M","R","BOSS","M","M","M","?","?","R","?","$","T","R","E","R","M","E","R","BOSS","M","?","M","M","M","E","R","M","T","?"],"build_version":"2019-01-23","purchased_purges":1,"victory":false,"max_hp_per_floor":[75,75,75,75,75,75,75,75,75,75,75,75,75,75,75,75,75,75,75,75,75,75,75,75,75,75,75,75,75,75,75,75,75,75,75,75,75,75,75,75,75,75,75,75],"card_choices":[{"not_picked":["Redo","Go for the Eyes"],"picked":"Ball Lightning","floor":1.0},{"not_picked":["Sweeping Beam","Streamline"],"picked":"Rebound","floor":4.0},{"not_picked":["Hologram","Reinforced Body"],"picked":"Creative AI","floor":5.0},{"not_picked":["Leap","Self Repair"],"picked":"White Noise","floor":7.0},{"not_picked":["Self Repair","Turbo"],"picked":"Leap","floor":10.0},{"not_picked":["Steam","Coolheaded"],"picked":"Ball Lightning","floor":12.0},{"not_picked":["Leap","Conserve Battery"],"picked":"Machine Learning","floor":13.0},{"not_picked":["Glacier","Redo"],"picked":"Conserve Battery","floor":14.0},{"not_picked":["Multi-Cast","Creative AI"],"picked":"Electrodynamics","floor":16.0},{"not_picked":["Beam Cell","Capacitor"],"picked":"Ball Lightning","floor":18.0},{"not_picked":["Steam","Reprogram+1","Sweeping Beam"],"picked":"SKIP","floor":19.0},{"not_picked":["Stack","Blizzard+1"],"picked":"Defragment","floor":20.0},{"not_picked":["Sweeping Beam+1","Ball Lightning"],"picked":"Reinforced Body+1","floor":28.0},{"not_picked":["Rip and Tear","Rebound+1"],"picked":"Conserve Battery","floor":30.0},{"not_picked":["Barrage","Streamline"],"picked":"BootSequence+1","floor":31.0},{"not_picked":["Rainbow","Multi-Cast"],"picked":"Seek","floor":33.0},{"not_picked":["Stack+1","Reinforced Body"],"picked":"Conserve Battery","floor":35.0},{"not_picked":["Beam Cell+1","Undo+1"],"picked":"Auto Shields","floor":37.0},{"not_picked":["Barrage","Steam"],"picked":"Coolheaded","floor":38.0},{"not_picked":["Stack+1","Consume+1"],"picked":"Steam+1","floor":39.0},{"not_picked":["Steam+1","Rip and Tear+1","Genetic Algorithm"],"picked":"SKIP","floor":40},{"not_picked":["Ball Lightning","Aggregate"],"picked":"Hologram+1","floor":42}],"player_experience":438518,"relics_obtained":[{"floor":9.0,"key":"Omamori"},{"floor":12.0,"key":"PreservedInsect"},{"floor":26.0,"key":"Art of War"},{"floor":28.0,"key":"Potion Belt"},{"floor":31.0,"key":"Nunchaku"},{"floor":40,"key":"Torii"},{"floor":43,"key":"Dream Catcher"}],"event_choices":[{"damage_healed":0.0,"max_hp_gain":0.0,"max_hp_loss":0.0,"gold_gain":0.0,"event_name":"Shining Light","player_choice":"Entered Light","floor":2.0,"gold_loss":0.0,"damage_taken":15.0,"cards_upgraded":["Defend_B","Ball Lightning"]},{"damage_healed":0.0,"max_hp_gain":0.0,"max_hp_loss":0.0,"gold_gain":0.0,"event_name":"Match and Keep!","player_choice":"2 cards matched","floor":3.0,"gold_loss":0.0,"damage_taken":0.0,"cards_obtained":["Zap","Bandage Up"]},{"damage_healed":0.0,"max_hp_gain":0.0,"max_hp_loss":0.0,"gold_gain":0.0,"event_name":"Addict","player_choice":"Obtained Relic","floor":21.0,"gold_loss":85.0,"damage_taken":0.0,"relics_obtained":["DataDisk"]},{"damage_healed":25.0,"max_hp_gain":0.0,"max_hp_loss":0.0,"gold_gain":0.0,"event_name":"The Library","player_choice":"Heal","floor":22.0,"gold_loss":0.0,"damage_taken":0.0},{"cards_removed":["Bandage Up"],"damage_healed":45.0,"max_hp_gain":0.0,"max_hp_loss":0.0,"gold_gain":0.0,"event_name":"Bonfire Elementals","player_choice":"Offered Uncommon","floor":24.0,"gold_loss":0.0,"damage_taken":0.0},{"damage_healed":0.0,"max_hp_gain":0.0,"max_hp_loss":0.0,"gold_gain":100.0,"event_name":"Golden Shrine","player_choice":"Pray","floor":36.0,"gold_loss":0.0,"damage_taken":0.0}],"is_beta":false,"boss_relics":[{"not_picked":["Snecko Eye","Ectoplasm"],"picked":"Nuclear Battery"},{"not_picked":["FrozenCore","Inserter"],"picked":"Eternal Feather"}],"items_purged_floors":[25],"is_endless":false,"potions_floor_spawned":[4,7,10,12,18,28,31,40,42],"killed_by":"4 Shapes","ascension_level":9}