{"gold_per_floor":[112,128,128,128,128,128,141,160,160,160,181,201,201,242,242,366,366,379,379,395,418,443,443,160,85,85,101,63,63,88,101,101,101],"floor_reached":33,"playtime":1492,"items_purged":["Strike_R"],"score":414,"play_id":"9ed89396-ba71-493d-a9fc-c80815aa34df","local_time":"20190318031001","is_ascension_mode":true,"campfire_choices":[{"data":"Rampage","floor":6,"key":"SMITH"},{"data":"Shrug It Off","floor":10,"key":"SMITH"},{"data":"Cleave","floor":13,"key":"SMITH"},{"data":"Battle Trance","floor":15,"key":"SMITH"},{"floor":23,"key":"REST"},{"data":"True Grit","floor":29,"key":"SMITH"},{"floor":32,"key":"REST"}],"neow_cost":"PERCENT_DAMAGE","seed_source_timestamp":343054398754515,"circlet_count":0,"master_deck":["AscendersBane","Strike_R","Strike_R","Strike_R","Defend_R","Defend_R+1","Defend_R","Defend_R+1","Bash","Flash of Steel","Swift Strike","Rampage+1","Shrug It Off+1","Iron Wave","Battle Trance+1","Reaper","Cleave+1","Barricade+1","True Grit+1","Evolve","Seeing Red+1","Headbutt","Headbutt+1","Armaments"],"relics":["Burning Blood","Golden Idol","War Paint","Pear","Mark of Pain","Lee\u0027s Waffle","The Courier"],"potions_floor_usage":[7,14,16,21,33],"damage_taken":[{"damage":9,"enemies":"Jaw Worm","floor":1,"turns":3},{"damage":3,"enemies":"Small Slimes","floor":2,"turns":2},{"damage":9,"enemies":"2 Louse","floor":7,"turns":3},{"damage":22,"enemies":"Exordium Wildlife","floor":8,"turns":6},{"damage":0,"enemies":"2 Fungi Beasts","floor":11,"turns":4},{"damage":1,"enemies":"Red Slaver","floor":12,"turns":4},{"damage":10,"enemies":"3 Sentries","floor":14,"turns":4},{"damage":41,"enemies":"Slime Boss","floor":16,"turns":11},{"damage":22,"enemies":"Spheric Guardian","floor":18,"turns":5},{"damage":36,"enemies":"Shell Parasite","floor":20,"turns":8},{"damage":13,"enemies":"Snake Plant","floor":21,"turns":6},{"damage":18,"enemies":"Cultist and Chosen","floor":22,"turns":7},{"damage":30,"enemies":"Sentry and Sphere","floor":27,"turns":8},{"damage":30,"enemies":"Snake Plant","floor":30,"turns":6},{"damage":41,"enemies":"Centurion and Healer","floor":31,"turns":8},{"damage":61,"enemies":"Automaton","floor":33,"turns":6}],"seed_played":"-4312871612003865355","potions_obtained":[{"floor":2,"key":"FearPotion"},{"floor":11,"key":"Energy Potion"},{"floor":12,"key":"AttackPotion"},{"floor":18,"key":"Dexterity Potion"},{"floor":31,"key":"Fire Potion"}],"is_trial":false,"path_per_floor":["M","M","?","?","?","R","M","M","T","R","M","M","R","E","R","B",null,"M","?","M","M","M","R","$","?","T","M","$","R","M","M","R","B"],"character_chosen":"IRONCLAD","items_purchased":["Lee\u0027s Waffle","Headbutt"],"campfire_rested":2,"item_purchase_floors":[24,28],"current_hp_per_floor":[48,51,56,49,49,49,46,30,30,30,36,41,41,59,59,33,75,62,62,32,25,13,39,96,96,96,72,72,72,48,21,49,0],"gold":101,"neow_bonus":"RANDOM_COLORLESS_2","is_prod":false,"is_daily":false,"chose_seed":false,"campfire_upgraded":5,"win_rate":0,"timestamp":1552846201,"path_taken":["M","M","?","?","?","R","M","?","T","R","M","M","R","E","R","BOSS","M","?","?","M","M","R","$","?","T","M","$","R","M","M","R","BOSS"],"build_version":"2019-01-23","purchased_purges":1,"victory":false,"max_hp_per_floor":[80,80,85,85,79,79,79,79,79,79,79,79,79,89,89,89,89,89,89,89,89,89,89,96,96,96,96,96,96,96,96,96,96],"card_choices":[{"not_picked":["Sword Boomerang","True Grit"],"picked":"Rampage","floor":1},{"not_picked":["Metallicize","Dropkick"],"picked":"Shrug It Off","floor":2},{"not_picked":["Heavy Blade","Wild Strike"],"picked":"Iron Wave","floor":7},{"not_picked":["Anger","Headbutt"],"picked":"Battle Trance","floor":8},{"not_picked":["Pommel Strike","Wild Strike"],"picked":"Reaper","floor":11},{"not_picked":["Sever Soul","Rage"],"picked":"Cleave","floor":12},{"not_picked":["Iron Wave","Fire Breathing","Heavy Blade"],"picked":"SKIP","floor":14},{"not_picked":["Feed","Limit Break"],"picked":"Barricade","floor":16},{"not_picked":["Clash","Fire Breathing"],"picked":"True Grit","floor":18},{"not_picked":["Dropkick+1","Clash+1"],"picked":"Evolve","floor":20},{"not_picked":["Searing Blow","Clothesline"],"picked":"Sever Soul","floor":21},{"not_picked":["Sword Boomerang","Feel No Pain"],"picked":"Seeing Red+1","floor":22},{"not_picked":["Perfected Strike","Iron Wave","Warcry"],"picked":"SKIP","floor":27},{"not_picked":["Pummel","Corruption"],"picked":"Headbutt+1","floor":30},{"not_picked":["Twin Strike+1","Clothesline+1"],"picked":"Armaments","floor":31}],"player_experience":552531,"relics_obtained":[{"floor":9,"key":"War Paint"},{"floor":14,"key":"Pear"},{"floor":26,"key":"The Courier"}],"event_choices":[{"damage_healed":0,"gold_gain":0,"player_choice":"Donut","damage_taken":0,"max_hp_gain":5,"max_hp_loss":0,"event_name":"Big Fish","floor":3,"gold_loss":0},{"cards_removed":["Strike_R"],"damage_healed":0,"gold_gain":0,"player_choice":"Card Removal","damage_taken":7,"max_hp_gain":0,"max_hp_loss":0,"event_name":"Golden Wing","floor":4,"gold_loss":0},{"damage_healed":0,"gold_gain":0,"player_choice":"Lose Max HP","damage_taken":0,"relics_obtained":["Golden Idol"],"max_hp_gain":0,"max_hp_loss":6,"event_name":"Golden Idol","floor":5,"gold_loss":0},{"damage_healed":0,"gold_gain":0,"player_choice":"Forge","damage_taken":0,"max_hp_gain":0,"max_hp_loss":0,"event_name":"Accursed Blacksmith","floor":19,"gold_loss":0,"cards_upgraded":["Barricade"]},{"cards_removed":["Sever Soul"],"damage_healed":0,"gold_gain":0,"player_choice":"Gave Gold","damage_taken":0,"max_hp_gain":0,"max_hp_loss":0,"event_name":"Beggar","floor":25,"gold_loss":75}],"is_beta":false,"boss_relics":[{"not_picked":["Astrolabe","Coffee Dripper"],"picked":"Mark of Pain"}],"items_purged_floors":[24],"is_endless":false,"potions_floor_spawned":[2,11,12,18,31],"killed_by":"Automaton","ascension_level":11}