{"gold_per_floor":[12,23,41,41,41,41,60,60,83,102,102,102,133,148,148,276,276,290,305,328],"floor_reached":20,"playtime":1199,"items_purged":[],"score":266,"play_id":"feb9ed81-6139-4948-b6e0-a2a0120c8641","local_time":"20190307180839","is_ascension_mode":true,"campfire_choices":[{"data":"Beam Cell","floor":6,"key":"SMITH"},{"data":"Zap","floor":8,"key":"SMITH"},{"data":"Glacier","floor":11,"key":"SMITH"},{"data":"Go for the Eyes","floor":15,"key":"SMITH"}],"neow_cost":"NO_GOLD","seed_source_timestamp":70740520010371,"circlet_count":0,"master_deck":["Strike_B","Strike_B","Strike_B","Strike_B","Defend_B","Defend_B","Defend_B","Defend_B","Zap+1","Dualcast","Melter","Beam Cell+1","White Noise","Gash","Glacier+1","White Noise","Go for the Eyes+1","Core Surge","Regret","Doubt","Shame","Gash","Turbo"],"special_seed":0,"relics":["Cracked Core","Incense Burner","Golden Idol","DataDisk","Bag of Marbles","Calling Bell","Dream Catcher","Ornamental Fan","Ginger"],"potions_floor_usage":[13,16,20],"damage_taken":[{"damage":0.0,"enemies":"2 Louse","floor":1.0,"turns":3.0},{"damage":6.0,"enemies":"Jaw Worm","floor":2.0,"turns":3.0},{"damage":0,"enemies":"Cultist","floor":3,"turns":2},{"damage":10,"enemies":"Exordium Thugs","floor":7,"turns":4},{"damage":8,"enemies":"2 Fungi Beasts","floor":10,"turns":3},{"damage":0,"enemies":"Gremlin Nob","floor":13,"turns":2},{"damage":3,"enemies":"Lots of Slimes","floor":14,"turns":3},{"damage":0,"enemies":"Slime Boss","floor":16,"turns":7},{"damage":9,"enemies":"3 Byrds","floor":18,"turns":5},{"damage":0,"enemies":"Spheric Guardian","floor":19,"turns":2},{"damage":25,"enemies":"Centurion and Healer","floor":20,"turns":11}],"seed_played":"-3442023809414557809","potions_obtained":[{"floor":1.0,"key":"Fire Potion"},{"floor":3,"key":"Fire Potion"},{"floor":7,"key":"Swift Potion"},{"floor":16,"key":"Energy Potion"},{"floor":19,"key":"Dexterity Potion"}],"is_trial":false,"path_per_floor":["M","M","M","?","?","R","M","R","T","M","R","T","E","M","R","B",null,"M","M","M"],"character_chosen":"DEFECT","items_purchased":[],"campfire_rested":0,"item_purchase_floors":[],"current_hp_per_floor":[75,69,69,51,44,44,34,34,34,26,26,26,26,23,23,23,75,66,66,41],"gold":328,"neow_bonus":"ONE_RARE_RELIC","is_prod":false,"is_daily":false,"chose_seed":false,"campfire_upgraded":4,"win_rate":0,"timestamp":1552000119,"path_taken":["M","M","M","?","?","R","M","R","T","?","R","?","E","M","R","BOSS","M","M","M"],"build_version":"2019-01-23","purchased_purges":0,"victory":false,"max_hp_per_floor":[75,75,75,75,75,75,75,75,75,75,75,75,75,75,75,75,75,75,75,75],"card_choices":[{"not_picked":["Rebound","Reprogram"],"picked":"Melter","floor":1.0},{"not_picked":["Chaos","Steam Power"],"picked":"Beam Cell","floor":2.0},{"not_picked":["Redo","Barrage"],"picked":"White Noise","floor":3},{"not_picked":["Darkness","Streamline"],"picked":"Gash","floor":7},{"not_picked":["Compile Driver","Hologram"],"picked":"Glacier","floor":10},{"not_picked":["Recycle","Steam"],"picked":"White Noise","floor":13},{"not_picked":["Redo","Storm"],"picked":"Go for the Eyes","floor":14},{"not_picked":["Buffer","Meteor Strike"],"picked":"Core Surge","floor":16},{"not_picked":["Blizzard+1","Sweeping Beam"],"picked":"Gash","floor":18},{"not_picked":["Gash","Hologram"],"picked":"Turbo","floor":19},{"not_picked":["Melter","Steam Power","Sweeping Beam"],"picked":"SKIP","floor":20}],"player_experience":175007,"relics_obtained":[{"floor":9,"key":"DataDisk"},{"floor":13,"key":"Bag of Marbles"},{"floor":17,"key":"Dream Catcher"},{"floor":17,"key":"Ornamental Fan"},{"floor":17,"key":"Ginger"}],"event_choices":[{"damage_healed":0,"gold_gain":0,"player_choice":"Take Damage","damage_taken":18,"relics_obtained":["Golden Idol"],"max_hp_gain":0,"max_hp_loss":0,"event_name":"Golden Idol","floor":4,"gold_loss":0},{"damage_healed":0,"gold_gain":0,"player_choice":"Damaged","damage_taken":7,"max_hp_gain":0,"max_hp_loss":0,"event_name":"Wheel of Change","floor":5,"gold_loss":0}],"is_beta":false,"boss_relics":[{"not_picked":["Sozu","Eternal Feather"],"picked":"Calling Bell"}],"items_purged_floors":[],"is_endless":false,"potions_floor_spawned":[1,3,7,16,19],"killed_by":"Centurion and Healer","ascension_level":1}