{"gold_per_floor":[118,138,138,155,167,194,157,157,157,187,207,207,207,226,226,331,331,347,367,69,69,168,202,217,217,217,217,217,227,239,269,269,365,365,384,384,384,384,398,433,433,461,484,484,15,47,59,76,76,76],"floor_reached":51,"playtime":3240,"items_purged":["Strike_G"],"score":895,"play_id":"e000f4e5-ef23-4e1f-a525-d617673f4896","local_time":"20190316185636","is_ascension_mode":true,"campfire_choices":[{"data":"Neutralize","floor":8,"key":"SMITH"},{"data":"Survivor","floor":15,"key":"SMITH"},{"data":"Footwork","floor":25,"key":"SMITH"},{"data":"Accuracy","floor":27,"key":"SMITH"},{"data":"Footwork","floor":32,"key":"SMITH"},{"data":"Leg Sweep","floor":41,"key":"SMITH"},{"data":"Cloak And Dagger","floor":44,"key":"SMITH"},{"data":"Accuracy","floor":49,"key":"SMITH"}],"neow_cost":"NONE","seed_source_timestamp":267946817835225,"circlet_count":0,"master_deck":["Defend_G","Defend_G","Defend_G","Strike_G","Strike_G+1","Strike_G","Survivor+1","Neutralize+1","Blade Dance+1","Slice","Escape Plan","Heel Hook","Flying Knee","Well Laid Plans","Noxious Fumes","Infinite Blades+1","Quick Slash","Corpse Explosion","Finisher+1","Footwork+1","Accuracy+1","Reflex+1","Slice","Infinite Blades+1","Caltrops","Backstab+1","Leg Sweep+1","Footwork+1","Adrenaline","Cloak And Dagger+1","Adrenaline","Neutralize","Slice","Accuracy+1","Quick Slash+1","Accuracy","Noxious Fumes","Terror+1","PiercingWail+1","Cloak And Dagger"],"relics":["Empty Cage","Bird Faced Urn","Mummified Hand","Matryoshka","WristBlade","Prayer Wheel","Du-Vu Doll","Vajra","Paper Crane","Mercury Hourglass","Sozu","Ancient Tea Set","The Courier","Pen Nib","Strawberry","Gremlin Horn","Meat on the Bone","Lantern"],"potions_floor_usage":[6,6,14,16,29,39,50,50],"damage_taken":[{"damage":1,"enemies":"Small Slimes","floor":1,"turns":4},{"damage":0,"enemies":"2 Louse","floor":2,"turns":4},{"damage":0,"enemies":"Cultist","floor":4,"turns":3},{"damage":2,"enemies":"3 Louse","floor":5,"turns":3},{"damage":15,"enemies":"Gremlin Nob","floor":6,"turns":4},{"damage":10,"enemies":"Lagavulin","floor":10,"turns":8},{"damage":3,"enemies":"Looter","floor":11,"turns":3},{"damage":10,"enemies":"Gremlin Gang","floor":14,"turns":4},{"damage":17,"enemies":"Hexaghost","floor":16,"turns":10},{"damage":9,"enemies":"Shell Parasite","floor":18,"turns":4},{"damage":8,"enemies":"Chosen","floor":19,"turns":4},{"damage":41,"enemies":"Slavers","floor":23,"turns":5},{"damage":5,"enemies":"Centurion and Healer","floor":24,"turns":5},{"damage":10,"enemies":"Snecko","floor":29,"turns":4},{"damage":2,"enemies":"Cultist and Chosen","floor":30,"turns":3},{"damage":14,"enemies":"Book of Stabbing","floor":31,"turns":4},{"damage":44,"enemies":"Champ","floor":33,"turns":8},{"damage":18,"enemies":"3 Darklings","floor":35,"turns":4},{"damage":9,"enemies":"3 Shapes","floor":39,"turns":4},{"damage":5,"enemies":"Giant Head","floor":40,"turns":6},{"damage":45,"enemies":"Reptomancer","floor":42,"turns":5},{"damage":5,"enemies":"Giant Head","floor":46,"turns":4},{"damage":0,"enemies":"Sphere and 2 Shapes","floor":47,"turns":2},{"damage":17,"enemies":"Spire Growth","floor":48,"turns":4},{"damage":40,"enemies":"Donu and Deca","floor":50,"turns":6}],"seed_played":"1047018738359910499","potions_obtained":[{"floor":1,"key":"Explosive Potion"},{"floor":2,"key":"EssenceOfSteel"},{"floor":10,"key":"Poison Potion"},{"floor":11,"key":"Dexterity Potion"},{"floor":23,"key":"Energy Potion"},{"floor":24,"key":"Ancient Potion"},{"floor":31,"key":"Explosive Potion"},{"floor":33,"key":"LiquidBronze"}],"is_trial":false,"path_per_floor":["M","M","?","M","M","E","$","R","T","E","M","?","?","M","R","B",null,"M","M","$","?","?","E","M","R","T","R","?","M","M","E","R","B",null,"M","?","?","?","M","E","R","E","T","R","$","E","M","M","R","B",null],"character_chosen":"THE_SILENT","items_purchased":["Well Laid Plans","Prayer Wheel","Gremlin Horn","Meat on the Bone"],"campfire_rested":0,"item_purchase_floors":[7,20,45,45],"current_hp_per_floor":[69,69,55,55,53,38,38,38,38,30,31,31,54,50,50,39,70,65,61,61,61,61,30,35,35,35,35,35,35,41,39,39,11,70,62,62,62,62,61,66,66,31,38,38,38,47,53,50,50,44],"gold":76,"neow_bonus":"BOSS_RELIC","is_prod":false,"is_daily":false,"chose_seed":false,"campfire_upgraded":8,"win_rate":0,"timestamp":1552776996,"path_taken":["M","M","?","M","M","E","$","R","T","E","M","?","?","M","R","BOSS","M","M","$","?","?","E","M","R","T","R","?","M","M","E","R","BOSS","M","?","?","?","?","E","R","E","T","R","$","E","M","M","R","BOSS"],"build_version":"2019-01-23","purchased_purges":1,"victory":true,"max_hp_per_floor":[70,70,70,70,70,70,70,70,70,70,70,70,70,70,70,70,70,70,70,70,70,70,70,70,70,70,70,70,70,70,70,70,70,70,70,70,66,66,66,66,66,66,73,73,73,73,73,73,73,73],"card_choices":[{"not_picked":["Riddle With Holes","Deadly Poison"],"picked":"Blade Dance","floor":1},{"not_picked":["Blade Dance","Terror"],"picked":"Slice","floor":2},{"not_picked":["Underhanded Strike","Predator"],"picked":"Escape Plan","floor":4},{"not_picked":["Flying Knee","PiercingWail"],"picked":"Heel Hook","floor":5},{"not_picked":["Flechettes","Dagger Spray"],"picked":"Flying Knee","floor":6},{"not_picked":["Blade Dance","Wraith Form v2"],"picked":"Noxious Fumes","floor":10},{"not_picked":["Flying Knee","Slice"],"picked":"Infinite Blades","floor":11},{"not_picked":["Acrobatics","Slice"],"picked":"Quick Slash","floor":14},{"not_picked":["Wraith Form v2","Grand Finale"],"picked":"Corpse Explosion","floor":16},{"not_picked":["Escape Plan","Quick Slash+1"],"picked":"Finisher+1","floor":18},{"not_picked":["Calculated Gamble","Flying Knee+1"],"picked":"Footwork","floor":19},{"not_picked":["Blur","Dodge and Roll","Flying Knee"],"picked":"SKIP","floor":23},{"not_picked":["Dash","Bane"],"picked":"Reflex+1","floor":24},{"not_picked":["Acrobatics+1","Flying Knee"],"picked":"Slice","floor":24},{"not_picked":["Poisoned Stab","Skewer"],"picked":"Caltrops","floor":29},{"not_picked":["Slice","Well Laid Plans+1"],"picked":"Backstab+1","floor":29},{"not_picked":["Endless Agony","Blur"],"picked":"Leg Sweep","floor":30},{"not_picked":["Choke","Dodge and Roll+1","Reflex"],"picked":"SKIP","floor":30},{"not_picked":["Corpse Explosion","Dagger Spray"],"picked":"Footwork","floor":31},{"not_picked":["Malaise","Night Terror"],"picked":"Adrenaline","floor":33},{"not_picked":["Deflect+1","Eviscerate"],"picked":"Cloak And Dagger","floor":35},{"not_picked":["Reflex","Dagger Throw","Concentrate"],"picked":"SKIP","floor":35},{"not_picked":["Tactician+1","Underhanded Strike+1"],"picked":"Slice","floor":39},{"not_picked":["Poisoned Stab","Slice+1"],"picked":"Accuracy","floor":39},{"not_picked":["Sucker Punch","Bane"],"picked":"Quick Slash+1","floor":40},{"not_picked":["Dodge and Roll","Dagger Spray+1"],"picked":"Accuracy","floor":42},{"not_picked":["Dash+1","Deflect"],"picked":"Noxious Fumes","floor":46},{"not_picked":["Blade Dance","Escape Plan+1"],"picked":"Terror+1","floor":47},{"not_picked":["Acrobatics+1","Tactician"],"picked":"PiercingWail+1","floor":47},{"not_picked":["Blade Dance+1","Deadly Poison"],"picked":"Cloak And Dagger","floor":48},{"not_picked":["Flechettes+1","Dagger Spray","Underhanded Strike"],"picked":"SKIP","floor":48}],"player_experience":196935,"relics_obtained":[{"floor":6,"key":"Bird Faced Urn"},{"floor":9,"key":"Mummified Hand"},{"floor":10,"key":"Matryoshka"},{"floor":23,"key":"Du-Vu Doll"},{"floor":26,"key":"Vajra"},{"floor":26,"key":"Paper Crane"},{"floor":31,"key":"Mercury Hourglass"},{"floor":40,"key":"Ancient Tea Set"},{"floor":42,"key":"The Courier"},{"floor":43,"key":"Pen Nib"},{"floor":43,"key":"Strawberry"},{"floor":46,"key":"Lantern"}],"event_choices":[{"damage_healed":0,"gold_gain":0,"player_choice":"Entered Light","damage_taken":14,"max_hp_gain":0,"max_hp_loss":0,"event_name":"Shining Light","floor":3,"gold_loss":0,"cards_upgraded":["Strike_G","Blade Dance"]},{"damage_healed":0,"gold_gain":0,"player_choice":"Grow","damage_taken":0,"max_hp_gain":0,"max_hp_loss":0,"event_name":"Living Wall","floor":12,"gold_loss":0,"cards_upgraded":["Infinite Blades"]},{"damage_healed":23,"gold_gain":0,"player_choice":"Banana","damage_taken":0,"max_hp_gain":0,"max_hp_loss":0,"event_name":"Big Fish","floor":13,"gold_loss":0},{"damage_healed":0,"gold_gain":0,"player_choice":"Read","damage_taken":0,"max_hp_gain":0,"max_hp_loss":0,"event_name":"The Library","floor":21,"gold_loss":0,"cards_obtained":["Accuracy"]},{"damage_healed":0,"gold_gain":99,"player_choice":"Stole From Cult","damage_taken":0,"max_hp_gain":0,"max_hp_loss":0,"event_name":"Nest","floor":22,"gold_loss":0},{"damage_healed":0,"gold_gain":0,"player_choice":"Copied","damage_taken":0,"max_hp_gain":0,"max_hp_loss":0,"event_name":"Duplicator","floor":28,"gold_loss":0,"cards_obtained":["Infinite Blades"]},{"cards_removed":["Defend_G"],"damage_healed":0,"gold_gain":0,"player_choice":"Removed Skill","damage_taken":0,"max_hp_gain":0,"max_hp_loss":0,"event_name":"Falling","floor":36,"gold_loss":0},{"damage_healed":0,"gold_gain":0,"player_choice":"Max HP","damage_taken":0,"max_hp_gain":0,"max_hp_loss":4,"event_name":"Winding Halls","floor":37,"gold_loss":0},{"damage_healed":0,"gold_gain":0,"player_choice":"2 cards matched","damage_taken":0,"max_hp_gain":0,"max_hp_loss":0,"event_name":"Match and Keep!","floor":38,"gold_loss":0,"cards_obtained":["Adrenaline","Neutralize"]}],"is_beta":false,"boss_relics":[{"not_picked":["Black Star","Astrolabe"],"picked":"WristBlade"},{"not_picked":["Velvet Choker","White Beast Statue"],"picked":"Sozu"}],"items_purged_floors":[45],"is_endless":false,"potions_floor_spawned":[1,2,10,11,23,24,31,33,46,47],"ascension_level":3}