{"gold_per_floor":[109,121,136,20,33,33,108,138,138,138,155,155,17,29,29,29],"floor_reached":16,"playtime":565,"items_purged":[],"score":92,"play_id":"b6a7e002-048b-4778-aaf4-0cf21863120d","local_time":"20190316003632","is_ascension_mode":false,"campfire_choices":[{"data":"Zap","floor":6,"key":"SMITH"},{"data":"Consume","floor":10,"key":"SMITH"},{"data":"Coolheaded","floor":12,"key":"SMITH"},{"floor":15,"key":"REST"}],"neow_cost":"NONE","seed_source_timestamp":219591719421330,"circlet_count":0,"master_deck":["Strike_B","Strike_B","Strike_B","Strike_B","Defend_B","Defend_B","Defend_B","Defend_B","Zap+1","Dualcast","Coolheaded+1","Darkness","Recycle","Consume+1","Melter","Ball Lightning","Static Discharge","Conserve Battery","Echo Form","Cold Snap"],"relics":["Cracked Core","NeowsBlessing","Odd Mushroom","Bronze Scales"],"potions_floor_usage":[8],"damage_taken":[{"damage":0,"enemies":"Cultist","floor":1,"turns":1},{"damage":0,"enemies":"Jaw Worm","floor":2,"turns":1},{"damage":0,"enemies":"Small Slimes","floor":3,"turns":1},{"damage":0,"enemies":"3 Louse","floor":5,"turns":3},{"damage":22,"enemies":"The Mushroom Lair","floor":8,"turns":4},{"damage":7,"enemies":"Blue Slaver","floor":11,"turns":3},{"damage":1,"enemies":"Exordium Wildlife","floor":14,"turns":4},{"damage":57,"enemies":"The Guardian","floor":16,"turns":6}],"seed_played":"-385475883175392579","potions_obtained":[{"floor":2,"key":"Ancient Potion"},{"floor":3,"key":"Weak Potion"},{"floor":5,"key":"Poison Potion"},{"floor":11,"key":"Strength Potion"}],"is_trial":false,"path_per_floor":["M","M","M","$","M","R","?","?","T","R","M","R","$","M","R","B"],"character_chosen":"DEFECT","items_purchased":["Consume","Melter","Echo Form"],"campfire_rested":1,"item_purchase_floors":[4,4,13],"current_hp_per_floor":[75,75,75,75,75,75,64,42,42,42,35,35,35,34,56,0],"gold":29,"neow_bonus":"THREE_ENEMY_KILL","is_prod":false,"is_daily":false,"chose_seed":false,"campfire_upgraded":3,"win_rate":0,"timestamp":1552721792,"path_taken":["M","M","M","$","M","R","?","?","T","R","M","R","$","M","R","BOSS"],"build_version":"2019-01-23","purchased_purges":0,"victory":false,"max_hp_per_floor":[75,75,75,75,75,75,75,75,75,75,75,75,75,75,75,75],"card_choices":[{"not_picked":["Beam Cell","Steam"],"picked":"Coolheaded","floor":1},{"not_picked":["Chill","Redo"],"picked":"Darkness","floor":2},{"not_picked":["Chill","Steam"],"picked":"Recycle","floor":3},{"not_picked":["Leap","Gash"],"picked":"Ball Lightning","floor":5},{"not_picked":["Steam Power","Scrape"],"picked":"Static Discharge","floor":8},{"not_picked":["Darkness","Ball Lightning"],"picked":"Conserve Battery","floor":11},{"not_picked":["Aggregate","Streamline"],"picked":"Cold Snap","floor":14}],"player_experience":485784,"relics_obtained":[{"floor":8,"key":"Odd Mushroom"},{"floor":9,"key":"Bronze Scales"}],"event_choices":[{"damage_healed":0,"gold_gain":75,"player_choice":"Gather Gold","damage_taken":11,"max_hp_gain":0,"max_hp_loss":0,"event_name":"World of Goop","floor":7,"gold_loss":0},{"damage_healed":0,"gold_gain":0,"player_choice":"Fought Mushrooms","damage_taken":0,"max_hp_gain":0,"max_hp_loss":0,"event_name":"Mushrooms","floor":8,"gold_loss":0}],"is_beta":false,"boss_relics":[],"items_purged_floors":[],"is_endless":false,"potions_floor_spawned":[2,3,5,11],"killed_by":"The Guardian","ascension_level":0}