{"gold_per_floor":[111,111,29,43,43,72,72,91,117,42,53,63,80,97,97,197,197,215,44,60,77,93,93,113,129,129,129,146,146,163,179,179,274,274,293,293,293,91,91,91,105,105,130,130,142,159,11,29,29,29],"floor_reached":51,"playtime":1995,"items_purged":["Strike_G","Strike_G","Strike_G"],"score":732,"play_id":"fa310cbe-cd63-4db2-8bd2-fd97e7d01390","local_time":"20190309132942","is_ascension_mode":false,"campfire_choices":[{"data":"Noxious Fumes","floor":7,"key":"SMITH"},{"data":"Noxious Fumes","floor":15,"key":"SMITH"},{"floor":23,"key":"REST"},{"floor":27,"key":"REST"},{"data":"Catalyst","floor":29,"key":"SMITH"},{"floor":32,"key":"REST"},{"data":"Noxious Fumes","floor":40,"key":"SMITH"},{"data":"Adrenaline","floor":42,"key":"SMITH"},{"floor":49,"key":"REST"}],"neow_cost":"NONE","seed_source_timestamp":147435618941100,"circlet_count":0,"master_deck":["Defend_G","Defend_G","Defend_G","Defend_G","Defend_G","Strike_G","Strike_G","Survivor","Neutralize","Blur","Noxious Fumes+1","Dash","Escape Plan","Flying Knee","Noxious Fumes+1","Corpse Explosion","Caltrops","Catalyst+1","Cloak And Dagger+1","Deadly Poison+1","Noxious Fumes+1","Prepared+1","Backflip","Distraction+1","Adrenaline+1","Noxious Fumes+1","Crippling Poison+1","Noxious Fumes"],"relics":["Ring of the Snake","NeowsBlessing","Vajra","FossilizedHelix","Ancient Tea Set","Velvet Choker","Dodecahedron","Sozu","Bronze Scales","Anchor"],"potions_floor_usage":[16,30,46],"damage_taken":[{"damage":0,"enemies":"Small Slimes","floor":1,"turns":1},{"damage":0,"enemies":"Cultist","floor":4,"turns":1},{"damage":0,"enemies":"Lagavulin","floor":6,"turns":1},{"damage":0,"enemies":"Jaw Worm","floor":8,"turns":3},{"damage":0,"enemies":"2 Fungi Beasts","floor":11,"turns":3},{"damage":0,"enemies":"Exordium Wildlife","floor":12,"turns":5},{"damage":0,"enemies":"Large Slime","floor":13,"turns":5},{"damage":0,"enemies":"Blue Slaver","floor":14,"turns":3},{"damage":13,"enemies":"Hexaghost","floor":16,"turns":7},{"damage":0,"enemies":"Shell Parasite","floor":18,"turns":4},{"damage":33,"enemies":"2 Thieves","floor":20,"turns":4},{"damage":16,"enemies":"Snake Plant","floor":21,"turns":5},{"damage":0,"enemies":"Chosen and Byrds","floor":22,"turns":5},{"damage":0,"enemies":"Snecko","floor":24,"turns":5},{"damage":17,"enemies":"Cultist and Chosen","floor":25,"turns":5},{"damage":9,"enemies":"Shelled Parasite and Fungi","floor":28,"turns":4},{"damage":2,"enemies":"Sentry and Sphere","floor":30,"turns":6},{"damage":14,"enemies":"Snake Plant","floor":31,"turns":5},{"damage":14,"enemies":"Champ","floor":33,"turns":8},{"damage":7,"enemies":"3 Shapes","floor":35,"turns":3},{"damage":0,"enemies":"Orb Walker","floor":41,"turns":3},{"damage":1,"enemies":"4 Shapes","floor":45,"turns":4},{"damage":0,"enemies":"Maw","floor":46,"turns":5},{"damage":24,"enemies":"Transient","floor":48,"turns":5},{"damage":37,"enemies":"Donu and Deca","floor":50,"turns":5}],"seed_played":"-6519556943113593988","potions_obtained":[{"floor":1,"key":"AttackPotion"},{"floor":2,"key":"FairyPotion"},{"floor":2,"key":"GamblersBrew"},{"floor":16,"key":"EssenceOfSteel"},{"floor":31,"key":"GhostInAJar"}],"is_trial":false,"path_per_floor":["M","?","$","M","?","E","R","M","T","$","M","M","M","M","R","B",null,"M","$","M","M","M","R","M","M","T","R","M","R","M","M","R","B",null,"M","?","?","$","?","R","M","R","T","$","M","M","$","M","R","B",null],"character_chosen":"THE_SILENT","items_purchased":["Noxious Fumes","Catalyst","Noxious Fumes","Anchor"],"campfire_rested":4,"item_purchase_floors":[3,19,38,47],"current_hp_per_floor":[70,70,70,70,45,45,45,45,45,45,45,45,45,45,45,32,70,70,70,37,21,21,42,42,25,25,46,37,37,35,21,42,28,70,63,63,63,63,63,63,63,63,63,63,62,62,62,38,57,20],"gold":29,"neow_bonus":"THREE_ENEMY_KILL","is_prod":false,"is_daily":false,"chose_seed":false,"campfire_upgraded":5,"win_rate":0,"timestamp":1552138182,"path_taken":["M","?","$","?","?","E","R","M","T","$","M","M","M","M","R","BOSS","M","$","M","M","M","R","M","M","T","R","M","R","M","M","R","BOSS","M","?","?","?","?","R","M","R","T","$","M","?","$","M","R","BOSS"],"build_version":"2019-01-23","purchased_purges":3,"victory":true,"max_hp_per_floor":[70,70,70,70,70,70,70,70,70,70,70,70,70,70,70,70,70,70,70,70,70,70,70,70,70,70,70,70,70,70,70,70,70,70,70,66,66,66,66,66,66,66,66,66,66,66,66,66,66,66],"card_choices":[{"not_picked":["Tactician","Accuracy"],"picked":"Blur","floor":1},{"not_picked":["Bane","Deflect"],"picked":"Dash","floor":4},{"not_picked":["Phantasmal Killer","Prepared"],"picked":"Escape Plan","floor":6},{"not_picked":["Acrobatics","Slice"],"picked":"Flying Knee","floor":8},{"not_picked":["Dagger Throw","Tactician"],"picked":"Bane","floor":11},{"not_picked":["Blade Dance","Sucker Punch","Cloak And Dagger"],"picked":"SKIP","floor":12},{"not_picked":["Deflect","Dagger Throw","Finisher"],"picked":"SKIP","floor":13},{"not_picked":["Flying Knee","Quick Slash"],"picked":"Noxious Fumes","floor":14},{"not_picked":["Doppelganger","Unload"],"picked":"Corpse Explosion","floor":16},{"not_picked":["Masterful Stab","Tactician+1"],"picked":"Caltrops","floor":18},{"not_picked":["Quick Slash+1","Outmaneuver"],"picked":"Cloak And Dagger+1","floor":20},{"not_picked":["Poisoned Stab","All Out Attack+1"],"picked":"Deadly Poison+1","floor":21},{"not_picked":["Underhanded Strike","Infinite Blades+1"],"picked":"Noxious Fumes+1","floor":22},{"not_picked":["Acrobatics","Sucker Punch","Dagger Spray"],"picked":"SKIP","floor":24},{"not_picked":["Unload","Escape Plan"],"picked":"Prepared+1","floor":25},{"not_picked":["Poisoned Stab","Quick Slash"],"picked":"Backflip","floor":28},{"not_picked":["Riddle With Holes","Predator"],"picked":"Distraction+1","floor":30},{"not_picked":["Infinite Blades+1","Prepared+1","Choke"],"picked":"SKIP","floor":31},{"not_picked":["Doppelganger","Tools of the Trade"],"picked":"Adrenaline","floor":33},{"not_picked":["Outmaneuver+1","Choke+1","Expertise+1"],"picked":"SKIP","floor":35},{"not_picked":["Flechettes","Choke+1"],"picked":"Crippling Poison+1","floor":41},{"not_picked":["Well Laid Plans+1","Cloak And Dagger"],"picked":"Noxious Fumes","floor":45},{"not_picked":["Backflip","Escape Plan","Slice+1"],"picked":"SKIP","floor":46},{"not_picked":["Dagger Spray","Caltrops","Dodge and Roll"],"picked":"SKIP","floor":48}],"player_experience":84699,"relics_obtained":[{"floor":6,"key":"FossilizedHelix"},{"floor":9,"key":"Ancient Tea Set"},{"floor":26,"key":"Dodecahedron"},{"floor":43,"key":"Bronze Scales"}],"event_choices":[{"damage_healed":0,"gold_gain":0,"player_choice":"Got Potions","damage_taken":0,"max_hp_gain":0,"max_hp_loss":0,"event_name":"Lab","floor":2,"gold_loss":0},{"damage_healed":0,"gold_gain":0,"player_choice":"Success","damage_taken":25,"relics_obtained":["Vajra"],"max_hp_gain":0,"max_hp_loss":0,"event_name":"Scrap Ooze","floor":5,"gold_loss":0},{"damage_healed":0,"gold_gain":0,"player_choice":"Max HP","damage_taken":0,"max_hp_gain":0,"max_hp_loss":4,"event_name":"Winding Halls","floor":36,"gold_loss":0},{"damage_healed":0,"gold_gain":0,"player_choice":"Ignored","damage_taken":0,"max_hp_gain":0,"max_hp_loss":0,"event_name":"Tomb of Lord Red Mask","floor":37,"gold_loss":0},{"cards_removed":["Bane"],"damage_healed":0,"gold_gain":0,"player_choice":"Removed Attack","damage_taken":0,"max_hp_gain":0,"max_hp_loss":0,"event_name":"Falling","floor":39,"gold_loss":0}],"is_beta":false,"boss_relics":[{"not_picked":["Pandora\u0027s Box","Empty Cage"],"picked":"Velvet Choker"},{"not_picked":["White Beast Statue","Runic Dome"],"picked":"Sozu"}],"items_purged_floors":[10,19,38],"is_endless":false,"potions_floor_spawned":[1,8,12,16,21,22,25,31,41],"ascension_level":0}