{"gold_per_floor":[114,134,134,134,144,176,101,159,208,219,236,236,267,267,267,340,340,353,353,353,353,365,394,394],"floor_reached":24,"playtime":3176,"items_purged":[],"score":458,"play_id":"eae5d32d-be8a-4575-864b-61fde660203a","local_time":"20190310105542","is_ascension_mode":true,"campfire_choices":[{"floor":12,"key":"REST"},{"data":"Biased Cognition","floor":15,"key":"SMITH"}],"neow_cost":"NONE","seed_source_timestamp":741935624436300,"circlet_count":0,"master_deck":["AscendersBane","Strike_B+1","Strike_B+1","Defend_B","Defend_B","Defend_B","Defend_B","Zap","Dualcast+1","Darkness","Cold Snap+1","Steam","Coolheaded","Hologram","Self Repair","Glacier","BootSequence","Biased Cognition+1","Parasite","Electrodynamics","Go for the Eyes","Writhe"],"relics":["Cracked Core","Pear","Tiny Chest","Whetstone","Bottled Flame","Nuclear Battery","Strawberry","Bottled Tornado","Centennial Puzzle"],"potions_floor_usage":[6,10,11,23,23],"damage_taken":[{"damage":0,"enemies":"2 Louse","floor":1,"turns":3},{"damage":8,"enemies":"Small Slimes","floor":2,"turns":4},{"damage":0,"enemies":"Jaw Worm","floor":5,"turns":3},{"damage":14,"enemies":"3 Sentries","floor":6,"turns":9},{"damage":43,"enemies":"Gremlin Nob","floor":8,"turns":5},{"damage":12,"enemies":"2 Fungi Beasts","floor":10,"turns":4},{"damage":4,"enemies":"Exordium Wildlife","floor":11,"turns":5},{"damage":15,"enemies":"3 Sentries","floor":13,"turns":10},{"damage":41,"enemies":"The Guardian","floor":16,"turns":16},{"damage":0,"enemies":"2 Thieves","floor":18,"turns":4},{"damage":14,"enemies":"Shell Parasite","floor":22,"turns":8},{"damage":46,"enemies":"Slavers","floor":23,"turns":5},{"damage":9,"enemies":"Shelled Parasite and Fungi","floor":24,"turns":1}],"seed_played":"7783298549811723539","potions_obtained":[{"floor":5,"key":"SpeedPotion"},{"floor":8,"key":"Regen Potion"},{"floor":10,"key":"SpeedPotion"},{"floor":16,"key":"SpeedPotion"},{"floor":18,"key":"EssenceOfSteel"}],"is_trial":false,"path_per_floor":["M","M","?","?","M","E","?","E","T","M","M","R","E","?","R","B",null,"M","?","T","?","M","E","M"],"character_chosen":"DEFECT","items_purchased":[],"campfire_rested":1,"item_purchase_floors":[],"current_hp_per_floor":[64,56,35,58,58,54,54,11,11,18,21,45,37,57,57,23,67,74,81,81,55,48,9,0],"gold":394,"neow_bonus":"TRANSFORM_CARD","is_prod":false,"is_daily":false,"chose_seed":false,"campfire_upgraded":1,"win_rate":0,"timestamp":1552240542,"path_taken":["M","M","?","?","M","E","?","E","T","M","M","R","E","?","R","BOSS","M","?","?","?","?","E","?"],"build_version":"2019-01-23","purchased_purges":0,"victory":false,"max_hp_per_floor":[71,71,71,71,71,81,81,81,81,81,81,81,81,81,81,81,81,81,88,88,93,93,93,93],"card_choices":[{"not_picked":["Streamline","Hologram"],"picked":"Cold Snap","floor":1},{"not_picked":["Stack","Gash"],"picked":"Steam","floor":2},{"not_picked":["Hello World","Aggregate"],"picked":"Coolheaded","floor":5},{"not_picked":["Reboot","Rebound"],"picked":"Hologram","floor":6},{"not_picked":["Aggregate","Static Discharge"],"picked":"Self Repair","floor":8},{"not_picked":["Compile Driver","Tempest"],"picked":"Glacier","floor":10},{"not_picked":["Auto Shields","Gash"],"picked":"BootSequence","floor":11},{"not_picked":["Turbo","Self Repair"],"picked":"Biased Cognition","floor":13},{"not_picked":["Buffer","Reboot"],"picked":"Electrodynamics","floor":16},{"not_picked":["Leap","Aggregate"],"picked":"Go for the Eyes","floor":18},{"not_picked":["Lockon","Auto Shields","Redo"],"picked":"SKIP","floor":22},{"not_picked":["Blizzard","Lockon","Darkness"],"picked":"SKIP","floor":23}],"player_experience":1249670,"relics_obtained":[{"floor":6,"key":"Pear"},{"floor":8,"key":"Tiny Chest"},{"floor":9,"key":"Whetstone"},{"floor":13,"key":"Bottled Flame"},{"floor":20,"key":"Bottled Tornado"},{"floor":23,"key":"Centennial Puzzle"}],"event_choices":[{"damage_healed":0,"gold_gain":0,"player_choice":"Entered Light","damage_taken":21,"max_hp_gain":0,"max_hp_loss":0,"event_name":"Shining Light","floor":3,"gold_loss":0,"cards_upgraded":["Dualcast","Strike_B"]},{"damage_healed":23,"gold_gain":0,"player_choice":"Banana","damage_taken":0,"max_hp_gain":0,"max_hp_loss":0,"event_name":"Big Fish","floor":4,"gold_loss":0},{"cards_removed":["Strike_B"],"damage_healed":0,"gold_gain":0,"player_choice":"Card Removal","damage_taken":0,"max_hp_gain":0,"max_hp_loss":0,"event_name":"The Cleric","floor":7,"gold_loss":75},{"damage_healed":20,"gold_gain":0,"player_choice":"Healed and dodged fight","damage_taken":0,"max_hp_gain":0,"max_hp_loss":0,"event_name":"Mushrooms","floor":14,"gold_loss":0,"cards_obtained":["Parasite"]},{"damage_healed":0,"gold_gain":0,"player_choice":"Opened","damage_taken":0,"relics_obtained":["Strawberry"],"max_hp_gain":0,"max_hp_loss":0,"event_name":"The Mausoleum","floor":19,"gold_loss":0,"cards_obtained":["Writhe"]},{"damage_healed":0,"gold_gain":0,"player_choice":"Shed Blood","damage_taken":31,"max_hp_gain":5,"max_hp_loss":0,"event_name":"Forgotten Altar","floor":21,"gold_loss":0}],"is_beta":false,"boss_relics":[{"not_picked":["Coffee Dripper","Tiny House"],"picked":"Nuclear Battery"}],"items_purged_floors":[],"is_endless":false,"potions_floor_spawned":[5,8,10,16,18],"killed_by":"Shelled Parasite and Fungi","ascension_level":17}