{"gold_per_floor":[113,128,303,49,49,49,66,66,136,163,183,183,216,291,291,387,387],"floor_reached":17,"playtime":882,"items_purged":["Doubt"],"score":163,"play_id":"87f38655-020f-44aa-ba32-e0daae582429","local_time":"20190318181809","is_ascension_mode":false,"campfire_choices":[{"data":"Body Slam","floor":6.0,"key":"SMITH"},{"data":"Armaments","floor":8.0,"key":"SMITH"},{"floor":12.0,"key":"REST"},{"data":"Armaments","floor":15.0,"key":"SMITH"}],"neow_cost":"PERCENT_DAMAGE","seed_source_timestamp":0,"circlet_count":0,"master_deck":["Strike_R","Strike_R","Strike_R","Strike_R","Strike_R","Defend_R","Defend_R","Defend_R","Defend_R","Bash","Armaments+1","Body Slam+1","Flex","Infernal Blade","Combust","Anger","Armaments+1","Rampage","Berserk","Feed"],"special_seed":0,"relics":["Burning Blood","Champion Belt","Centennial Puzzle","Sundial","Pocketwatch","Paper Frog","Cursed Key"],"potions_floor_usage":[],"damage_taken":[{"damage":3.0,"enemies":"Jaw Worm","floor":1.0,"turns":4.0},{"damage":3.0,"enemies":"2 Louse","floor":2.0,"turns":3.0},{"damage":3.0,"enemies":"Cultist","floor":7.0,"turns":3.0},{"damage":17.0,"enemies":"Gremlin Nob","floor":10.0,"turns":4.0},{"damage":5.0,"enemies":"Looter","floor":11.0,"turns":3.0},{"damage":16.0,"enemies":"Lagavulin","floor":13.0,"turns":4.0},{"damage":12.0,"enemies":"Slime Boss","floor":16.0,"turns":8.0}],"seed_played":"4826432761411935666","potions_obtained":[{"floor":2.0,"key":"Swift Potion"},{"floor":7.0,"key":"Energy Potion"},{"floor":10.0,"key":"EssenceOfSteel"}],"is_trial":false,"path_per_floor":["M","M","?","$","?","R","M","R","T","E","M","R","E","?","R","B",null],"character_chosen":"IRONCLAD","items_purchased":["Flex","Infernal Blade","Combust"],"campfire_rested":1,"item_purchase_floors":[4,4,4],"current_hp_per_floor":[59,62,62,62,62,62,65,65,65,54,55,79,69,58,58,52,80],"gold":387,"neow_bonus":"ONE_RARE_RELIC","is_prod":false,"is_daily":false,"chose_seed":false,"campfire_upgraded":3,"win_rate":0,"timestamp":1552943889,"path_taken":["M","M","?","$","?","R","M","R","T","E","?","R","E","?","R","BOSS"],"build_version":"2019-01-23","purchased_purges":1,"victory":false,"max_hp_per_floor":[80,80,80,80,80,80,80,80,80,80,80,80,80,80,80,80,80],"card_choices":[{"not_picked":["Flex","Dual Wield"],"picked":"Armaments","floor":1.0},{"not_picked":["Perfected Strike","Cleave"],"picked":"Body Slam","floor":2.0},{"not_picked":["Perfected Strike","Clash"],"picked":"Anger","floor":7.0},{"not_picked":["Ghostly Armor","Clothesline"],"picked":"Armaments","floor":10.0},{"not_picked":["Shrug It Off","Evolve"],"picked":"Rampage","floor":11.0},{"not_picked":["Sword Boomerang","Infernal Blade"],"picked":"Berserk","floor":13.0},{"not_picked":["Brutality","Exhume"],"picked":"Feed","floor":16.0}],"player_experience":33907,"relics_obtained":[{"floor":9.0,"key":"Sundial"},{"floor":10.0,"key":"Pocketwatch"},{"floor":13.0,"key":"Paper Frog"}],"event_choices":[{"damage_healed":0.0,"max_hp_gain":0.0,"max_hp_loss":0.0,"gold_gain":175.0,"event_name":"Liars Game","player_choice":"AGREE","floor":3.0,"gold_loss":0.0,"damage_taken":0.0,"cards_obtained":["Doubt"]},{"damage_healed":0.0,"max_hp_gain":0.0,"max_hp_loss":0.0,"gold_gain":0.0,"event_name":"WeMeetAgain","player_choice":"Gave Potion","floor":5.0,"gold_loss":0.0,"damage_taken":0.0,"relics_obtained":["Centennial Puzzle"]},{"damage_healed":0.0,"max_hp_gain":0.0,"max_hp_loss":0.0,"gold_gain":75.0,"event_name":"World of Goop","player_choice":"Gather Gold","floor":14.0,"gold_loss":0.0,"damage_taken":11.0}],"is_beta":false,"boss_relics":[{"not_picked":["Coffee Dripper","Lizard Tail"],"picked":"Cursed Key"}],"items_purged_floors":[4],"is_endless":false,"potions_floor_spawned":[2,7,10],"ascension_level":0}