{"gold_per_floor":[114,138,149,249,266,293,293,318,318,13,13,31,31,58,58,163,163,173,48,62,82,82,82,107,107,107,107,107,107,127,157,157,261,261,281,90,102,102,102,102,120,120,120,120,120,134,151,162,162,162],"floor_reached":51,"playtime":11815,"items_purged":["Strike_R","Strike_R"],"score":753,"play_id":"8045e248-cb60-480f-bcb5-06e2dd8d8b9f","local_time":"20190318233313","is_ascension_mode":false,"campfire_choices":[{"data":"Whirlwind","floor":7,"key":"SMITH"},{"data":"Flame Barrier","floor":11,"key":"SMITH"},{"data":"Metallicize","floor":15,"key":"SMITH"},{"data":"Barricade","floor":23,"key":"SMITH"},{"data":"Strike_R","floor":27,"key":"PURGE"},{"data":"Body Slam","floor":32,"key":"SMITH"},{"data":"Bash","floor":40,"key":"PURGE"},{"data":"Strike_R+1","floor":42,"key":"PURGE"},{"data":"Defend_R+1","floor":44,"key":"PURGE"},{"data":"Whirlwind+1","floor":49,"key":"PURGE"}],"neow_cost":"TEN_PERCENT_HP_LOSS","seed_source_timestamp":1277306972750692,"circlet_count":0,"master_deck":["Defend_R+1","Defend_R+1","Defend_R+1","Battle Trance","Flame Barrier+1","Flame Barrier+1","Metallicize+1","Shockwave+1","Barricade+1","Battle Trance+1","Body Slam+1","True Grit+1","Shrug It Off+1","Feel No Pain+1","True Grit+1"],"relics":["Burning Blood","Pocketwatch","PreservedInsect","Toxic Egg 2","Ancient Tea Set","Kunai","Red Skull","Bottled Tornado","Coffee Dripper","Peace Pipe","Self Forming Clay","Pear","Lizard Tail","Lee\u0027s Waffle","Sundial"],"potions_floor_usage":[6,16,24],"damage_taken":[{"damage":8,"enemies":"Cultist","floor":1,"turns":6},{"damage":3,"enemies":"Small Slimes","floor":3,"turns":3},{"damage":0,"enemies":"Jaw Worm","floor":5,"turns":5},{"damage":20,"enemies":"Lagavulin","floor":6,"turns":11},{"damage":5,"enemies":"3 Sentries","floor":8,"turns":6},{"damage":0,"enemies":"Exordium Wildlife","floor":12,"turns":2},{"damage":3,"enemies":"Lagavulin","floor":14,"turns":5},{"damage":7,"enemies":"The Guardian","floor":16,"turns":12},{"damage":0,"enemies":"Chosen","floor":18,"turns":4},{"damage":8,"enemies":"2 Thieves","floor":20,"turns":3},{"damage":8,"enemies":"Centurion and Healer","floor":21,"turns":8},{"damage":4,"enemies":"Slavers","floor":24,"turns":3},{"damage":0,"enemies":"Shelled Parasite and Fungi","floor":30,"turns":4},{"damage":0,"enemies":"Book of Stabbing","floor":31,"turns":6},{"damage":9,"enemies":"Collector","floor":33,"turns":10},{"damage":0,"enemies":"Orb Walker","floor":35,"turns":4},{"damage":1,"enemies":"3 Darklings","floor":37,"turns":5},{"damage":0,"enemies":"Writhing Mass","floor":41,"turns":4},{"damage":0,"enemies":"Spire Growth","floor":46,"turns":3},{"damage":5,"enemies":"Jaw Worm Horde","floor":47,"turns":5},{"damage":0,"enemies":"Maw","floor":48,"turns":6},{"damage":0,"enemies":"Donu and Deca","floor":50,"turns":10}],"seed_played":"5651614155380103698","potions_obtained":[{"floor":3,"key":"SpeedPotion"},{"floor":8,"key":"SteroidPotion"},{"floor":12,"key":"Swift Potion"},{"floor":18,"key":"SkillPotion"},{"floor":21,"key":"Strength Potion"},{"floor":30,"key":"LiquidBronze"}],"is_trial":false,"path_per_floor":["M","T","M","?","M","E","R","E","T","$","R","M","$","E","R","B",null,"M","$","M","M","?","R","E","?","T","R","$","?","M","E","R","B",null,"M","$","M","?","$","R","M","R","T","R","?","M","M","M","R","B",null],"character_chosen":"IRONCLAD","items_purchased":["Red Skull","Metallicize","Body Slam","Lee\u0027s Waffle"],"campfire_rested":0,"item_purchase_floors":[10,10,19,36],"current_hp_per_floor":[70,70,72,72,72,58,58,59,59,59,59,65,65,68,68,67,72,72,72,70,68,68,68,70,70,70,70,70,70,72,82,82,79,82,82,89,89,89,89,89,89,89,89,89,89,89,89,89,89,89],"gold":162,"neow_bonus":"ONE_RARE_RELIC","is_prod":false,"is_daily":false,"chose_seed":false,"campfire_upgraded":5,"win_rate":0,"timestamp":1552966393,"path_taken":["M","?","?","?","M","E","R","E","T","$","R","M","?","E","R","BOSS","M","$","M","M","?","R","E","?","T","R","$","?","M","E","R","BOSS","M","$","M","?","$","R","M","R","T","R","?","?","M","M","R","BOSS"],"build_version":"2019-01-23","purchased_purges":2,"victory":true,"max_hp_per_floor":[72,72,72,72,72,72,72,72,72,72,72,72,72,72,72,72,72,72,72,72,72,72,72,72,72,72,72,72,72,72,82,82,82,82,82,89,89,89,89,89,89,89,89,89,89,89,89,89,89,89],"card_choices":[{"not_picked":["Armaments","Clash"],"picked":"Battle Trance","floor":1},{"not_picked":["Flex","Headbutt"],"picked":"Flame Barrier","floor":3},{"not_picked":["Warcry","Hemokinesis"],"picked":"Whirlwind","floor":5},{"not_picked":["Rampage","Bloodletting","Exhume"],"picked":"SKIP","floor":6},{"not_picked":["Heavy Blade","Cleave"],"picked":"Flame Barrier+1","floor":8},{"not_picked":["Dual Wield+1","Anger"],"picked":"Shockwave+1","floor":12},{"not_picked":["Reckless Charge","Thunderclap","Pommel Strike"],"picked":"SKIP","floor":14},{"not_picked":["Offering+1","Limit Break+1"],"picked":"Barricade","floor":16},{"not_picked":["Sentinel+1","Dual Wield+1"],"picked":"Battle Trance+1","floor":18},{"not_picked":["Flex+1","Armaments+1"],"picked":"True Grit+1","floor":20},{"not_picked":["Havoc+1","Heavy Blade"],"picked":"Shrug It Off+1","floor":21},{"not_picked":["Sentinel+1","Anger"],"picked":"Feel No Pain+1","floor":24},{"not_picked":["Havoc+1","Sword Boomerang+1"],"picked":"True Grit+1","floor":30},{"not_picked":["Iron Wave","Wild Strike","Immolate"],"picked":"SKIP","floor":31},{"not_picked":["Perfected Strike+1","Flex+1","Armaments+1"],"picked":"SKIP","floor":35},{"not_picked":["Sword Boomerang+1","Anger","Dropkick+1"],"picked":"SKIP","floor":37},{"not_picked":["Inflame+1","Seeing Red+1","Fire Breathing+1"],"picked":"SKIP","floor":41},{"not_picked":["Iron Wave","Sentinel+1","Whirlwind"],"picked":"SKIP","floor":46},{"not_picked":["Uppercut","Anger+1","Armaments+1"],"picked":"SKIP","floor":47},{"not_picked":["Iron Wave+1","Hemokinesis+1","Rage+1"],"picked":"SKIP","floor":48}],"player_experience":69262,"relics_obtained":[{"floor":2,"key":"PreservedInsect"},{"floor":6,"key":"Toxic Egg 2"},{"floor":8,"key":"Ancient Tea Set"},{"floor":9,"key":"Kunai"},{"floor":14,"key":"Bottled Tornado"},{"floor":24,"key":"Peace Pipe"},{"floor":26,"key":"Self Forming Clay"},{"floor":31,"key":"Pear"},{"floor":43,"key":"Sundial"}],"event_choices":[{"damage_healed":0,"gold_gain":100,"player_choice":"Pray","damage_taken":0,"max_hp_gain":0,"max_hp_loss":0,"event_name":"Golden Shrine","floor":4,"gold_loss":0},{"damage_healed":0,"gold_gain":0,"player_choice":"Ignored","damage_taken":0,"max_hp_gain":0,"max_hp_loss":0,"event_name":"The Mausoleum","floor":25,"gold_loss":0},{"damage_healed":0,"gold_gain":0,"player_choice":"Simplicity","damage_taken":0,"max_hp_gain":0,"max_hp_loss":0,"event_name":"Back to Basics","floor":29,"gold_loss":0,"cards_upgraded":["Strike_R","Strike_R","Defend_R","Defend_R","Defend_R","Defend_R"]},{"cards_removed":["Strike_R"],"damage_healed":0,"gold_gain":0,"player_choice":"Removed Attack","damage_taken":0,"max_hp_gain":0,"max_hp_loss":0,"event_name":"Falling","floor":38,"gold_loss":0},{"damage_healed":0,"gold_gain":0,"player_choice":"Ignored","damage_taken":0,"max_hp_gain":0,"max_hp_loss":0,"event_name":"Transmorgrifier","floor":45,"gold_loss":0}],"is_beta":false,"boss_relics":[{"not_picked":["White Beast Statue","Empty Cage"],"picked":"Coffee Dripper"},{"not_picked":["Black Blood","Black Star"],"picked":"Lizard Tail"}],"items_purged_floors":[10,19],"is_endless":false,"potions_floor_spawned":[3,8,12,18,21,30,31,35,41,47],"ascension_level":0}