{"gold_per_floor":[109,121,133,133,153,179,179,1,1,21,47,62,62,62,62,166,166,181,106,106,124,49,65,65,75,75,75],"floor_reached":27,"playtime":1679,"items_purged":["Decay"],"score":338,"play_id":"81ebcd6a-4c74-44d7-bf2b-cf01753e45a8","local_time":"20190311233900","is_ascension_mode":true,"campfire_choices":[{"data":"Footwork","floor":7,"key":"SMITH"},{"data":"Neutralize","floor":13,"key":"SMITH"},{"floor":15,"key":"REST"},{"data":"Noxious Fumes","floor":24,"key":"SMITH"}],"neow_cost":"NONE","seed_source_timestamp":694605270925546,"circlet_count":0,"master_deck":["AscendersBane","Defend_G","Defend_G","Defend_G","Defend_G","Strike_G","Survivor","Neutralize+1","Calculated Gamble+1","Riddle With Holes+1","After Image+1","Backflip","Dagger Spray","Footwork+1","Blade Dance","Deadly Poison","Dodge and Roll","Blade Dance","Terror","Envenom","Parasite","Blade Dance","Noxious Fumes+1","Accuracy+1","Accuracy"],"relics":["Astrolabe","Anchor","Vajra","Bottled Flame","Bottled Tornado","Strawberry","Calling Bell","Potion Belt","Singing Bowl","The Specimen","Pantograph"],"potions_floor_usage":[6,18,23,25],"damage_taken":[{"damage":0,"enemies":"Cultist","floor":1,"turns":3},{"damage":0,"enemies":"2 Louse","floor":2,"turns":3},{"damage":1,"enemies":"Small Slimes","floor":3,"turns":3},{"damage":5,"enemies":"2 Fungi Beasts","floor":5,"turns":4},{"damage":7,"enemies":"3 Sentries","floor":6,"turns":7},{"damage":1,"enemies":"Exordium Wildlife","floor":10,"turns":2},{"damage":2,"enemies":"Lagavulin","floor":11,"turns":8},{"damage":2,"enemies":"Gremlin Gang","floor":12,"turns":5},{"damage":28,"enemies":"Slime Boss","floor":16,"turns":10},{"damage":2,"enemies":"3 Byrds","floor":18,"turns":4},{"damage":0,"enemies":"Chosen","floor":21,"turns":4},{"damage":23,"enemies":"Snecko","floor":23,"turns":6},{"damage":27,"enemies":"Cultist and Chosen","floor":25,"turns":8},{"damage":17,"enemies":"3 Cultists","floor":27,"turns":3}],"seed_played":"-709452278605663455","potions_obtained":[{"floor":2,"key":"EssenceOfSteel"},{"floor":3,"key":"Dexterity Potion"},{"floor":5,"key":"SkillPotion"},{"floor":10,"key":"LiquidBronze"},{"floor":18,"key":"GamblersBrew"},{"floor":23,"key":"Weak Potion"}],"is_trial":false,"path_per_floor":["M","M","M","?","M","E","R","$","T","M","E","M","R","?","R","B",null,"M","?","?","M","$","M","R","M","T","M"],"character_chosen":"THE_SILENT","items_purchased":["Vajra","Dodge and Roll"],"campfire_rested":1,"item_purchase_floors":[8,8],"current_hp_per_floor":[63,63,62,55,50,43,43,43,43,42,40,38,38,33,56,28,65,63,63,63,63,63,40,40,13,13,0],"gold":75,"neow_bonus":"BOSS_RELIC","is_prod":false,"is_daily":false,"chose_seed":false,"campfire_upgraded":3,"win_rate":0,"timestamp":1552372740,"path_taken":["M","M","?","?","M","E","R","$","T","M","E","M","R","?","R","BOSS","M","?","?","M","$","M","R","M","T","M"],"build_version":"2019-01-23","purchased_purges":1,"victory":false,"max_hp_per_floor":[70,70,70,70,70,70,70,70,70,70,70,70,70,77,77,77,77,77,77,77,77,77,77,77,77,77,77],"card_choices":[{"not_picked":["Sucker Punch","Bane"],"picked":"Backflip","floor":1},{"not_picked":["Sucker Punch","Concentrate"],"picked":"Dagger Spray","floor":2},{"not_picked":["Acrobatics","Blade Dance"],"picked":"Footwork","floor":3},{"not_picked":["Predator","Flechettes"],"picked":"Blade Dance","floor":5},{"not_picked":["Doppelganger","Skewer"],"picked":"Deadly Poison","floor":6},{"not_picked":["Skewer","Concentrate"],"picked":"Blade Dance","floor":10},{"not_picked":["Dagger Spray","Heel Hook"],"picked":"Terror","floor":11},{"not_picked":["Outmaneuver","Underhanded Strike","Expertise"],"picked":"SKIP","floor":12},{"not_picked":["Grand Finale","Storm of Steel"],"picked":"Envenom","floor":16},{"not_picked":["Blur","Acrobatics"],"picked":"Blade Dance","floor":18},{"not_picked":["Slice","Predator+1"],"picked":"Noxious Fumes","floor":21},{"not_picked":["Deflect+1","Crippling Poison"],"picked":"Accuracy+1","floor":23},{"not_picked":["Dagger Spray","Acrobatics+1"],"picked":"Accuracy","floor":25}],"player_experience":457176,"relics_obtained":[{"floor":6,"key":"Anchor"},{"floor":9,"key":"Bottled Flame"},{"floor":11,"key":"Bottled Tornado"},{"floor":17,"key":"Potion Belt"},{"floor":17,"key":"Singing Bowl"},{"floor":17,"key":"The Specimen"},{"floor":26,"key":"Pantograph"}],"event_choices":[{"cards_removed":["Strike_G"],"damage_healed":0,"gold_gain":0,"player_choice":"Card Removal","damage_taken":7,"max_hp_gain":0,"max_hp_loss":0,"event_name":"Golden Wing","floor":4,"gold_loss":0},{"damage_healed":0,"gold_gain":0,"player_choice":"Success","damage_taken":12,"relics_obtained":["Strawberry"],"max_hp_gain":0,"max_hp_loss":0,"event_name":"Scrap Ooze","floor":14,"gold_loss":0},{"cards_removed":["Strike_G"],"damage_healed":0,"gold_gain":0,"player_choice":"Gave Gold","damage_taken":0,"max_hp_gain":0,"max_hp_loss":0,"event_name":"Beggar","floor":19,"gold_loss":75},{"cards_removed":["Pain"],"damage_healed":0,"gold_gain":0,"player_choice":"Elegance","damage_taken":0,"max_hp_gain":0,"max_hp_loss":0,"event_name":"Back to Basics","floor":20,"gold_loss":0}],"is_beta":false,"boss_relics":[{"not_picked":["Cursed Key","Pandora\u0027s Box"],"picked":"Calling Bell"}],"items_purged_floors":[22],"is_endless":false,"potions_floor_spawned":[2,3,5,10,12,16,18,23],"killed_by":"3 Cultists","ascension_level":10}