{"gold_per_floor":[114,127,147,165,165,195,209,209,209,223,223,238,313,325,325,325],"floor_reached":16,"playtime":920,"items_purged":[],"score":111,"play_id":"0e7cb26b-1716-4730-b016-cdfb2951980b","local_time":"20190307165218","is_ascension_mode":true,"campfire_choices":[{"data":"Defragment","floor":8,"key":"SMITH"},{"data":"Conserve Battery","floor":15,"key":"SMITH"}],"neow_cost":"NONE","seed_source_timestamp":69800711087823,"circlet_count":0,"master_deck":["Strike_B","Strike_B","Strike_B","Strike_B","Defend_B","Defend_B","Defend_B","Defend_B","Zap","Dualcast","Genetic Algorithm","Sweeping Beam","Conserve Battery+1","Defragment+1","Turbo+1","Rebound+1"],"relics":["Cracked Core","Dream Catcher","Meat on the Bone"],"potions_floor_usage":[6,6,12,16],"damage_taken":[{"damage":0,"enemies":"2 Louse","floor":1,"turns":2},{"damage":4,"enemies":"Jaw Worm","floor":2,"turns":4},{"damage":3,"enemies":"Cultist","floor":3,"turns":3},{"damage":2,"enemies":"Exordium Wildlife","floor":4,"turns":4},{"damage":21,"enemies":"Gremlin Nob","floor":6,"turns":4},{"damage":17,"enemies":"Gremlin Gang","floor":7,"turns":4},{"damage":0,"enemies":"3 Louse","floor":10,"turns":3},{"damage":0,"enemies":"Exordium Wildlife","floor":12,"turns":3},{"damage":5,"enemies":"Gremlin Gang","floor":14,"turns":5},{"damage":52,"enemies":"Slime Boss","floor":16,"turns":7}],"seed_played":"8421774854838743011","potions_obtained":[{"floor":2,"key":"Poison Potion"},{"floor":3,"key":"Strength Potion"},{"floor":7,"key":"GamblersBrew"},{"floor":10,"key":"AttackPotion"}],"is_trial":false,"path_per_floor":["M","M","M","M","$","E","M","R","T","M","?","M","?","M","R","B"],"character_chosen":"DEFECT","items_purchased":[],"campfire_rested":0,"item_purchase_floors":[],"current_hp_per_floor":[82,78,75,73,73,52,35,35,35,47,31,43,35,42,42,0],"gold":325,"neow_bonus":"TEN_PERCENT_HP_BONUS","is_prod":false,"is_daily":false,"chose_seed":false,"campfire_upgraded":2,"win_rate":0,"timestamp":1551995538,"path_taken":["M","M","M","M","$","E","M","R","T","M","?","M","?","M","R","BOSS"],"build_version":"2019-01-23","purchased_purges":0,"victory":false,"max_hp_per_floor":[82,82,82,82,82,82,82,82,82,82,82,82,82,82,82,82],"card_choices":[{"not_picked":["Coolheaded","Aggregate"],"picked":"Genetic Algorithm","floor":1},{"not_picked":["Redo","Coolheaded"],"picked":"Sweeping Beam","floor":2},{"not_picked":["Hologram","Chaos"],"picked":"Conserve Battery","floor":3},{"not_picked":["Sunder","Aggregate"],"picked":"Defragment","floor":4},{"not_picked":["Sweeping Beam","Blizzard","Redo"],"picked":"SKIP","floor":6},{"not_picked":["Lockon","Scrape"],"picked":"Turbo","floor":7},{"not_picked":["Barrage","Chaos"],"picked":"Rebound","floor":10},{"not_picked":["Force Field","Doom and Gloom","Chaos"],"picked":"SKIP","floor":12},{"not_picked":["Compile Driver","Hologram","Darkness"],"picked":"SKIP","floor":14}],"player_experience":174087,"relics_obtained":[{"floor":6,"key":"Dream Catcher"},{"floor":9,"key":"Meat on the Bone"}],"event_choices":[{"damage_healed":0,"gold_gain":0,"player_choice":"Entered Light","damage_taken":16,"max_hp_gain":0,"max_hp_loss":0,"event_name":"Shining Light","floor":11,"gold_loss":0,"cards_upgraded":["Rebound","Turbo"]},{"damage_healed":0,"gold_gain":75,"player_choice":"Touch","damage_taken":8,"max_hp_gain":0,"max_hp_loss":0,"event_name":"FaceTrader","floor":13,"gold_loss":0}],"is_beta":false,"boss_relics":[],"items_purged_floors":[],"is_endless":false,"potions_floor_spawned":[2,3,7,10],"killed_by":"Slime Boss","ascension_level":1}