{"gold_per_floor":[109,109,121,139,151,6,26,42,42,57,82,82,92,103,103,208,208,221,146,158,158,172,172,192,192,192,210,227,239,239],"floor_reached":30,"playtime":1199,"items_purged":["Strike_B"],"score":242,"play_id":"935deafd-90ae-4c9e-9ca1-b4fb4cba2db8","local_time":"20190316002137","is_ascension_mode":false,"campfire_choices":[{"data":"Defragment","floor":12,"key":"SMITH"},{"data":"Go for the Eyes","floor":15,"key":"SMITH"},{"data":"Zap","floor":23,"key":"SMITH"},{"floor":25,"key":"REST"}],"neow_cost":"NONE","seed_source_timestamp":218061790688706,"circlet_count":0,"master_deck":["Strike_B","Defend_B","Defend_B","Defend_B","Defend_B","Zap+1","Dualcast","Leap","Ball Lightning","Coolheaded","Go for the Eyes+1","Defragment+1","Static Discharge","White Noise","Biased Cognition","Leap","Compile Driver+1"],"relics":["Cracked Core","NeowsBlessing","DataDisk","Singing Bowl","Empty Cage","Centennial Puzzle"],"potions_floor_usage":[5,11,11,16,29],"damage_taken":[{"damage":0,"enemies":"Small Slimes","floor":1,"turns":1},{"damage":0,"enemies":"Cultist","floor":3,"turns":1},{"damage":0,"enemies":"Jaw Worm","floor":4,"turns":1},{"damage":3,"enemies":"Gremlin Gang","floor":5,"turns":2},{"damage":20,"enemies":"Large Slime","floor":7,"turns":4},{"damage":1,"enemies":"2 Fungi Beasts","floor":8,"turns":4},{"damage":0,"enemies":"Red Slaver","floor":10,"turns":3},{"damage":8,"enemies":"Lagavulin","floor":11,"turns":5},{"damage":1,"enemies":"Large Slime","floor":13,"turns":5},{"damage":3,"enemies":"Blue Slaver","floor":14,"turns":3},{"damage":22,"enemies":"Slime Boss","floor":16,"turns":5},{"damage":30,"enemies":"2 Thieves","floor":18,"turns":4},{"damage":0,"enemies":"Chosen","floor":20,"turns":6},{"damage":21,"enemies":"Snake Plant","floor":22,"turns":2},{"damage":13,"enemies":"Snecko","floor":24,"turns":4},{"damage":8,"enemies":"Sentry and Sphere","floor":27,"turns":5},{"damage":3,"enemies":"Snake Plant","floor":28,"turns":3},{"damage":7,"enemies":"Snecko","floor":29,"turns":5},{"damage":34,"enemies":"3 Cultists","floor":30,"turns":3}],"seed_played":"6856858515547029794","potions_obtained":[{"floor":1,"key":"Weak Potion"},{"floor":2,"key":"Fire Potion"},{"floor":2,"key":"SneckoOil"},{"floor":2,"key":"Explosive Potion"},{"floor":3,"key":"EssenceOfSteel"},{"floor":11,"key":"PowerPotion"},{"floor":22,"key":"LiquidBronze"},{"floor":24,"key":"Swift Potion"},{"floor":28,"key":"Weak Potion"}],"is_trial":false,"path_per_floor":["M","?","M","M","M","$","M","M","T","M","E","R","M","M","R","B",null,"M","$","M","?","M","R","M","R","T","M","M","M","M"],"character_chosen":"DEFECT","items_purchased":["DataDisk"],"campfire_rested":1,"item_purchase_floors":[6],"current_hp_per_floor":[75,75,75,75,72,72,52,51,51,51,45,45,46,43,43,21,79,49,49,49,49,30,30,19,43,43,37,36,31,0],"gold":239,"neow_bonus":"THREE_ENEMY_KILL","is_prod":false,"is_daily":false,"chose_seed":false,"campfire_upgraded":3,"win_rate":0,"timestamp":1552720897,"path_taken":["M","?","M","M","M","$","M","?","T","M","E","R","M","M","R","BOSS","M","?","?","?","M","R","M","R","T","?","M","?","M"],"build_version":"2019-01-23","purchased_purges":1,"victory":false,"max_hp_per_floor":[75,75,75,75,75,75,75,75,75,75,77,77,79,79,79,79,79,79,79,79,79,81,81,83,83,83,85,87,89,89],"card_choices":[{"not_picked":["Darkness","Conserve Battery"],"picked":"Leap","floor":1},{"not_picked":["Steam","Stack"],"picked":"Ball Lightning","floor":3},{"not_picked":["Leap","Streamline"],"picked":"Coolheaded","floor":4},{"not_picked":["Turbo","Hologram"],"picked":"Go for the Eyes","floor":5},{"not_picked":["Streamline","Stack","Sweeping Beam"],"picked":"SKIP","floor":7},{"not_picked":["Reboot","Hello World"],"picked":"Defragment","floor":8},{"not_picked":["Conserve Battery","Hologram"],"picked":"Static Discharge","floor":10},{"not_picked":["Force Field","Genetic Algorithm","Blizzard"],"picked":"Singing Bowl","floor":11},{"not_picked":["Go for the Eyes","Genetic Algorithm","Streamline"],"picked":"Singing Bowl","floor":13},{"not_picked":["Rebound","Redo"],"picked":"White Noise","floor":14},{"not_picked":["Reboot","Machine Learning"],"picked":"Biased Cognition","floor":16},{"not_picked":["Turbo","Coolheaded"],"picked":"Leap","floor":18},{"not_picked":["Steam","White Noise"],"picked":"Compile Driver+1","floor":20},{"not_picked":["Go for the Eyes","Lockon","Rip and Tear+1"],"picked":"Singing Bowl","floor":22},{"not_picked":["Gash","Sunder","Go for the Eyes"],"picked":"Singing Bowl","floor":24},{"not_picked":["Gash+1","Machine Learning","Beam Cell"],"picked":"Singing Bowl","floor":27},{"not_picked":["Barrage+1","Coolheaded","Steam Power"],"picked":"Singing Bowl","floor":28},{"not_picked":["Streamline","Hello World","Lockon"],"picked":"Singing Bowl","floor":29}],"player_experience":484272,"relics_obtained":[{"floor":11,"key":"Singing Bowl"},{"floor":26,"key":"Centennial Puzzle"}],"event_choices":[{"damage_healed":0,"gold_gain":0,"player_choice":"Got Potions","damage_taken":0,"max_hp_gain":0,"max_hp_loss":0,"event_name":"Lab","floor":2,"gold_loss":0},{"damage_healed":0,"gold_gain":0,"player_choice":"Ignored","damage_taken":0,"max_hp_gain":0,"max_hp_loss":0,"event_name":"NoteForYourself","floor":21,"gold_loss":0}],"is_beta":false,"boss_relics":[{"not_picked":["Orrery","White Beast Statue"],"picked":"Empty Cage"}],"items_purged_floors":[19],"is_endless":false,"potions_floor_spawned":[1,3,4,11,22,24,28],"killed_by":"3 Cultists","ascension_level":0}