{"gold_per_floor":[359,359,376,390,409,435,453,478,503,31,31,44,57,57,57,152,152,170,121,135,23,23,50,61,76,76,76,89,120,120,120,120,120],"floor_reached":33,"playtime":3607,"items_purged":[],"score":399,"play_id":"98944503-ddeb-4338-b869-7896271dabef","local_time":"20190318235600","is_ascension_mode":false,"campfire_choices":[{"data":"Iron Wave","floor":15,"key":"SMITH"},{"floor":27,"key":"REST"},{"floor":32,"key":"REST"}],"neow_cost":"TEN_PERCENT_HP_LOSS","seed_source_timestamp":0,"circlet_count":0,"master_deck":["Strike_R","Strike_R","Defend_R","Defend_R","Defend_R","Defend_R","Bash","Pommel Strike","Headbutt","Thunderclap","Iron Wave+1","Infernal Blade","Feed","Flex+1","Whirlwind","Headbutt","Infernal Blade+1","Double Tap+1","Uppercut","Infernal Blade+1","Shrug It Off+1","Warcry+1","Reaper","Shrug It Off+1","Heavy Blade+1","Spot Weakness+1","Rampage","RitualDagger","Havoc+1","Spot Weakness+1","Heavy Blade","Impervious+1","Dual Wield+1","Juggernaut"],"special_seed":0,"relics":["Burning Blood","Ancient Tea Set","Magic Flower","Omamori","Toxic Egg 2","Bag of Preparation","Orrery","Potion Belt","Bottled Lightning","Vajra"],"potions_floor_usage":[6,8,16,23,24,24,29,33],"damage_taken":[{"damage":1,"enemies":"Jaw Worm","floor":1,"turns":5},{"damage":1,"enemies":"Cultist","floor":3,"turns":3},{"damage":2,"enemies":"2 Louse","floor":4,"turns":3},{"damage":26,"enemies":"Exordium Wildlife","floor":5,"turns":5},{"damage":36,"enemies":"Lagavulin","floor":6,"turns":4},{"damage":2,"enemies":"Looter","floor":7,"turns":4},{"damage":25,"enemies":"3 Sentries","floor":8,"turns":8},{"damage":15,"enemies":"Large Slime","floor":12,"turns":5},{"damage":0,"enemies":"Red Slaver","floor":13,"turns":1},{"damage":35,"enemies":"Hexaghost","floor":16,"turns":8},{"damage":0,"enemies":"Chosen","floor":18,"turns":4},{"damage":5,"enemies":"3 Byrds","floor":20,"turns":4},{"damage":52,"enemies":"Book of Stabbing","floor":23,"turns":5},{"damage":38,"enemies":"Centurion and Healer","floor":24,"turns":6},{"damage":10,"enemies":"Chosen and Byrds","floor":25,"turns":3},{"damage":0,"enemies":"Cultist and Chosen","floor":28,"turns":4},{"damage":36,"enemies":"Slavers","floor":29,"turns":3},{"damage":66,"enemies":"Collector","floor":33,"turns":7}],"seed_played":"-9178322901328074802","potions_obtained":[{"floor":3,"key":"Strength Potion"},{"floor":5,"key":"Ancient Potion"},{"floor":7,"key":"Swift Potion"},{"floor":12,"key":"Regen Potion"},{"floor":13,"key":"Strength Potion"},{"floor":18,"key":"GamblersBrew"},{"floor":23,"key":"GamblersBrew"},{"floor":25,"key":"Weak Potion"},{"floor":28,"key":"GamblersBrew"}],"is_trial":false,"path_per_floor":["M","?","M","M","M","E","M","E","T","$","?","M","M","?","R","B",null,"M","$","M","$","?","E","M","M","T","R","M","E","?","?","R","B"],"character_chosen":"IRONCLAD","items_purchased":["Toxic Egg 2","Bag of Preparation","Flex+1","Whirlwind","Shrug It Off+1","Spot Weakness+1","Rampage"],"campfire_rested":2,"item_purchase_floors":[10,10,10,10,19,21,21],"current_hp_per_floor":[72,72,72,72,52,22,26,7,7,7,25,24,38,31,31,13,78,78,78,81,81,75,41,36,35,35,59,68,41,41,41,65,0],"gold":120,"neow_bonus":"TWO_FIFTY_GOLD","is_prod":false,"is_daily":false,"chose_seed":false,"campfire_upgraded":1,"win_rate":0,"timestamp":1552964160,"path_taken":["M","?","?","M","M","E","M","E","T","?","?","M","M","?","R","BOSS","M","$","M","$","?","E","M","M","T","R","M","E","?","?","R","BOSS"],"build_version":"2019-01-23","purchased_purges":0,"victory":false,"max_hp_per_floor":[72,72,72,72,72,72,72,72,72,72,72,75,78,78,78,78,78,78,78,81,81,81,81,81,81,81,81,81,81,81,81,81,81],"card_choices":[{"not_picked":["Rupture","True Grit"],"picked":"Pommel Strike","floor":1},{"not_picked":["Rupture","Clash"],"picked":"Headbutt","floor":3},{"not_picked":["Perfected Strike","Cleave"],"picked":"Thunderclap","floor":4},{"not_picked":["Battle Trance","Thunderclap","Clothesline"],"picked":"SKIP","floor":5},{"not_picked":["True Grit","Body Slam"],"picked":"Iron Wave","floor":6},{"not_picked":["Headbutt","Dropkick"],"picked":"Infernal Blade","floor":7},{"not_picked":["Power Through","Heavy Blade"],"picked":"Feed","floor":8},{"not_picked":["Corruption","Clash"],"picked":"Headbutt","floor":12},{"not_picked":["Cleave","Anger"],"picked":"Infernal Blade+1","floor":13},{"not_picked":["Limit Break+1","Reaper"],"picked":"Double Tap+1","floor":16},{"not_picked":["Heavy Blade","Rupture"],"picked":"Uppercut","floor":17},{"not_picked":["Warcry+1","Cleave"],"picked":"Infernal Blade+1","floor":17},{"not_picked":["Battle Trance+1","Fire Breathing"],"picked":"Shrug It Off+1","floor":17},{"not_picked":["Bloodletting+1","Anger"],"picked":"Warcry+1","floor":17},{"not_picked":["Clothesline+1","Clash"],"picked":"Reaper","floor":18},{"not_picked":["Sword Boomerang","Headbutt"],"picked":"Heavy Blade+1","floor":20},{"not_picked":["Reckless Charge","Feel No Pain"],"picked":"Havoc+1","floor":23},{"not_picked":["Sword Boomerang","Body Slam","Clothesline+1"],"picked":"SKIP","floor":24},{"not_picked":["Burning Pact+1","Fire Breathing+1"],"picked":"Spot Weakness+1","floor":25},{"not_picked":["Twin Strike","Anger"],"picked":"Heavy Blade","floor":28},{"not_picked":["Combust","Thunderclap"],"picked":"Impervious+1","floor":29}],"player_experience":39211,"relics_obtained":[{"floor":6,"key":"Ancient Tea Set"},{"floor":8,"key":"Magic Flower"},{"floor":9,"key":"Omamori"},{"floor":23,"key":"Potion Belt"},{"floor":26,"key":"Bottled Lightning"},{"floor":29,"key":"Vajra"}],"event_choices":[{"cards_removed":["Strike_R"],"damage_healed":0,"gold_gain":0,"player_choice":"Purged","damage_taken":0,"max_hp_gain":0,"max_hp_loss":0,"event_name":"Purifier","floor":2,"gold_loss":0},{"damage_healed":18,"gold_gain":0,"player_choice":"Healed and dodged fight","damage_taken":0,"max_hp_gain":0,"max_hp_loss":0,"event_name":"Mushrooms","floor":11,"gold_loss":0,"cards_obtained":["Parasite"]},{"cards_removed":["Strike_R"],"damage_healed":0,"gold_gain":0,"player_choice":"Card Removal","damage_taken":7,"max_hp_gain":0,"max_hp_loss":0,"event_name":"Golden Wing","floor":14,"gold_loss":0},{"damage_healed":0,"gold_gain":0,"player_choice":"Joined the Cult","damage_taken":6,"max_hp_gain":0,"max_hp_loss":0,"event_name":"Nest","floor":22,"gold_loss":0,"cards_obtained":["RitualDagger"]},{"damage_healed":0,"gold_gain":0,"player_choice":"Read","damage_taken":0,"max_hp_gain":0,"max_hp_loss":0,"event_name":"The Library","floor":30,"gold_loss":0,"cards_obtained":["Dual Wield"]},{"damage_healed":0,"gold_gain":0,"cards_transformed":["Strike_R"],"player_choice":"Transformed","damage_taken":0,"max_hp_gain":0,"max_hp_loss":0,"event_name":"Transmorgrifier","floor":31,"gold_loss":0,"cards_obtained":["Juggernaut"]}],"is_beta":false,"boss_relics":[{"not_picked":["Tiny House","Runic Cube"],"picked":"Orrery"}],"items_purged_floors":[],"is_endless":false,"potions_floor_spawned":[3,5,7,12,13,18,23,25,28],"killed_by":"Collector","ascension_level":0}