{"gold_per_floor":[113,113,137,153,167,167,202,202,202,222,222,236,236,236,236,332,332,344,358,126,145,158,187,187,30,56,56,73,73,73,23,23,120,120,139,0,13,32,46,46,74,74,150,178,178,190,190,202,202,202],"floor_reached":50,"playtime":3171,"items_purged":["Defend_B"],"score":736,"play_id":"3809a9fe-6e56-40dd-b5ed-6b6eae34e63c","local_time":"20190226185745","is_ascension_mode":true,"campfire_choices":[{"data":"Chaos","floor":6.0,"key":"SMITH"},{"floor":11.0,"key":"REST"},{"data":"Defragment","floor":13.0,"key":"SMITH"},{"floor":15.0,"key":"REST"},{"floor":24.0,"key":"REST"},{"data":"Defragment","floor":27.0,"key":"SMITH"},{"floor":30.0,"key":"REST"},{"floor":32.0,"key":"REST"},{"data":"Zap","floor":40.0,"key":"SMITH"},{"data":"Barrage","floor":42.0,"key":"SMITH"},{"floor":47,"key":"REST"},{"floor":49,"key":"REST"}],"neow_cost":"NONE","seed_source_timestamp":950330264513891,"circlet_count":0,"master_deck":["Strike_B+1","Strike_B+1","Strike_B+1","Strike_B+1","Defend_B+1","Defend_B","Defend_B","Zap+1","Dualcast","Defragment+1","Chaos+1","Defragment+1","Barrage+1","Reinforced Body+1","Electrodynamics+1","Barrage+1","Conserve Battery+1","FTL","Beam Cell+1","Compile Driver+1","Genetic Algorithm+1","Melter","Echo Form","Streamline+1","Auto Shields","Barrage+1","Conserve Battery+1","Injury"],"special_seed":0,"relics":["Cracked Core","NeowsBlessing","Bag of Marbles","Whetstone","Pen Nib","Bottled Tornado","Gremlin Horn","Nuclear Battery","Runic Capacitor","Pear","War Paint","Smiling Mask","Cursed Key","Red Mask","Strawberry","Frozen Egg 2","Darkstone Periapt"],"potions_floor_usage":[44,48,50],"damage_taken":[{"damage":0.0,"enemies":"Jaw Worm","floor":1.0,"turns":1.0},{"damage":0.0,"enemies":"Cultist","floor":4.0,"turns":1.0},{"damage":0.0,"enemies":"2 Louse","floor":5.0,"turns":1.0},{"damage":9.0,"enemies":"Gremlin Nob","floor":7.0,"turns":3.0},{"damage":13.0,"enemies":"Red Slaver","floor":10.0,"turns":3.0},{"damage":19.0,"enemies":"Blue Slaver","floor":12.0,"turns":4.0},{"damage":22.0,"enemies":"Hexaghost","floor":16.0,"turns":9.0},{"damage":5.0,"enemies":"2 Thieves","floor":18.0,"turns":3.0},{"damage":0.0,"enemies":"Chosen","floor":19.0,"turns":3.0},{"damage":33.0,"enemies":"Snake Plant","floor":21.0,"turns":3.0},{"damage":0.0,"enemies":"Centurion and Healer","floor":22.0,"turns":3.0},{"damage":22.0,"enemies":"Gremlin Leader","floor":23.0,"turns":4.0},{"damage":2.0,"enemies":"Shelled Parasite and Fungi","floor":28.0,"turns":3.0},{"damage":7.0,"enemies":"Collector","floor":33.0,"turns":4.0},{"damage":8.0,"enemies":"Orb Walker","floor":35.0,"turns":3.0},{"damage":23.0,"enemies":"3 Darklings","floor":37.0,"turns":4.0},{"damage":0.0,"enemies":"4 Shapes","floor":38.0,"turns":6.0},{"damage":0.0,"enemies":"Maw","floor":39.0,"turns":5.0},{"damage":0.0,"enemies":"Reptomancer","floor":41.0,"turns":5.0},{"damage":44,"enemies":"Nemesis","floor":44,"turns":5},{"damage":12,"enemies":"Transient","floor":46,"turns":5},{"damage":15,"enemies":"Jaw Worm Horde","floor":48,"turns":4},{"damage":59,"enemies":"Donu and Deca","floor":50,"turns":6}],"seed_played":"-3792938593640132079","potions_obtained":[{"floor":4.0,"key":"SkillPotion"},{"floor":5.0,"key":"Poison Potion"},{"floor":12.0,"key":"FocusPotion"},{"floor":16.0,"key":"Block Potion"},{"floor":22.0,"key":"Weak Potion"},{"floor":23.0,"key":"Block Potion"},{"floor":28.0,"key":"AttackPotion"},{"floor":33.0,"key":"SteroidPotion"},{"floor":35.0,"key":"Swift Potion"},{"floor":46,"key":"PowerPotion"},{"floor":48,"key":"SkillPotion"}],"is_trial":false,"path_per_floor":["M","?","T","M","M","R","E","?","T","M","R","M","R","?","R","B",null,"M","M","$","M","M","E","R","$","T","R","M","?","R","$","R","B",null,"M","?","M","M","M","R","E","R","T","E","?","M","R","M","R","B"],"character_chosen":"DEFECT","items_purchased":["Runic Capacitor","FTL","War Paint"],"campfire_rested":7,"item_purchase_floors":[20,20,25],"current_hp_per_floor":[68,53,53,53,53,53,44,37,37,24,46,27,27,27,49,27,63,58,58,58,25,25,13,38,38,38,38,36,20,47,47,74,67,84,76,76,53,53,53,53,60,60,60,16,16,4,33,18,47,0],"gold":202,"neow_bonus":"THREE_ENEMY_KILL","is_prod":false,"is_daily":false,"chose_seed":false,"campfire_upgraded":5,"win_rate":0,"timestamp":1551236265,"path_taken":["M","?","?","?","M","R","E","?","T","M","R","M","R","?","R","BOSS","M","M","$","M","M","E","R","?","T","R","M","?","R","?","R","BOSS","M","?","M","M","M","R","E","R","T","E","?","M","R","M","R","BOSS"],"build_version":"2019-01-23","purchased_purges":1,"victory":false,"max_hp_per_floor":[75,75,75,75,75,75,75,75,75,75,75,75,75,75,75,75,75,75,75,75,75,75,85,85,85,85,85,85,90,90,90,90,90,90,90,90,90,90,90,90,97,97,97,97,97,97,97,97,97,97],"card_choices":[{"not_picked":["Conserve Battery","Capacitor"],"picked":"Defragment","floor":1.0},{"not_picked":["Steam","Sunder","Stack"],"picked":"SKIP","floor":4.0},{"not_picked":["Double Energy","Rebound"],"picked":"Chaos","floor":5.0},{"not_picked":["Sweeping Beam","Ball Lightning"],"picked":"Defragment","floor":7.0},{"not_picked":["Conserve Battery","Tempest"],"picked":"Barrage","floor":10.0},{"not_picked":["Sweeping Beam","Multi-Cast"],"picked":"Reinforced Body","floor":12.0},{"not_picked":["Meteor Strike","Buffer"],"picked":"Electrodynamics","floor":16.0},{"not_picked":["Consume","Aggregate"],"picked":"Barrage+1","floor":18.0},{"not_picked":["Consume","Recycle"],"picked":"Conserve Battery+1","floor":19.0},{"not_picked":["Hologram","Steam"],"picked":"Beam Cell+1","floor":21.0},{"not_picked":["Ball Lightning","Cold Snap"],"picked":"Compile Driver+1","floor":22.0},{"not_picked":["Buffer","Go for the Eyes"],"picked":"Genetic Algorithm+1","floor":23.0},{"not_picked":["Stack","Cold Snap"],"picked":"Melter","floor":28.0},{"not_picked":["Multi-Cast","Fission"],"picked":"Echo Form","floor":33.0},{"not_picked":["Leap","Sweeping Beam"],"picked":"Streamline+1","floor":35.0},{"not_picked":["Streamline+1","Aggregate+1"],"picked":"Auto Shields","floor":37.0},{"not_picked":["Steam","Double Energy"],"picked":"Barrage+1","floor":38.0},{"not_picked":["Stack+1","Gash+1","Go for the Eyes"],"picked":"SKIP","floor":39.0},{"not_picked":["Ball Lightning","Fusion"],"picked":"Conserve Battery+1","floor":41.0},{"not_picked":["Reinforced Body","Stack","Gash+1"],"picked":"SKIP","floor":44},{"not_picked":["Cold Snap+1","Streamline","Rip and Tear+1"],"picked":"SKIP","floor":46},{"not_picked":["Chill","Darkness+1","Gash+1"],"picked":"SKIP","floor":48}],"player_experience":363702,"relics_obtained":[{"floor":3.0,"key":"Bag of Marbles"},{"floor":7.0,"key":"Whetstone"},{"floor":9.0,"key":"Bottled Tornado"},{"floor":23.0,"key":"Pear"},{"floor":26.0,"key":"Smiling Mask"},{"floor":41.0,"key":"Strawberry"},{"floor":43.0,"key":"Frozen Egg 2"},{"floor":44,"key":"Darkstone Periapt"}],"event_choices":[{"damage_healed":0.0,"max_hp_gain":0.0,"max_hp_loss":0.0,"gold_gain":0.0,"event_name":"Shining Light","player_choice":"Entered Light","floor":2.0,"gold_loss":0.0,"damage_taken":15.0,"cards_upgraded":["Strike_B","Strike_B"]},{"damage_healed":0.0,"max_hp_gain":0.0,"max_hp_loss":0.0,"gold_gain":0.0,"event_name":"Scrap Ooze","player_choice":"Success","floor":8.0,"gold_loss":0.0,"damage_taken":7.0,"relics_obtained":["Pen Nib"]},{"damage_healed":0.0,"max_hp_gain":0.0,"max_hp_loss":0.0,"gold_gain":0.0,"event_name":"WeMeetAgain","player_choice":"Gave Potion","floor":14.0,"gold_loss":0.0,"damage_taken":0.0,"relics_obtained":["Gremlin Horn"]},{"damage_healed":0.0,"max_hp_gain":5.0,"max_hp_loss":0.0,"gold_gain":0.0,"event_name":"Forgotten Altar","player_choice":"Shed Blood","floor":29.0,"gold_loss":0.0,"damage_taken":21.0},{"damage_healed":0.0,"max_hp_gain":0.0,"max_hp_loss":0.0,"gold_gain":0.0,"event_name":"Tomb of Lord Red Mask","player_choice":"Paid","floor":36.0,"gold_loss":139.0,"damage_taken":0.0,"relics_obtained":["Red Mask"]},{"damage_healed":0,"gold_gain":0,"player_choice":"Upgraded","damage_taken":0,"max_hp_gain":0,"max_hp_loss":0,"event_name":"Upgrade Shrine","floor":45,"gold_loss":0,"cards_upgraded":["Electrodynamics"]}],"is_beta":false,"boss_relics":[{"not_picked":["Black Star","Inserter"],"picked":"Nuclear Battery"},{"not_picked":["FrozenCore","Runic Dome"],"picked":"Cursed Key"}],"items_purged_floors":[31],"is_endless":false,"potions_floor_spawned":[4,5,12,16,22,23,28,33,35,46,48],"killed_by":"Donu and Deca","ascension_level":6}