{"gold_per_floor":[119,136,136,136,136,176,176,192,192,15,39,78,96,112,112,240,240,258,258,253,266,266],"floor_reached":22,"playtime":959,"items_purged":[],"score":245,"play_id":"530daf0e-55e9-4672-a8bf-a6ce4d15464a","local_time":"20190319014112","is_ascension_mode":true,"campfire_choices":[{"data":"Tactician","floor":7,"key":"SMITH"},{"floor":15,"key":"REST"}],"neow_cost":"NONE","seed_source_timestamp":424658167777262,"circlet_count":0,"master_deck":["Defend_G","Defend_G","Defend_G","Strike_G","Strike_G","Strike_G","Strike_G","Survivor","Neutralize","Tactician+1","Escape Plan","Acrobatics","Backflip","Backflip","Deadly Poison","Calculated Gamble","PiercingWail","Bouncing Flask","Wraith Form v2","Poisoned Stab","Leg Sweep+1","Flying Knee"],"relics":["Ring of the Snake","NeowsBlessing","Golden Idol","Bird Faced Urn","Peace Pipe","Happy Flower","Omamori","White Beast Statue"],"potions_floor_usage":[6,12,12,16,20,22,22],"damage_taken":[{"damage":0,"enemies":"Cultist","floor":1,"turns":1},{"damage":0,"enemies":"Jaw Worm","floor":2,"turns":1},{"damage":0,"enemies":"3 Sentries","floor":6,"turns":1},{"damage":5,"enemies":"Small Slimes","floor":8,"turns":4},{"damage":3,"enemies":"Looter","floor":11,"turns":4},{"damage":12,"enemies":"Lagavulin","floor":12,"turns":5},{"damage":4,"enemies":"Blue Slaver","floor":13,"turns":3},{"damage":10,"enemies":"Exordium Wildlife","floor":14,"turns":4},{"damage":8,"enemies":"The Guardian","floor":16,"turns":8},{"damage":18,"enemies":"Shell Parasite","floor":18,"turns":5},{"damage":11,"enemies":"2 Thieves","floor":20,"turns":4},{"damage":24,"enemies":"Snake Plant","floor":21,"turns":5},{"damage":27,"enemies":"Cultist and Chosen","floor":22,"turns":9}],"seed_played":"883081064268357520","potions_obtained":[{"floor":6,"key":"Fruit Juice"},{"floor":8,"key":"Strength Potion"},{"floor":11,"key":"Poison Potion"},{"floor":14,"key":"Block Potion"},{"floor":18,"key":"FearPotion"},{"floor":20,"key":"Explosive Potion"},{"floor":21,"key":"Block Potion"}],"is_trial":false,"path_per_floor":["M","M","?","?","?","E","R","M","T","$","M","E","M","M","R","B",null,"M","?","M","M","M"],"character_chosen":"THE_SILENT","items_purchased":["Happy Flower","Deadly Poison"],"campfire_rested":1,"item_purchase_floors":[10,10],"current_hp_per_floor":[70,70,63,63,46,51,51,46,46,46,43,31,27,17,39,31,75,57,57,46,22,0],"gold":266,"neow_bonus":"THREE_ENEMY_KILL","is_prod":false,"is_daily":false,"chose_seed":false,"campfire_upgraded":1,"win_rate":0,"timestamp":1552927272,"path_taken":["M","?","?","?","?","E","R","M","T","?","M","E","M","M","R","BOSS","M","?","?","M","M"],"build_version":"2019-01-23","purchased_purges":0,"victory":false,"max_hp_per_floor":[70,70,70,70,70,75,75,75,75,75,75,75,75,75,75,75,75,75,75,75,75,75],"card_choices":[{"not_picked":["Dagger Spray","Bane"],"picked":"Tactician","floor":1},{"not_picked":["Flechettes","Backflip"],"picked":"Escape Plan","floor":2},{"not_picked":["Blur","Acrobatics"],"picked":"Backflip","floor":6},{"not_picked":["Flechettes","Prepared"],"picked":"Backflip","floor":8},{"not_picked":["Flechettes","Outmaneuver"],"picked":"Calculated Gamble","floor":11},{"not_picked":["After Image","Eviscerate","Caltrops"],"picked":"SKIP","floor":12},{"not_picked":["Dagger Throw","Backflip"],"picked":"PiercingWail","floor":13},{"not_picked":["Outmaneuver","Masterful Stab"],"picked":"Bouncing Flask","floor":14},{"not_picked":["Grand Finale","Bullet Time"],"picked":"Wraith Form v2","floor":16},{"not_picked":["Caltrops","Quick Slash"],"picked":"Poisoned Stab","floor":18},{"not_picked":["Predator","Prepared"],"picked":"Leg Sweep+1","floor":20},{"not_picked":["Underhanded Strike","Acrobatics"],"picked":"Flying Knee","floor":21}],"player_experience":566984,"relics_obtained":[{"floor":6,"key":"Bird Faced Urn"},{"floor":9,"key":"Peace Pipe"},{"floor":12,"key":"Omamori"}],"event_choices":[{"cards_removed":["Defend_G"],"damage_healed":0,"gold_gain":0,"player_choice":"Card Removal","damage_taken":7,"max_hp_gain":0,"max_hp_loss":0,"event_name":"Golden Wing","floor":3,"gold_loss":0},{"damage_healed":0,"gold_gain":0,"cards_transformed":["Strike_G"],"player_choice":"Change","damage_taken":0,"max_hp_gain":0,"max_hp_loss":0,"event_name":"Living Wall","floor":4,"gold_loss":0,"cards_obtained":["Acrobatics"]},{"damage_healed":0,"gold_gain":0,"player_choice":"Take Damage","damage_taken":17,"relics_obtained":["Golden Idol"],"max_hp_gain":0,"max_hp_loss":0,"event_name":"Golden Idol","floor":5,"gold_loss":0},{"cards_removed":["Defend_G"],"damage_healed":0,"gold_gain":0,"player_choice":"Offered Basic","damage_taken":0,"max_hp_gain":0,"max_hp_loss":0,"event_name":"Bonfire Elementals","floor":19,"gold_loss":0}],"is_beta":false,"boss_relics":[{"not_picked":["Runic Pyramid","Ectoplasm"],"picked":"White Beast Statue"}],"items_purged_floors":[],"is_endless":false,"potions_floor_spawned":[6,8,11,14,18,20,21],"killed_by":"Cultist and Chosen","ascension_level":2}