{"gold_per_floor":[109,125,141,159,174,204,204,238,263,279,454,472,16,27,27,130,130,140,140,140,55,67,67,67,100,100,100,115,126,153,173,173,277,277,291,391,402,143,161,161,192,192,192,222,232,232,263,43,43,43],"floor_reached":51,"playtime":3906,"items_purged":["Doubt","Strike_G"],"score":970,"play_id":"6d7ec1bc-3430-422e-9355-ec3121ead2cb","local_time":"20190316180129","is_ascension_mode":true,"campfire_choices":[{"data":"Neutralize","floor":7,"key":"SMITH"},{"floor":15,"key":"REST"},{"data":"Footwork","floor":24,"key":"SMITH"},{"data":"After Image","floor":27,"key":"SMITH"},{"data":"Infinite Blades","floor":32,"key":"SMITH"},{"data":"Infinite Blades","floor":40,"key":"SMITH"},{"data":"1","floor":42,"key":"LIFT"},{"data":"2","floor":46,"key":"LIFT"},{"data":"3","floor":49,"key":"LIFT"}],"neow_cost":"NONE","seed_source_timestamp":263959153447175,"circlet_count":0,"master_deck":["Defend_G","Defend_G","Defend_G","Defend_G","Defend_G","Strike_G","Strike_G","Strike_G+1","Strike_G","Survivor","Neutralize+1","Infinite Blades+1","Heel Hook","Underhanded Strike","Finisher","Finisher","Flying Knee","Escape Plan","Footwork+1","Cloak And Dagger","Infinite Blades+1","After Image+1","Finisher+1","Dagger Spray+1","Well Laid Plans","Writhe","Cloak And Dagger+1","Adrenaline","Escape Plan","Quick Slash+1","Finisher","Sucker Punch+1","Crippling Poison+1","Backflip+1","Blur+1"],"relics":["Ring of the Snake","Bag of Preparation","Dead Branch","Juzu Bracelet","Prayer Wheel","Philosopher\u0027s Stone","MutagenicStrength","Bronze Scales","Pen Nib","Bag of Marbles","Whetstone","Mummified Hand","Meat on the Bone","Busted Crown","FossilizedHelix","Ornamental Fan","Girya","Toxic Egg 2","Mango","Bottled Flame"],"potions_floor_usage":[5,8,10,16,25,29,50,50],"damage_taken":[{"damage":1,"enemies":"2 Louse","floor":1,"turns":4},{"damage":3,"enemies":"Small Slimes","floor":2,"turns":6},{"damage":0,"enemies":"Cultist","floor":3,"turns":4},{"damage":8,"enemies":"Large Slime","floor":4,"turns":8},{"damage":9,"enemies":"2 Fungi Beasts","floor":5,"turns":4},{"damage":24,"enemies":"Gremlin Nob","floor":6,"turns":4},{"damage":27,"enemies":"3 Sentries","floor":8,"turns":8},{"damage":9,"enemies":"Red Slaver","floor":10,"turns":5},{"damage":11,"enemies":"Looter","floor":12,"turns":3},{"damage":0,"enemies":"Large Slime","floor":14,"turns":3},{"damage":7,"enemies":"The Guardian","floor":16,"turns":8},{"damage":23,"enemies":"3 Byrds","floor":18,"turns":6},{"damage":2,"enemies":"Spheric Guardian","floor":22,"turns":3},{"damage":6,"enemies":"Gremlin Leader","floor":25,"turns":4},{"damage":0,"enemies":"Snake Plant","floor":28,"turns":1},{"damage":4,"enemies":"Shelled Parasite and Fungi","floor":29,"turns":3},{"damage":10,"enemies":"Book of Stabbing","floor":30,"turns":4},{"damage":0,"enemies":"Centurion and Healer","floor":31,"turns":3},{"damage":16,"enemies":"Automaton","floor":33,"turns":10},{"damage":11,"enemies":"3 Shapes","floor":35,"turns":2},{"damage":0,"enemies":"Mind Bloom Boss Battle","floor":36,"turns":3},{"damage":0,"enemies":"Orb Walker","floor":37,"turns":1},{"damage":0,"enemies":"Jaw Worm Horde","floor":39,"turns":2},{"damage":0,"enemies":"Reptomancer","floor":41,"turns":4},{"damage":0,"enemies":"Giant Head","floor":44,"turns":5},{"damage":0,"enemies":"Writhing Mass","floor":45,"turns":3},{"damage":0,"enemies":"Reptomancer","floor":47,"turns":2},{"damage":13,"enemies":"Time Eater","floor":50,"turns":5}],"seed_played":"7372653911387638826","potions_obtained":[{"floor":1,"key":"LiquidBronze"},{"floor":3,"key":"Regen Potion"},{"floor":8,"key":"Regen Potion"},{"floor":12,"key":"Strength Potion"},{"floor":16,"key":"Poison Potion"},{"floor":22,"key":"PowerPotion"},{"floor":25,"key":"Regen Potion"},{"floor":30,"key":"EssenceOfSteel"},{"floor":31,"key":"LiquidBronze"},{"floor":33,"key":"Ancient Potion"},{"floor":35,"key":"Dexterity Potion"}],"is_trial":false,"path_per_floor":["M","M","M","M","M","E","R","E","T","M","?","M","$","M","R","B",null,"M","?","?","?","M","?","R","E","T","R","M","M","E","M","R","B",null,"M","?","M","$","M","R","E","R","T","E","M","R","E","$","R","B",null],"character_chosen":"THE_SILENT","items_purchased":["Prayer Wheel","Footwork","Ornamental Fan","Backflip+1","Blur+1"],"campfire_rested":1,"item_purchase_floors":[13,13,38,48,48],"current_hp_per_floor":[76,73,73,65,68,44,44,17,17,20,20,9,9,9,32,25,77,54,54,54,54,52,52,52,46,46,46,46,54,44,44,44,40,77,66,66,66,66,66,66,66,66,66,80,80,80,80,80,80,67],"gold":43,"neow_bonus":"TEN_PERCENT_HP_BONUS","is_prod":false,"is_daily":false,"chose_seed":false,"campfire_upgraded":5,"win_rate":0,"timestamp":1552773689,"path_taken":["M","M","M","M","M","E","R","E","T","M","?","M","$","M","R","BOSS","M","?","?","?","M","?","R","E","T","R","M","M","E","M","R","BOSS","M","?","M","$","M","R","E","R","T","E","M","R","E","$","R","BOSS"],"build_version":"2019-01-23","purchased_purges":2,"victory":true,"max_hp_per_floor":[77,77,77,77,77,77,77,77,77,77,77,77,77,77,77,77,77,77,77,77,77,77,77,77,77,77,77,77,77,77,77,77,77,77,77,77,77,77,77,77,77,77,77,91,91,91,91,91,91,91],"card_choices":[{"not_picked":["Caltrops","Dagger Spray"],"picked":"Infinite Blades","floor":1},{"not_picked":["Prepared","Dagger Throw"],"picked":"Heel Hook","floor":2},{"not_picked":["Slice","Dagger Spray"],"picked":"Underhanded Strike","floor":3},{"not_picked":["Outmaneuver","Acrobatics","Prepared"],"picked":"SKIP","floor":4},{"not_picked":["Acrobatics","Flying Knee"],"picked":"Finisher","floor":5},{"not_picked":["Quick Slash","Backflip"],"picked":"Finisher","floor":6},{"not_picked":["Storm of Steel","Dagger Throw"],"picked":"Flying Knee","floor":8},{"not_picked":["Cloak And Dagger","Quick Slash"],"picked":"Escape Plan","floor":10},{"not_picked":["Dodge and Roll","Doppelganger","Dagger Throw"],"picked":"SKIP","floor":12},{"not_picked":["Deflect","Bane"],"picked":"Cloak And Dagger","floor":14},{"not_picked":["Blur","Dagger Spray"],"picked":"Infinite Blades","floor":14},{"not_picked":["Glass Knife","Grand Finale"],"picked":"After Image","floor":16},{"not_picked":["Distraction","Sucker Punch"],"picked":"Finisher","floor":18},{"not_picked":["All Out Attack","Setup","Bane"],"picked":"SKIP","floor":18},{"not_picked":["Slice","Prepared"],"picked":"Dagger Spray+1","floor":22},{"not_picked":["Dash","Dagger Throw"],"picked":"Well Laid Plans","floor":22},{"not_picked":["Quick Slash","Heel Hook","Crippling Poison"],"picked":"SKIP","floor":25},{"not_picked":["Dodge and Roll","Crippling Poison+1","Prepared"],"picked":"SKIP","floor":28},{"not_picked":["Underhanded Strike","Night Terror","Dagger Throw"],"picked":"SKIP","floor":28},{"not_picked":["Cloak And Dagger","Deflect","Dagger Throw"],"picked":"SKIP","floor":29},{"not_picked":["Concentrate","Dodge and Roll","Prepared"],"picked":"SKIP","floor":29},{"not_picked":["Underhanded Strike","Acrobatics","Heel Hook"],"picked":"SKIP","floor":30},{"not_picked":["Prepared","Caltrops"],"picked":"Cloak And Dagger+1","floor":31},{"not_picked":["Slice","Poisoned Stab+1","Flying Knee+1"],"picked":"SKIP","floor":31},{"not_picked":["Storm of Steel","Unload"],"picked":"Adrenaline","floor":33},{"not_picked":[],"picked":"Escape Plan","floor":35},{"not_picked":["Bane"],"picked":"SKIP","floor":35},{"not_picked":[],"picked":"Quick Slash+1","floor":37},{"not_picked":["Outmaneuver+1"],"picked":"SKIP","floor":37},{"not_picked":["Dodge and Roll"],"picked":"SKIP","floor":39},{"not_picked":["Dagger Throw"],"picked":"SKIP","floor":39},{"not_picked":["Well Laid Plans"],"picked":"SKIP","floor":41},{"not_picked":["Well Laid Plans"],"picked":"SKIP","floor":41},{"not_picked":["Calculated Gamble+1"],"picked":"SKIP","floor":44},{"not_picked":[],"picked":"Finisher","floor":45},{"not_picked":[],"picked":"Sucker Punch+1","floor":45},{"not_picked":[],"picked":"Crippling Poison+1","floor":47}],"player_experience":193029,"relics_obtained":[{"floor":6,"key":"Bag of Preparation"},{"floor":8,"key":"Dead Branch"},{"floor":9,"key":"Juzu Bracelet"},{"floor":25,"key":"Whetstone"},{"floor":26,"key":"Mummified Hand"},{"floor":30,"key":"Meat on the Bone"},{"floor":36,"key":"FossilizedHelix"},{"floor":41,"key":"Girya"},{"floor":43,"key":"Toxic Egg 2"},{"floor":44,"key":"Mango"},{"floor":47,"key":"Bottled Flame"}],"event_choices":[{"damage_healed":0,"gold_gain":175,"player_choice":"AGREE","damage_taken":0,"max_hp_gain":0,"max_hp_loss":0,"event_name":"Liars Game","floor":11,"gold_loss":0,"cards_obtained":["Doubt"]},{"damage_healed":0,"gold_gain":0,"player_choice":"Inject Mutagens","damage_taken":0,"relics_obtained":["MutagenicStrength"],"max_hp_gain":0,"max_hp_loss":0,"event_name":"Drug Dealer","floor":19,"gold_loss":0},{"damage_healed":0,"gold_gain":0,"player_choice":"Gave Potion","damage_taken":0,"relics_obtained":["Bronze Scales"],"max_hp_gain":0,"max_hp_loss":0,"event_name":"WeMeetAgain","floor":20,"gold_loss":0},{"damage_healed":0,"gold_gain":0,"player_choice":"Obtained Relic","damage_taken":0,"relics_obtained":["Pen Nib"],"max_hp_gain":0,"max_hp_loss":0,"event_name":"Addict","floor":21,"gold_loss":85},{"damage_healed":0,"gold_gain":0,"player_choice":"Opened","damage_taken":0,"relics_obtained":["Bag of Marbles"],"max_hp_gain":0,"max_hp_loss":0,"event_name":"The Mausoleum","floor":23,"gold_loss":0,"cards_obtained":["Writhe"]},{"damage_healed":0,"gold_gain":0,"player_choice":"Fight","damage_taken":0,"max_hp_gain":0,"max_hp_loss":0,"event_name":"MindBloom","floor":36,"gold_loss":0}],"is_beta":false,"boss_relics":[{"not_picked":["Tiny House","Snecko Eye"],"picked":"Philosopher\u0027s Stone"},{"not_picked":["Velvet Choker","Ring of the Serpent"],"picked":"Busted Crown"}],"items_purged_floors":[13,48],"is_endless":false,"potions_floor_spawned":[1,3,8,12,16,22,25,30,31,33,35,44,45,47],"ascension_level":2}