{"gold_per_floor":[110,110,121,121,136,136,164,176,176,176,190,250,284,296,296,395,395,415,78,97,114,126,152,34,34,34,69,102,120,136,152,152,250,250,266,284,298,63,81,81,116,129,153,180,191,191,291,304,304,304],"floor_reached":51,"playtime":5108,"items_purged":["Strike_R"],"score":842,"play_id":"c28f5a6a-65f0-4988-9a89-1598835355e6","local_time":"20190309022018","is_ascension_mode":true,"campfire_choices":[{"data":"Armaments","floor":6,"key":"SMITH"},{"data":"Armaments","floor":10,"key":"SMITH"},{"floor":15,"key":"REST"},{"data":"Feel No Pain","floor":25,"key":"SMITH"},{"data":"Fiend Fire","floor":32,"key":"SMITH"},{"data":"Shockwave","floor":40,"key":"SMITH"},{"data":"True Grit","floor":46,"key":"SMITH"},{"floor":49,"key":"DIG"}],"neow_cost":"NONE","seed_source_timestamp":4362764000224,"circlet_count":0,"master_deck":["Strike_R+1","Strike_R","Strike_R","Strike_R","Defend_R+1","Defend_R+1","Defend_R","Defend_R","Bash","Armaments+1","Dropkick","Inflame","Armaments+1","Clash+1","True Grit+1","Impervious","Feel No Pain+1","Fiend Fire+1","Burning Pact+1","Shockwave+1","Sentinel+1","Rage+1","Burning Pact+1","True Grit+1","Thunderclap","Battle Trance+1","Warcry+1","Reaper","Pommel Strike+1","Havoc+1","Dropkick"],"relics":["Burning Blood","The Courier","Dead Branch","Charon\u0027s Ashes","Ornamental Fan","Bronze Scales","Philosopher\u0027s Stone","Gremlin Horn","Bag of Marbles","Omamori","War Paint","Paper Frog","Red Mask","Blood Vial","Busted Crown","PreservedInsect","Whetstone","Dream Catcher","Bottled Flame","Shovel","Happy Flower"],"potions_floor_usage":[7,12,13,22,27,33,33,44,50,50],"damage_taken":[{"damage":1,"enemies":"Cultist","floor":1,"turns":3},{"damage":4,"enemies":"Jaw Worm","floor":3,"turns":5},{"damage":0,"enemies":"2 Louse","floor":5,"turns":4},{"damage":32,"enemies":"3 Sentries","floor":7,"turns":9},{"damage":0,"enemies":"2 Fungi Beasts","floor":8,"turns":4},{"damage":5,"enemies":"Blue Slaver","floor":11,"turns":3},{"damage":14,"enemies":"Gremlin Nob","floor":12,"turns":3},{"damage":19,"enemies":"Lagavulin","floor":13,"turns":7},{"damage":0,"enemies":"3 Louse","floor":14,"turns":3},{"damage":16,"enemies":"Slime Boss","floor":16,"turns":12},{"damage":11,"enemies":"2 Thieves","floor":18,"turns":3},{"damage":0,"enemies":"Shell Parasite","floor":20,"turns":5},{"damage":16,"enemies":"Centurion and Healer","floor":21,"turns":5},{"damage":4,"enemies":"Snecko","floor":22,"turns":6},{"damage":8,"enemies":"Book of Stabbing","floor":23,"turns":4},{"damage":0,"enemies":"Masked Bandits","floor":27,"turns":1},{"damage":8,"enemies":"Slavers","floor":28,"turns":4},{"damage":10,"enemies":"Snake Plant","floor":29,"turns":4},{"damage":6,"enemies":"Cultist and Chosen","floor":30,"turns":2},{"damage":0,"enemies":"Shelled Parasite and Fungi","floor":31,"turns":3},{"damage":16,"enemies":"Automaton","floor":33,"turns":5},{"damage":6,"enemies":"3 Shapes","floor":35,"turns":3},{"damage":2,"enemies":"3 Darklings","floor":36,"turns":4},{"damage":0,"enemies":"Jaw Worm Horde","floor":37,"turns":3},{"damage":2,"enemies":"4 Shapes","floor":39,"turns":3},{"damage":0,"enemies":"Reptomancer","floor":41,"turns":1},{"damage":4,"enemies":"3 Darklings","floor":42,"turns":3},{"damage":0,"enemies":"Giant Head","floor":44,"turns":4},{"damage":6,"enemies":"Writhing Mass","floor":45,"turns":4},{"damage":0,"enemies":"Mind Bloom Boss Battle","floor":47,"turns":5},{"damage":0,"enemies":"4 Shapes","floor":48,"turns":3},{"damage":51,"enemies":"Time Eater","floor":50,"turns":9}],"seed_played":"894336978461985003","potions_obtained":[{"floor":1,"key":"Swift Potion"},{"floor":5,"key":"Strength Potion"},{"floor":11,"key":"GamblersBrew"},{"floor":14,"key":"Explosive Potion"},{"floor":18,"key":"Energy Potion"},{"floor":20,"key":"SteroidPotion"},{"floor":28,"key":"Poison Potion"},{"floor":30,"key":"Poison Potion"},{"floor":35,"key":"Block Potion"},{"floor":37,"key":"Energy Potion"},{"floor":47,"key":"Poison Potion"},{"floor":48,"key":"EssenceOfSteel"}],"is_trial":false,"path_per_floor":["M","?","M","?","M","R","E","M","T","R","M","?","E","M","R","B",null,"M","$","M","M","M","E","$","R","T","?","E","M","M","M","R","B",null,"M","M","M","$","M","R","E","M","T","E","M","R","?","M","R","B",null],"character_chosen":"IRONCLAD","items_purchased":["Gremlin Horn","Bag of Marbles","Shockwave","War Paint","Dropkick","PreservedInsect"],"campfire_rested":1,"item_purchase_floors":[19,19,19,24,38,38],"current_hp_per_floor":[80,68,70,54,60,60,34,40,40,40,41,33,20,26,50,40,80,75,75,80,70,72,70,70,70,70,76,74,72,74,80,80,70,80,80,80,80,80,80,80,80,80,80,80,80,80,80,80,80,44],"gold":304,"neow_bonus":"THREE_CARDS","is_prod":false,"is_daily":false,"chose_seed":false,"campfire_upgraded":6,"win_rate":0,"timestamp":1552116018,"path_taken":["M","?","M","?","M","R","E","M","T","R","M","?","E","M","R","BOSS","M","$","M","M","M","E","$","R","T","?","E","M","M","M","R","BOSS","M","M","M","$","M","R","E","M","T","E","M","R","?","M","R","BOSS"],"build_version":"2019-01-23","purchased_purges":1,"victory":true,"max_hp_per_floor":[80,80,80,80,80,80,80,80,80,80,80,80,80,80,80,80,80,80,80,80,80,80,80,80,80,80,80,80,80,80,80,80,80,80,80,80,80,80,80,80,80,80,80,80,80,80,80,80,80,80],"card_choices":[{"not_picked":["Body Slam","Bloodletting"],"picked":"Armaments","floor":0},{"not_picked":["Corruption","Intimidate"],"picked":"Dropkick","floor":1},{"not_picked":["Shockwave","Blood for Blood"],"picked":"Inflame","floor":3},{"not_picked":["Clash","Blood for Blood"],"picked":"Armaments","floor":5},{"not_picked":["Rampage","Burning Pact"],"picked":"Clash","floor":7},{"not_picked":["Twin Strike","Metallicize","Anger"],"picked":"SKIP","floor":8},{"not_picked":["Dual Wield","Heavy Blade"],"picked":"True Grit","floor":11},{"not_picked":["Sword Boomerang","Clash"],"picked":"Impervious","floor":13},{"not_picked":["Shrug It Off","Sentinel"],"picked":"Feel No Pain","floor":14},{"not_picked":["Offering","Bludgeon"],"picked":"Fiend Fire","floor":16},{"not_picked":["Hemokinesis","Clothesline"],"picked":"Burning Pact","floor":18},{"not_picked":["Dropkick","Seeing Red"],"picked":"Sentinel+1","floor":20},{"not_picked":["Fire Breathing","Whirlwind"],"picked":"Rage+1","floor":21},{"not_picked":["Pommel Strike","Perfected Strike"],"picked":"Burning Pact+1","floor":22},{"not_picked":["Iron Wave","Whirlwind"],"picked":"True Grit","floor":23},{"not_picked":["Fiend Fire","Pommel Strike"],"picked":"Thunderclap","floor":27},{"not_picked":["Armaments","Sentinel"],"picked":"Battle Trance+1","floor":28},{"not_picked":["Sever Soul","Pommel Strike","True Grit"],"picked":"SKIP","floor":29},{"not_picked":["Fiend Fire","Sentinel"],"picked":"Warcry+1","floor":30},{"not_picked":["Corruption","Pommel Strike","Sword Boomerang+1"],"picked":"SKIP","floor":31},{"not_picked":["Demon Form","Juggernaut"],"picked":"Reaper","floor":33},{"not_picked":["Iron Wave"],"picked":"SKIP","floor":35},{"not_picked":[],"picked":"Pommel Strike+1","floor":36},{"not_picked":[],"picked":"Havoc+1","floor":37},{"not_picked":["Cleave+1"],"picked":"SKIP","floor":39},{"not_picked":["Rage"],"picked":"SKIP","floor":41},{"not_picked":["Clothesline"],"picked":"SKIP","floor":42},{"not_picked":["Pommel Strike"],"picked":"SKIP","floor":44},{"not_picked":["Bloodletting"],"picked":"SKIP","floor":45},{"not_picked":["Anger+1"],"picked":"SKIP","floor":48}],"player_experience":181234,"relics_obtained":[{"floor":7,"key":"Dead Branch"},{"floor":9,"key":"Charon\u0027s Ashes"},{"floor":12,"key":"Ornamental Fan"},{"floor":13,"key":"Bronze Scales"},{"floor":23,"key":"Omamori"},{"floor":26,"key":"Paper Frog"},{"floor":27,"key":"Red Mask"},{"floor":28,"key":"Blood Vial"},{"floor":41,"key":"Whetstone"},{"floor":43,"key":"Dream Catcher"},{"floor":44,"key":"Bottled Flame"},{"floor":47,"key":"Shovel"},{"floor":49,"key":"Happy Flower"}],"event_choices":[{"damage_healed":0,"gold_gain":0,"player_choice":"Success","damage_taken":12,"relics_obtained":["The Courier"],"max_hp_gain":0,"max_hp_loss":0,"event_name":"Scrap Ooze","floor":2,"gold_loss":0},{"damage_healed":0,"gold_gain":0,"player_choice":"Entered Light","damage_taken":16,"max_hp_gain":0,"max_hp_loss":0,"event_name":"Shining Light","floor":4,"gold_loss":0,"cards_upgraded":["Defend_R","Defend_R"]},{"damage_healed":0,"gold_gain":30,"player_choice":"Searched \u00273\u0027 times","damage_taken":0,"max_hp_gain":0,"max_hp_loss":0,"event_name":"Dead Adventurer","floor":12,"gold_loss":0},{"damage_healed":0,"gold_gain":0,"player_choice":"Fought Bandits","damage_taken":0,"max_hp_gain":0,"max_hp_loss":0,"event_name":"Masked Bandits","floor":27,"gold_loss":0},{"damage_healed":0,"gold_gain":0,"player_choice":"Fight","damage_taken":0,"max_hp_gain":0,"max_hp_loss":0,"event_name":"MindBloom","floor":47,"gold_loss":0}],"is_beta":false,"boss_relics":[{"not_picked":["Calling Bell","Lizard Tail"],"picked":"Philosopher\u0027s Stone"},{"not_picked":["Mark of Pain","White Beast Statue"],"picked":"Busted Crown"}],"items_purged_floors":[38],"is_endless":false,"potions_floor_spawned":[1,5,11,14,18,20,28,30,35,37,42,47,48],"ascension_level":2}