{"gold_per_floor":[110,110,121,50,60,120,120,134,134,144,29,83,83,112,112,208,208,227,247,263,280,293,293,218,218,218,218],"floor_reached":27,"playtime":1229,"items_purged":["Strike_B"],"score":225,"play_id":"70e2760e-e915-4095-acc6-ab6384253986","local_time":"20190316140835","is_ascension_mode":false,"campfire_choices":[{"data":"Genetic Algorithm","floor":7,"key":"SMITH"},{"data":"Zap","floor":13,"key":"SMITH"},{"data":"Consume","floor":15,"key":"SMITH"},{"data":"Biased Cognition","floor":23,"key":"SMITH"},{"floor":25,"key":"RECALL"}],"neow_cost":"NONE","seed_source_timestamp":267656927216367,"circlet_count":0,"master_deck":["Strike_B","Defend_B","Defend_B","Defend_B","Defend_B","Zap+1","Dualcast","Conserve Battery","Streamline","Finesse","Genetic Algorithm+1","Consume+1","Coolheaded","Ball Lightning","Self Repair","Biased Cognition+1","Core Surge","Stack+1","Recycle","Static Discharge"],"relics":["Cracked Core","Tiny Chest","Singing Bowl","Cursed Key"],"potions_floor_usage":[6,14,14,20],"damage_taken":[{"damage":1,"enemies":"Jaw Worm","floor":1,"turns":3},{"damage":0,"enemies":"Cultist","floor":3,"turns":3},{"damage":0,"enemies":"2 Louse","floor":5,"turns":2},{"damage":19,"enemies":"3 Sentries","floor":6,"turns":4},{"damage":6,"enemies":"Exordium Thugs","floor":8,"turns":5},{"damage":0,"enemies":"Exordium Wildlife","floor":10,"turns":3},{"damage":1,"enemies":"Lagavulin","floor":14,"turns":5},{"damage":14,"enemies":"The Guardian","floor":16,"turns":13},{"damage":8,"enemies":"2 Thieves","floor":18,"turns":5},{"damage":14,"enemies":"Spheric Guardian","floor":19,"turns":5},{"damage":8,"enemies":"Shelled Parasite and Fungi","floor":20,"turns":7},{"damage":15,"enemies":"Snake Plant","floor":21,"turns":4},{"damage":29,"enemies":"Centurion and Healer","floor":22,"turns":11},{"damage":40,"enemies":"Gremlin Leader","floor":27,"turns":7}],"seed_played":"1201771854107815855","potions_obtained":[{"floor":1,"key":"PowerPotion"},{"floor":5,"key":"Dexterity Potion"},{"floor":8,"key":"Strength Potion"},{"floor":10,"key":"Energy Potion"},{"floor":19,"key":"Block Potion"},{"floor":20,"key":"FairyPotion"}],"is_trial":false,"path_per_floor":["M","?","M","$","M","E","R","M","T","M","$","?","R","E","R","B",null,"M","M","M","M","M","R","?","R","T","E"],"character_chosen":"DEFECT","items_purchased":["Consume","Self Repair"],"campfire_rested":0,"item_purchase_floors":[4,11],"current_hp_per_floor":[74,74,74,74,74,55,55,49,49,49,49,49,49,55,55,48,75,69,62,61,48,26,26,26,26,26,0],"gold":218,"neow_bonus":"REMOVE_CARD","is_prod":false,"is_daily":false,"chose_seed":false,"campfire_upgraded":4,"win_rate":0,"timestamp":1552770515,"path_taken":["M","?","?","$","M","E","R","M","T","M","$","?","R","E","R","BOSS","M","M","M","M","M","R","?","R","T","E"],"build_version":"2019-01-23","purchased_purges":1,"victory":false,"max_hp_per_floor":[75,75,75,75,75,75,75,75,75,75,75,75,75,75,75,75,75,77,77,77,79,79,79,79,79,79,79],"card_choices":[{"not_picked":["Undo","Steam"],"picked":"Conserve Battery","floor":1},{"not_picked":["Turbo","Tempest"],"picked":"Genetic Algorithm","floor":3},{"not_picked":["Scrape","Gash"],"picked":"Coolheaded","floor":5},{"not_picked":["Turbo","Hologram","Steam"],"picked":"SKIP","floor":6},{"not_picked":["Rebound","Chaos"],"picked":"Ball Lightning","floor":8},{"not_picked":["Steam","Redo","Darkness"],"picked":"SKIP","floor":10},{"not_picked":["Undo","Turbo"],"picked":"Biased Cognition","floor":14},{"not_picked":["Seek","Rainbow"],"picked":"Core Surge","floor":16},{"not_picked":["Coolheaded","Steam","Ball Lightning"],"picked":"Singing Bowl","floor":18},{"not_picked":["Darkness","Consume"],"picked":"Stack+1","floor":19},{"not_picked":["Steam","Hyperbeam"],"picked":"Recycle","floor":20},{"not_picked":["Turbo+1","Doom and Gloom","Hello World"],"picked":"Singing Bowl","floor":21},{"not_picked":["Cold Snap","Barrage"],"picked":"Static Discharge","floor":22}],"player_experience":495638,"relics_obtained":[{"floor":6,"key":"Tiny Chest"},{"floor":14,"key":"Singing Bowl"}],"event_choices":[{"damage_healed":0,"gold_gain":0,"player_choice":"2 cards matched","damage_taken":0,"max_hp_gain":0,"max_hp_loss":0,"event_name":"Match and Keep!","floor":2,"gold_loss":0,"cards_obtained":["Streamline","Finesse"]},{"damage_healed":0,"gold_gain":54,"player_choice":"Gained Gold","damage_taken":0,"max_hp_gain":0,"max_hp_loss":0,"event_name":"Golden Wing","floor":12,"gold_loss":0},{"cards_removed":["Strike_B"],"damage_healed":0,"gold_gain":0,"player_choice":"Gave Gold","damage_taken":0,"max_hp_gain":0,"max_hp_loss":0,"event_name":"Beggar","floor":24,"gold_loss":75}],"is_beta":false,"boss_relics":[{"not_picked":["Lizard Tail","FrozenCore"],"picked":"Cursed Key"}],"items_purged_floors":[11],"is_endless":false,"potions_floor_spawned":[1,5,8,10,19,20],"killed_by":"Gremlin Leader","ascension_level":0}