{"gold_per_floor":[110,110,129,143,143,143,172,18,66,77,77,92,92,92,92,188,188,205,218,318,337,367,367,25,25,25,45,60,70,23,23,23,118,118,128,144,158,10,10,10,41,41,41,41,55,55,55,13,13,13],"floor_reached":51,"playtime":2048,"items_purged":["Strike_B","Strike_B"],"score":700,"play_id":"b28ceabd-efb7-4c10-9fa0-1b8f94829d42","local_time":"20190309140417","is_ascension_mode":false,"campfire_choices":[{"data":"Zap","floor":6,"key":"SMITH"},{"data":"Dualcast","floor":13,"key":"SMITH"},{"data":"BootSequence","floor":15,"key":"SMITH"},{"data":"Electrodynamics","floor":23,"key":"SMITH"},{"data":"Storm","floor":25,"key":"SMITH"},{"data":"Leap","floor":32,"key":"SMITH"},{"data":"Electrodynamics","floor":40,"key":"SMITH"},{"data":"BootSequence","floor":42,"key":"SMITH"},{"floor":49,"key":"REST"}],"neow_cost":"NONE","seed_source_timestamp":149458391895807,"circlet_count":0,"master_deck":["Strike_B","Strike_B+1","Defend_B","Defend_B","Defend_B","Defend_B","Zap+1","Dualcast+1","Ball Lightning","Ball Lightning+1","BootSequence+1","Undo","Storm+1","Electrodynamics+1","BootSequence+1","BootSequence","Tempest","Leap+1","Electrodynamics+1"],"relics":["Cracked Core","NeowsBlessing","Bag of Preparation","Art of War","Inserter","Dead Branch","Shuriken","Sundial","Pantograph","Nloth\u0027s Gift","Busted Crown","Happy Flower","The Courier","Gambling Chip","Gremlin Horn"],"potions_floor_usage":[3,7,27,27,33,41,45,50,50],"damage_taken":[{"damage":0,"enemies":"2 Louse","floor":1,"turns":1},{"damage":0,"enemies":"Cultist","floor":3,"turns":1},{"damage":0,"enemies":"Small Slimes","floor":4,"turns":1},{"damage":4,"enemies":"3 Sentries","floor":7,"turns":4},{"damage":0,"enemies":"Looter","floor":10,"turns":3},{"damage":0,"enemies":"Exordium Wildlife","floor":12,"turns":3},{"damage":8,"enemies":"Slime Boss","floor":16,"turns":8},{"damage":0,"enemies":"3 Byrds","floor":18,"turns":2},{"damage":13,"enemies":"Shell Parasite","floor":19,"turns":5},{"damage":0,"enemies":"Colosseum Slavers","floor":20,"turns":2},{"damage":0,"enemies":"Colosseum Nobs","floor":20,"turns":3},{"damage":9,"enemies":"Centurion and Healer","floor":21,"turns":5},{"damage":0,"enemies":"Masked Bandits","floor":22,"turns":2},{"damage":0,"enemies":"Shelled Parasite and Fungi","floor":27,"turns":3},{"damage":0,"enemies":"Cultist and Chosen","floor":28,"turns":4},{"damage":8,"enemies":"Snake Plant","floor":29,"turns":3},{"damage":67,"enemies":"Collector","floor":33,"turns":8},{"damage":2,"enemies":"3 Shapes","floor":35,"turns":2},{"damage":8,"enemies":"Orb Walker","floor":36,"turns":3},{"damage":1,"enemies":"Transient","floor":37,"turns":5},{"damage":23,"enemies":"Nemesis","floor":41,"turns":7},{"damage":15,"enemies":"Maw","floor":45,"turns":8},{"damage":47,"enemies":"Awakened One","floor":50,"turns":11}],"seed_played":"7351731051266753460","potions_obtained":[{"floor":2,"key":"Fruit Juice"},{"floor":2,"key":"SneckoOil"},{"floor":2,"key":"Fire Potion"},{"floor":4,"key":"Weak Potion"},{"floor":10,"key":"GamblersBrew"},{"floor":18,"key":"Poison Potion"},{"floor":27,"key":"GamblersBrew"},{"floor":28,"key":"Block Potion"},{"floor":33,"key":"Block Potion"},{"floor":35,"key":"Dexterity Potion"}],"is_trial":false,"path_per_floor":["M","?","M","M","?","R","E","$","T","M","?","M","R","$","R","B",null,"M","M","?","M","?","R","$","R","T","M","M","M","$","?","R","B",null,"M","M","M","$","?","R","E","R","T","$","M","T","?","$","R","B",null],"character_chosen":"DEFECT","items_purchased":["Storm","Sundial","Leap","Happy Flower","Swift Potion"],"campfire_rested":1,"item_purchase_floors":[8,24,30,38,48],"current_hp_per_floor":[75,75,80,80,64,64,60,60,60,60,65,65,65,65,65,57,85,85,72,72,63,63,63,63,63,63,63,63,55,55,55,55,13,85,83,75,74,74,74,74,51,51,51,51,36,36,36,36,61,38],"gold":13,"neow_bonus":"THREE_ENEMY_KILL","is_prod":false,"is_daily":false,"chose_seed":false,"campfire_upgraded":8,"win_rate":0,"timestamp":1552140257,"path_taken":["M","?","?","M","?","R","E","$","T","M","?","M","R","$","R","BOSS","M","M","?","M","?","R","?","R","T","M","?","M","$","?","R","BOSS","M","?","M","$","?","R","E","R","T","?","M","?","?","?","R","BOSS"],"build_version":"2019-01-23","purchased_purges":2,"victory":true,"max_hp_per_floor":[75,75,80,80,80,80,80,80,80,80,85,85,85,85,85,85,85,85,85,85,85,85,85,85,85,85,85,85,85,85,85,85,85,85,85,85,85,85,85,85,85,85,85,85,85,85,85,85,85,85],"card_choices":[{"not_picked":["Barrage","Compile Driver"],"picked":"Ball Lightning","floor":1},{"not_picked":["Hello World","Steam"],"picked":"Ball Lightning","floor":3},{"not_picked":["Rebound","Sweeping Beam"],"picked":"BootSequence","floor":4},{"not_picked":["Go for the Eyes","Chaos"],"picked":"Undo","floor":7},{"not_picked":["Redo","Chaos","Coolheaded"],"picked":"SKIP","floor":10},{"not_picked":["Lockon","Scrape","Coolheaded"],"picked":"SKIP","floor":12},{"not_picked":["Echo Form","Seek"],"picked":"Electrodynamics","floor":16},{"not_picked":["Redo","Compile Driver"],"picked":"BootSequence","floor":18},{"not_picked":["Redo","Aggregate","Compile Driver+1"],"picked":"SKIP","floor":19},{"not_picked":["Coolheaded+1","Barrage+1"],"picked":"BootSequence","floor":20},{"not_picked":["Ball Lightning","All For One"],"picked":"Tempest","floor":21},{"not_picked":["Rebound+1","Cold Snap","Gash"],"picked":"SKIP","floor":27},{"not_picked":["Hello World+1","Consume","Cold Snap"],"picked":"SKIP","floor":28},{"not_picked":["Ball Lightning+1","Consume","Barrage"],"picked":"SKIP","floor":29},{"not_picked":["Seek","Buffer"],"picked":"Electrodynamics","floor":33},{"not_picked":["Turbo"],"picked":"SKIP","floor":35},{"not_picked":["Barrage+1"],"picked":"SKIP","floor":36},{"not_picked":["Cold Snap+1"],"picked":"SKIP","floor":37},{"not_picked":["Reboot"],"picked":"SKIP","floor":41},{"not_picked":["Barrage"],"picked":"SKIP","floor":45}],"player_experience":86694,"relics_obtained":[{"floor":7,"key":"Bag of Preparation"},{"floor":9,"key":"Art of War"},{"floor":20,"key":"Dead Branch"},{"floor":20,"key":"Shuriken"},{"floor":22,"key":"Red Mask"},{"floor":26,"key":"Pantograph"},{"floor":41,"key":"The Courier"},{"floor":43,"key":"Gambling Chip"},{"floor":46,"key":"Gremlin Horn"}],"event_choices":[{"damage_healed":0,"gold_gain":0,"player_choice":"Got Potions","damage_taken":0,"max_hp_gain":0,"max_hp_loss":0,"event_name":"Lab","floor":2,"gold_loss":0},{"damage_healed":0,"gold_gain":0,"player_choice":"Entered Light","damage_taken":16,"max_hp_gain":0,"max_hp_loss":0,"event_name":"Shining Light","floor":5,"gold_loss":0,"cards_upgraded":["Strike_B","Ball Lightning"]},{"damage_healed":0,"gold_gain":0,"player_choice":"Donut","damage_taken":0,"max_hp_gain":5,"max_hp_loss":0,"event_name":"Big Fish","floor":11,"gold_loss":0},{"damage_healed":0,"gold_gain":0,"player_choice":"Fight","damage_taken":0,"max_hp_gain":0,"max_hp_loss":0,"event_name":"Colosseum","floor":20,"gold_loss":0},{"damage_healed":0,"gold_gain":0,"player_choice":"Fought Nobs","damage_taken":0,"max_hp_gain":0,"max_hp_loss":0,"event_name":"Colosseum","floor":20,"gold_loss":0},{"damage_healed":0,"gold_gain":0,"player_choice":"Fought Bandits","damage_taken":0,"max_hp_gain":0,"max_hp_loss":0,"event_name":"Masked Bandits","floor":22,"gold_loss":0},{"damage_healed":0,"gold_gain":0,"player_choice":"Traded Relic","damage_taken":0,"relics_obtained":["Nloth\u0027s Gift"],"max_hp_gain":0,"max_hp_loss":0,"event_name":"N\u0027loth","floor":31,"relics_lost":["Red Mask"],"gold_loss":0},{"damage_healed":0,"gold_gain":0,"player_choice":"0 cards matched","damage_taken":0,"max_hp_gain":0,"max_hp_loss":0,"event_name":"Match and Keep!","floor":39,"gold_loss":0,"cards_obtained":[]},{"damage_healed":0,"gold_gain":0,"player_choice":"Ignored","damage_taken":0,"max_hp_gain":0,"max_hp_loss":0,"event_name":"The Moai Head","floor":47,"gold_loss":0}],"is_beta":false,"boss_relics":[{"not_picked":["Orrery","Runic Pyramid"],"picked":"Inserter"},{"not_picked":["Runic Dome","Eternal Feather"],"picked":"Busted Crown"}],"items_purged_floors":[8,24],"is_endless":false,"potions_floor_spawned":[4,10,12,18,22,27,28,33,35,37],"ascension_level":0}