{"gold_per_floor":[115,127,42,42,42,42,57,88,88,88,117,117,128,157,157,229,229,249,249,260,260,260,288,288],"floor_reached":24,"playtime":760,"items_purged":[],"score":429,"play_id":"1abbd524-665c-4591-94d3-4d84ba6781dc","local_time":"20190309234849","is_ascension_mode":true,"campfire_choices":[{"data":"Zap","floor":6,"key":"SMITH"},{"floor":10,"key":"REST"},{"floor":12,"key":"REST"},{"floor":15,"key":"REST"}],"neow_cost":"NONE","seed_source_timestamp":707939507253300,"circlet_count":0,"master_deck":["AscendersBane","Strike_B","Strike_B","Strike_B+1","Defend_B","Defend_B","Defend_B","Defend_B","Zap+1","Dualcast","Sweeping Beam","Defragment+1","Conserve Battery","Tempest","Cold Snap","All For One","Loop+1"],"relics":["Cracked Core","Shuriken","Singing Bowl","Blood Vial","Emotion Chip","Runic Dome","MutagenicStrength","Omamori"],"potions_floor_usage":[8,13,14,16,24],"damage_taken":[{"damage":10,"enemies":"Small Slimes","floor":1,"turns":4},{"damage":0,"enemies":"2 Louse","floor":2,"turns":3},{"damage":7,"enemies":"Jaw Worm","floor":7,"turns":3},{"damage":34,"enemies":"Gremlin Nob","floor":8,"turns":5},{"damage":25,"enemies":"Lagavulin","floor":11,"turns":7},{"damage":12,"enemies":"Large Slime","floor":13,"turns":4},{"damage":23,"enemies":"3 Sentries","floor":14,"turns":4},{"damage":2,"enemies":"The Guardian","floor":16,"turns":9},{"damage":11,"enemies":"Spheric Guardian","floor":18,"turns":4},{"damage":21,"enemies":"2 Thieves","floor":20,"turns":3},{"damage":38,"enemies":"Book of Stabbing","floor":23,"turns":4},{"damage":13,"enemies":"Sentry and Sphere","floor":24,"turns":4}],"seed_played":"5389101851567173074","potions_obtained":[{"floor":7,"key":"AttackPotion"},{"floor":8,"key":"Explosive Potion"},{"floor":11,"key":"AttackPotion"},{"floor":14,"key":"FocusPotion"},{"floor":23,"key":"Block Potion"}],"is_trial":false,"path_per_floor":["M","M","$","?","?","R","M","E","T","R","E","R","M","E","R","B",null,"M","?","M","?","?","E","M"],"character_chosen":"DEFECT","items_purchased":["Defragment"],"campfire_rested":3,"item_purchase_floors":[3],"current_hp_per_floor":[61,61,61,38,64,64,57,23,23,46,21,44,36,15,39,39,70,61,61,44,44,44,10,0],"gold":288,"neow_bonus":"TEN_PERCENT_HP_BONUS","is_prod":false,"is_daily":false,"chose_seed":false,"campfire_upgraded":1,"win_rate":0,"timestamp":1552204129,"path_taken":["M","M","$","?","?","R","M","E","T","R","E","R","M","E","R","BOSS","M","?","M","?","?","E","?"],"build_version":"2019-01-23","purchased_purges":0,"victory":false,"max_hp_per_floor":[78,78,78,78,78,78,78,78,78,78,78,78,80,80,80,80,80,80,80,82,82,82,84,84],"card_choices":[{"not_picked":["Beam Cell","Reinforced Body"],"picked":"Sweeping Beam","floor":1},{"not_picked":["Streamline","Recycle","Undo"],"picked":"SKIP","floor":2},{"not_picked":["Consume","Streamline","Stack"],"picked":"SKIP","floor":7},{"not_picked":["Reprogram","Meteor Strike"],"picked":"Conserve Battery","floor":8},{"not_picked":["Blizzard","Steam"],"picked":"Tempest","floor":11},{"not_picked":["Hello World","Turbo","Genetic Algorithm"],"picked":"Singing Bowl","floor":13},{"not_picked":["Stack","Recycle"],"picked":"Cold Snap","floor":14},{"not_picked":["Rainbow","Thunder Strike"],"picked":"All For One","floor":16},{"not_picked":["Stack","Recycle"],"picked":"Loop+1","floor":18},{"not_picked":["Coolheaded","Conserve Battery","Beam Cell"],"picked":"Singing Bowl","floor":20},{"not_picked":["Hyperbeam","Barrage","Beam Cell"],"picked":"Singing Bowl","floor":23}],"player_experience":1248186,"relics_obtained":[{"floor":8,"key":"Shuriken"},{"floor":9,"key":"Singing Bowl"},{"floor":11,"key":"Blood Vial"},{"floor":14,"key":"Emotion Chip"},{"floor":23,"key":"Omamori"}],"event_choices":[{"damage_healed":0,"gold_gain":0,"player_choice":"Entered Light","damage_taken":23,"max_hp_gain":0,"max_hp_loss":0,"event_name":"Shining Light","floor":4,"gold_loss":0,"cards_upgraded":["Defragment","Strike_B"]},{"damage_healed":26,"gold_gain":0,"player_choice":"Banana","damage_taken":0,"max_hp_gain":0,"max_hp_loss":0,"event_name":"Big Fish","floor":5,"gold_loss":0},{"damage_healed":0,"gold_gain":0,"player_choice":"Ignored","damage_taken":0,"max_hp_gain":0,"max_hp_loss":0,"event_name":"Ghosts","floor":19,"gold_loss":0},{"cards_removed":["Strike_B"],"damage_healed":0,"gold_gain":0,"player_choice":"Elegance","damage_taken":0,"max_hp_gain":0,"max_hp_loss":0,"event_name":"Back to Basics","floor":21,"gold_loss":0},{"damage_healed":0,"gold_gain":0,"player_choice":"Inject Mutagens","damage_taken":0,"relics_obtained":["MutagenicStrength"],"max_hp_gain":0,"max_hp_loss":0,"event_name":"Drug Dealer","floor":22,"gold_loss":0}],"is_beta":false,"boss_relics":[{"not_picked":["FrozenCore","Calling Bell"],"picked":"Runic Dome"}],"items_purged_floors":[],"is_endless":false,"potions_floor_spawned":[7,8,11,14,23],"killed_by":"Sentry and Sphere","ascension_level":17}