{"gold_per_floor":[109,109,127,127,138,138,169,169,169,201,201,215,215,7,7,85,85,104,104,104,27,27,27,57,57,81,81,81],"floor_reached":28,"playtime":1285,"items_purged":[],"score":444,"play_id":"72e531fe-7566-49df-9fee-1ef37c21cf82","local_time":"20190310142300","is_ascension_mode":true,"campfire_choices":[{"data":"Loop","floor":6.0,"key":"SMITH"},{"floor":8.0,"key":"REST"},{"floor":13.0,"key":"REST"},{"data":"Turbo","floor":15.0,"key":"SMITH"},{"data":"Scrape","floor":23,"key":"SMITH"},{"floor":27,"key":"RECALL"}],"neow_cost":"NONE","seed_source_timestamp":0,"circlet_count":0,"master_deck":["AscendersBane","Strike_B","Defend_B","Defend_B","Defend_B","Zap+1","Dualcast","Capacitor","Ball Lightning","Loop+1","Ball Lightning","Steam","Storm+1","Turbo+1","All For One","Static Discharge+1","Scrape+1","Core Surge","Beam Cell"],"special_seed":0,"relics":["Cracked Core","Bottled Tornado","Centennial Puzzle","Frozen Egg 2","Busted Crown","Question Card","Lantern","Orichalcum"],"potions_floor_usage":[16,18],"damage_taken":[{"damage":14.0,"enemies":"Small Slimes","floor":1.0,"turns":3.0},{"damage":2.0,"enemies":"Cultist","floor":3.0,"turns":4.0},{"damage":2.0,"enemies":"2 Louse","floor":5.0,"turns":3.0},{"damage":35.0,"enemies":"Lagavulin","floor":7.0,"turns":5.0},{"damage":12.0,"enemies":"Gremlin Nob","floor":10.0,"turns":3.0},{"damage":5.0,"enemies":"Blue Slaver","floor":12.0,"turns":3.0},{"damage":31,"enemies":"Slime Boss","floor":16,"turns":6},{"damage":20,"enemies":"Shell Parasite","floor":18,"turns":4},{"damage":18,"enemies":"Gremlin Leader","floor":24,"turns":5},{"damage":24,"enemies":"Book of Stabbing","floor":28,"turns":2}],"seed_played":"-350362593014022638","potions_obtained":[{"floor":3.0,"key":"Explosive Potion"},{"floor":5.0,"key":"GamblersBrew"},{"floor":12.0,"key":"Dexterity Potion"},{"floor":16,"key":"Weak Potion"},{"floor":18,"key":"Energy Potion"}],"is_trial":false,"path_per_floor":["M","?","M","?","M","R","E","R","T","E","?","M","R","$","R","B",null,"M","?","?","$","?","R","E","?","T","R","E"],"character_chosen":"DEFECT","items_purchased":["Turbo","All For One","Scrape"],"campfire_rested":2,"item_purchase_floors":[14,14,21],"current_hp_per_floor":[57,57,55,48,46,46,11,34,34,22,22,17,40,40,40,9,61,41,41,41,41,41,41,23,23,23,23,0],"gold":81,"neow_bonus":"TEN_PERCENT_HP_BONUS","is_prod":false,"is_daily":false,"chose_seed":false,"campfire_upgraded":3,"win_rate":0,"timestamp":1552252980,"path_taken":["M","?","?","?","M","R","E","R","T","E","?","?","R","$","R","BOSS","M","?","?","$","?","R","E","?","T","R","E"],"build_version":"2019-01-23","purchased_purges":0,"victory":false,"max_hp_per_floor":[78,78,78,78,78,78,78,78,78,78,78,78,78,78,78,78,78,78,78,78,78,78,78,78,78,78,78,78],"card_choices":[{"not_picked":["Coolheaded","Static Discharge"],"picked":"Capacitor","floor":1.0},{"not_picked":["FTL","Consume"],"picked":"Ball Lightning","floor":3.0},{"not_picked":["Barrage","Gash"],"picked":"Loop","floor":5.0},{"not_picked":["Darkness","Tempest"],"picked":"Ball Lightning","floor":7.0},{"not_picked":["Redo","Rebound"],"picked":"Steam","floor":10.0},{"not_picked":["Scrape","Conserve Battery"],"picked":"Storm+1","floor":12.0},{"not_picked":["Steam+1"],"picked":"SKIP","floor":18},{"not_picked":["Reinforced Body","Turbo+1"],"picked":"SKIP","floor":24}],"player_experience":1257854,"relics_obtained":[{"floor":7.0,"key":"Bottled Tornado"},{"floor":9.0,"key":"Centennial Puzzle"},{"floor":10.0,"key":"Frozen Egg 2"},{"floor":24,"key":"Lantern"},{"floor":26,"key":"Orichalcum"}],"event_choices":[{"damage_healed":0.0,"max_hp_gain":0.0,"max_hp_loss":0.0,"gold_gain":0.0,"event_name":"Accursed Blacksmith","player_choice":"Forge","floor":2.0,"gold_loss":0.0,"damage_taken":0.0,"cards_upgraded":["Zap"]},{"cards_removed":["Strike_B"],"damage_healed":0.0,"max_hp_gain":0.0,"max_hp_loss":0.0,"gold_gain":0.0,"event_name":"Golden Wing","player_choice":"Card Removal","floor":4.0,"gold_loss":0.0,"damage_taken":7.0},{"cards_removed":["Strike_B"],"damage_healed":0.0,"max_hp_gain":0.0,"max_hp_loss":0.0,"gold_gain":0.0,"event_name":"Bonfire Elementals","player_choice":"Offered Basic","floor":11.0,"gold_loss":0.0,"damage_taken":0.0},{"damage_healed":0,"gold_gain":0,"player_choice":"Opened","damage_taken":0,"relics_obtained":["Question Card"],"max_hp_gain":0,"max_hp_loss":0,"event_name":"The Mausoleum","floor":19,"gold_loss":0,"cards_obtained":["Writhe"]},{"damage_healed":0,"gold_gain":0,"player_choice":"Read","damage_taken":0,"max_hp_gain":0,"max_hp_loss":0,"event_name":"The Library","floor":20,"gold_loss":0,"cards_obtained":["Static Discharge"]},{"damage_healed":0,"gold_gain":0,"cards_transformed":["Strike_B","Defend_B"],"player_choice":"Became Test Subject","damage_taken":0,"max_hp_gain":0,"max_hp_loss":0,"event_name":"Drug Dealer","floor":22,"gold_loss":0,"cards_obtained":["Core Surge","Beam Cell"]},{"cards_removed":["Writhe"],"damage_healed":0,"gold_gain":0,"player_choice":"Elegance","damage_taken":0,"max_hp_gain":0,"max_hp_loss":0,"event_name":"Back to Basics","floor":25,"gold_loss":0}],"is_beta":false,"boss_relics":[{"not_picked":["Cursed Key","Lizard Tail"],"picked":"Busted Crown"}],"items_purged_floors":[],"is_endless":false,"potions_floor_spawned":[3,5,12,16,18],"killed_by":"Book of Stabbing","ascension_level":17}