{"gold_per_floor":[119,119,139,154,154,154,167,194,245,210,244,262,278,308,308,382,382,355,355,94,110,110,110,10,60,84,101,146,146,146,158,158,232,232,247,260,260,260,0,30,30,63,63,81,108,124,124,134,134,134],"floor_reached":51,"playtime":2663,"items_purged":["Strike_B","Strike_B"],"score":1401,"play_id":"c7f014a8-0216-4887-819c-bce62480aae6","local_time":"20190310155316","is_ascension_mode":true,"campfire_choices":[{"data":"Zap","floor":6.0,"key":"SMITH"},{"data":"Go for the Eyes","floor":15.0,"key":"SMITH"},{"data":"Buffer","floor":23,"key":"SMITH"},{"floor":30,"key":"REST"},{"floor":32,"key":"RECALL"},{"floor":41,"key":"REST"},{"floor":47,"key":"REST"},{"floor":49,"key":"REST"}],"neow_cost":"NONE","seed_source_timestamp":0,"circlet_count":0,"master_deck":["AscendersBane","Strike_B","Strike_B","Defend_B+1","Defend_B","Defend_B","Defend_B","Zap+1","Dualcast","Beam Cell","Cold Snap","All For One","Genetic Algorithm+1","Coolheaded","Coolheaded+1","Rainbow+1","Go for the Eyes+1","BootSequence+1","Scrape","Buffer+1","Tempest+1","Consume+1","Darkness+1","Trip+1","Conserve Battery+1","Echo Form","Glacier+1","Enlightenment+1","Consume+1","FTL+1","Chaos+1","White Noise+1","Steam+1"],"special_seed":0,"relics":["Cracked Core","Toxic Egg 2","Art of War","Blood Vial","Sundial","Orichalcum","Inserter","War Paint","Omamori","Fusion Hammer","Lantern","Bronze Scales","Regal Pillow","Incense Burner","DataDisk"],"potions_floor_usage":[33,36,48],"damage_taken":[{"damage":3.0,"enemies":"Small Slimes","floor":1.0,"turns":3.0},{"damage":0.0,"enemies":"Cultist","floor":3.0,"turns":3.0},{"damage":6.0,"enemies":"Jaw Worm","floor":4.0,"turns":3.0},{"damage":9.0,"enemies":"Blue Slaver","floor":7.0,"turns":3.0},{"damage":11.0,"enemies":"Lagavulin","floor":8.0,"turns":6.0},{"damage":8.0,"enemies":"3 Sentries","floor":11.0,"turns":7.0},{"damage":8.0,"enemies":"Exordium Wildlife","floor":12.0,"turns":3.0},{"damage":0.0,"enemies":"Looter","floor":13.0,"turns":3.0},{"damage":6.0,"enemies":"Lagavulin","floor":14.0,"turns":5.0},{"damage":12.0,"enemies":"The Guardian","floor":16.0,"turns":13.0},{"damage":4.0,"enemies":"2 Thieves","floor":18.0,"turns":4.0},{"damage":19,"enemies":"Shell Parasite","floor":21,"turns":3},{"damage":31,"enemies":"Cultist and Chosen","floor":27,"turns":8},{"damage":0,"enemies":"Centurion and Healer","floor":31,"turns":4},{"damage":19,"enemies":"Automaton","floor":33,"turns":12},{"damage":22,"enemies":"Orb Walker","floor":35,"turns":6},{"damage":31,"enemies":"3 Darklings","floor":36,"turns":6},{"damage":0,"enemies":"Giant Head","floor":40,"turns":11},{"damage":13,"enemies":"Nemesis","floor":42,"turns":11},{"damage":0,"enemies":"Transient","floor":44,"turns":6},{"damage":18,"enemies":"Reptomancer","floor":45,"turns":6},{"damage":15,"enemies":"Sphere and 2 Shapes","floor":46,"turns":5},{"damage":0,"enemies":"Writhing Mass","floor":48,"turns":6},{"damage":36,"enemies":"Awakened One","floor":50,"turns":15}],"seed_played":"8045182761336726560","potions_obtained":[{"floor":1.0,"key":"FocusPotion"},{"floor":7.0,"key":"Regen Potion"},{"floor":11.0,"key":"Energy Potion"},{"floor":12.0,"key":"Energy Potion"},{"floor":14.0,"key":"Ancient Potion"},{"floor":27,"key":"Poison Potion"},{"floor":33,"key":"GamblersBrew"},{"floor":42,"key":"Ancient Potion"},{"floor":46,"key":"Fruit Juice"},{"floor":48,"key":"Ancient Potion"}],"is_trial":false,"path_per_floor":["M","?","M","M","?","R","M","E","T","?","E","M","M","E","R","B",null,"M","?","$","M","?","R","$","?","T","M","T","?","R","M","R","B",null,"M","M","?","?","$","E","R","E","T","M","E","M","R","M","R","B",null],"character_chosen":"DEFECT","items_purchased":["Darkness+1","Trip+1","Lantern","Enlightenment+1"],"campfire_rested":4,"item_purchase_floors":[20,20,39,39],"current_hp_per_floor":[61,61,61,55,50,50,41,45,45,62,56,50,52,48,48,38,63,61,61,61,44,44,44,44,44,44,15,15,6,27,29,29,12,56,36,7,58,58,58,58,58,45,45,47,31,18,50,57,63,27],"gold":134,"neow_bonus":"THREE_CARDS","is_prod":false,"is_daily":false,"chose_seed":false,"campfire_upgraded":3,"win_rate":0,"timestamp":1552258396,"path_taken":["M","?","?","M","?","R","M","E","T","?","E","M","M","E","R","BOSS","M","?","$","M","?","R","?","?","T","M","?","?","R","M","R","BOSS","M","M","?","?","$","E","R","E","T","M","E","M","R","M","R","BOSS"],"build_version":"2019-01-23","purchased_purges":2,"victory":true,"max_hp_per_floor":[71,71,71,71,71,71,71,71,71,71,71,71,71,71,71,71,71,71,71,71,71,71,71,71,71,71,71,71,71,71,71,71,71,71,71,71,58,58,58,58,58,58,58,58,58,58,58,63,63,63],"card_choices":[{"not_picked":["Turbo","Stack"],"picked":"Beam Cell","floor":0.0},{"not_picked":["Heatsinks","Redo"],"picked":"Cold Snap","floor":1.0},{"not_picked":["Melter","Steam"],"picked":"Genetic Algorithm","floor":3.0},{"not_picked":["Turbo","Beam Cell"],"picked":"Coolheaded","floor":4.0},{"not_picked":["Gash","Sweeping Beam"],"picked":"Coolheaded+1","floor":7.0},{"not_picked":["Rebound","Hello World"],"picked":"Rainbow+1","floor":8.0},{"not_picked":["Turbo+1","Hologram+1"],"picked":"Go for the Eyes","floor":11.0},{"not_picked":["Undo+1","Stack+1"],"picked":"BootSequence+1","floor":12.0},{"not_picked":["Consume+1","Stack+1"],"picked":"Scrape","floor":13.0},{"not_picked":["Undo+1","Redo+1","Streamline"],"picked":"SKIP","floor":14.0},{"not_picked":["Fission+1","Thunder Strike"],"picked":"Buffer","floor":16.0},{"not_picked":["Static Discharge","Steam+1"],"picked":"Tempest+1","floor":18.0},{"not_picked":["BootSequence+1","Capacitor","Beam Cell"],"picked":"SKIP","floor":21},{"not_picked":["Gash","Barrage"],"picked":"Stack+1","floor":27},{"not_picked":["Go for the Eyes","Turbo+1"],"picked":"Conserve Battery+1","floor":31},{"not_picked":["Thunder Strike","Fission+1"],"picked":"Echo Form","floor":33},{"not_picked":["Conserve Battery+1","Sunder"],"picked":"Glacier+1","floor":35},{"not_picked":["Rebound","Reinforced Body+1","Force Field+1"],"picked":"SKIP","floor":36},{"not_picked":["Gash","Go for the Eyes+1","Beam Cell"],"picked":"SKIP","floor":40},{"not_picked":["Rip and Tear","Hyperbeam"],"picked":"Consume+1","floor":42},{"not_picked":["Leap+1","Tempest+1"],"picked":"FTL+1","floor":44},{"not_picked":["Hello World","Coolheaded+1"],"picked":"Chaos+1","floor":45},{"not_picked":["Turbo+1","Barrage"],"picked":"White Noise+1","floor":46},{"not_picked":["FTL","Coolheaded+1"],"picked":"Steam+1","floor":48}],"player_experience":1259504,"relics_obtained":[{"floor":8.0,"key":"Art of War"},{"floor":9.0,"key":"Blood Vial"},{"floor":11.0,"key":"Sundial"},{"floor":14.0,"key":"Orichalcum"},{"floor":26,"key":"War Paint"},{"floor":28,"key":"Omamori"},{"floor":40,"key":"Bronze Scales"},{"floor":42,"key":"Regal Pillow"},{"floor":43,"key":"Incense Burner"},{"floor":45,"key":"DataDisk"}],"event_choices":[{"damage_healed":0.0,"max_hp_gain":0.0,"max_hp_loss":0.0,"gold_gain":0.0,"event_name":"Match and Keep!","player_choice":"1 cards matched","floor":2.0,"gold_loss":0.0,"damage_taken":0.0,"cards_obtained":["All For One"]},{"damage_healed":0.0,"max_hp_gain":0.0,"max_hp_loss":0.0,"gold_gain":0.0,"event_name":"Scrap Ooze","player_choice":"Success","floor":5.0,"gold_loss":0.0,"damage_taken":5.0,"relics_obtained":["Toxic Egg 2"]},{"damage_healed":17.0,"max_hp_gain":0.0,"max_hp_loss":0.0,"gold_gain":0.0,"event_name":"The Cleric","player_choice":"Healed","floor":10.0,"gold_loss":35.0,"damage_taken":0.0},{"damage_healed":0.0,"max_hp_gain":0.0,"max_hp_loss":0.0,"gold_gain":0.0,"event_name":"The Library","player_choice":"Read","floor":19.0,"gold_loss":0.0,"damage_taken":0.0,"cards_obtained":["Consume"]},{"damage_healed":0,"gold_gain":0,"player_choice":"Ignored","damage_taken":0,"max_hp_gain":0,"max_hp_loss":0,"event_name":"Ghosts","floor":22,"gold_loss":0},{"damage_healed":0,"gold_gain":50,"player_choice":"Stole From Cult","damage_taken":0,"max_hp_gain":0,"max_hp_loss":0,"event_name":"Nest","floor":25,"gold_loss":0},{"damage_healed":0,"gold_gain":0,"player_choice":"Stopped","damage_taken":9,"max_hp_gain":0,"max_hp_loss":0,"event_name":"Cursed Tome","floor":29,"gold_loss":0},{"damage_healed":58,"gold_gain":0,"player_choice":"Heal","damage_taken":0,"max_hp_gain":0,"max_hp_loss":13,"event_name":"The Moai Head","floor":37,"gold_loss":0},{"cards_removed":["Stack"],"damage_healed":0,"gold_gain":0,"player_choice":"Removed Skill","damage_taken":0,"max_hp_gain":0,"max_hp_loss":0,"event_name":"Falling","floor":38,"gold_loss":0}],"is_beta":false,"boss_relics":[{"not_picked":["Cursed Key","Sozu"],"picked":"Inserter"},{"not_picked":["Nuclear Battery","Runic Pyramid"],"picked":"Fusion Hammer"}],"items_purged_floors":[20,24],"is_endless":false,"potions_floor_spawned":[1,7,11,12,14,27,33,35,42,46,48],"ascension_level":17}