{"gold_per_floor":[111,111,121,121,135,135,60,60,60,95,105,119,139,172,172,270,270,284,312,322,322,322,322,354,354,354,374,374,400,182,182],"floor_reached":31,"playtime":1896,"items_purged":["Strike_R","Writhe"],"score":396,"play_id":"6bb31e06-e576-44f1-9b01-e901138220a8","local_time":"20190306220556","is_ascension_mode":true,"campfire_choices":[{"data":"Metallicize","floor":6,"key":"SMITH"},{"data":"Bash","floor":8,"key":"SMITH"},{"data":"Shockwave","floor":15,"key":"SMITH"},{"floor":23,"key":"REST"},{"floor":28,"key":"REST"}],"neow_cost":"NONE","seed_source_timestamp":260356500009351,"circlet_count":0,"master_deck":["Defend_R","Defend_R","Defend_R","Bash+1","Rampage","Metallicize+1","Clothesline","Clash","Fire Breathing","Dropkick","Shockwave+1","Thunderclap","Juggernaut","True Grit+1","Fire Breathing+1","Shrug It Off","Bloodletting","Double Tap","Impervious","Iron Wave+1","Juggernaut","Armaments"],"relics":["Burning Blood","NeowsBlessing","Paper Frog","PreservedInsect","Gremlin Horn","The Courier","Empty Cage","Red Mask","Incense Burner","Kunai","Bag of Marbles","Anchor"],"potions_floor_usage":[18,19,20,27,27,27,27,27],"damage_taken":[{"damage":0,"enemies":"2 Louse","floor":1,"turns":1},{"damage":0,"enemies":"Cultist","floor":3,"turns":1},{"damage":0,"enemies":"Small Slimes","floor":5,"turns":1},{"damage":20,"enemies":"Gremlin Nob","floor":10,"turns":4},{"damage":0,"enemies":"Blue Slaver","floor":11,"turns":4},{"damage":1,"enemies":"Looter","floor":12,"turns":2},{"damage":0,"enemies":"Large Slime","floor":13,"turns":3},{"damage":23,"enemies":"3 Sentries","floor":14,"turns":5},{"damage":17,"enemies":"The Guardian","floor":16,"turns":10},{"damage":26,"enemies":"Chosen","floor":18,"turns":5},{"damage":33,"enemies":"Masked Bandits","floor":19,"turns":4},{"damage":21,"enemies":"Shell Parasite","floor":20,"turns":5},{"damage":15,"enemies":"Gremlin Leader","floor":24,"turns":6},{"damage":15,"enemies":"3 Cultists","floor":27,"turns":6},{"damage":40,"enemies":"Slavers","floor":29,"turns":4},{"damage":15,"enemies":"Cultist and Chosen","floor":31,"turns":5}],"seed_played":"6071753983707766094","potions_obtained":[{"floor":3,"key":"FearPotion"},{"floor":10,"key":"Strength Potion"},{"floor":12,"key":"Poison Potion"},{"floor":18,"key":"LiquidBronze"},{"floor":19,"key":"BloodPotion"},{"floor":20,"key":"Explosive Potion"},{"floor":24,"key":"EntropicBrew"}],"is_trial":false,"path_per_floor":["M","?","M","?","M","R","$","R","T","E","M","M","M","E","R","B",null,"M","?","M","?","?","R","E","?","T","M","R","E","$","M"],"character_chosen":"IRONCLAD","items_purchased":["Regen Potion","Armaments","Strength Potion"],"campfire_rested":2,"item_purchase_floors":[30,30,30],"current_hp_per_floor":[78,71,77,77,80,80,80,80,80,66,72,77,80,63,63,52,73,53,26,19,19,19,43,34,34,34,25,49,15,15,0],"gold":182,"neow_bonus":"THREE_ENEMY_KILL","is_prod":false,"is_daily":false,"chose_seed":false,"campfire_upgraded":3,"win_rate":0,"timestamp":1551938756,"path_taken":["M","?","M","?","?","R","$","R","T","E","M","M","M","E","R","BOSS","M","?","M","?","?","R","E","?","T","M","R","E","?","?"],"build_version":"2019-01-23","purchased_purges":2,"victory":false,"max_hp_per_floor":[80,80,80,80,80,80,80,80,80,80,80,80,80,80,80,80,80,80,80,80,80,80,80,80,80,80,80,80,80,80,80],"card_choices":[{"not_picked":["Perfected Strike","Warcry"],"picked":"Rampage","floor":1},{"not_picked":["Headbutt","Seeing Red"],"picked":"Metallicize","floor":3},{"not_picked":["Clothesline","Havoc","Clash"],"picked":"SKIP","floor":5},{"not_picked":["Clothesline","Havoc"],"picked":"Clash","floor":5},{"not_picked":["Combust","Clothesline"],"picked":"Fire Breathing","floor":10},{"not_picked":["Searing Blow","True Grit","Perfected Strike"],"picked":"SKIP","floor":11},{"not_picked":["Headbutt","Hemokinesis"],"picked":"Dropkick","floor":12},{"not_picked":["Cleave","Rampage"],"picked":"Shockwave","floor":13},{"not_picked":["Intimidate","Immolate"],"picked":"Thunderclap","floor":14},{"not_picked":["Offering","Brutality"],"picked":"Juggernaut","floor":16},{"not_picked":["Fire Breathing","Pommel Strike"],"picked":"True Grit+1","floor":18},{"not_picked":["Shrug It Off","Battle Trance"],"picked":"Fire Breathing+1","floor":19},{"not_picked":["Flex","Whirlwind+1"],"picked":"Shrug It Off","floor":20},{"not_picked":["Flex","Pommel Strike"],"picked":"Impervious","floor":24},{"not_picked":["Reckless Charge","Sword Boomerang"],"picked":"Iron Wave+1","floor":27},{"not_picked":["Pommel Strike","Rupture"],"picked":"Juggernaut","floor":29}],"player_experience":412421,"relics_obtained":[{"floor":9,"key":"PreservedInsect"},{"floor":10,"key":"Gremlin Horn"},{"floor":14,"key":"The Courier"},{"floor":19,"key":"Red Mask"},{"floor":24,"key":"Incense Burner"},{"floor":26,"key":"Bag of Marbles"},{"floor":29,"key":"Anchor"}],"event_choices":[{"damage_healed":0,"gold_gain":0,"player_choice":"Success","damage_taken":7,"relics_obtained":["Paper Frog"],"max_hp_gain":0,"max_hp_loss":0,"event_name":"Scrap Ooze","floor":2,"gold_loss":0},{"damage_healed":0,"gold_gain":0,"cards_transformed":["Strike_R"],"player_choice":"Transformed","damage_taken":0,"max_hp_gain":0,"max_hp_loss":0,"event_name":"Transmorgrifier","floor":4,"gold_loss":0,"cards_obtained":["Clothesline"]},{"damage_healed":0,"gold_gain":0,"player_choice":"Fought Bandits","damage_taken":0,"max_hp_gain":0,"max_hp_loss":0,"event_name":"Masked Bandits","floor":19,"gold_loss":0},{"damage_healed":0,"gold_gain":0,"player_choice":"Ignored","damage_taken":0,"max_hp_gain":0,"max_hp_loss":0,"event_name":"Cursed Tome","floor":21,"gold_loss":0},{"damage_healed":0,"gold_gain":0,"cards_transformed":["Defend_R","Strike_R"],"player_choice":"Became Test Subject","damage_taken":0,"max_hp_gain":0,"max_hp_loss":0,"event_name":"Drug Dealer","floor":22,"gold_loss":0,"cards_obtained":["Bloodletting","Double Tap"]},{"damage_healed":0,"gold_gain":0,"player_choice":"Opened","damage_taken":0,"relics_obtained":["Kunai"],"max_hp_gain":0,"max_hp_loss":0,"event_name":"The Mausoleum","floor":25,"gold_loss":0,"cards_obtained":["Writhe"]}],"is_beta":false,"boss_relics":[{"not_picked":["Coffee Dripper","Philosopher\u0027s Stone"],"picked":"Empty Cage"}],"items_purged_floors":[7,30],"is_endless":false,"potions_floor_spawned":[3,10,12,18,19,20,24],"killed_by":"Cultist and Chosen","ascension_level":8}