{"gold_per_floor":[364,364,378,395,369,386,386,14,14,14,14,32,51,64,64,167,167,184,184,184,204,214,214,234,248,248,45,57,57,57,12,12,113,113,123,0,20,36,87,87,99,99,99,99,99,99,99,114,114,114],"floor_reached":51,"playtime":4314,"items_purged":["Clumsy"],"score":643,"play_id":"e3f97a1e-2c4b-464b-9efb-dd4dfcd4bc99","local_time":"20190317022831","is_ascension_mode":false,"campfire_choices":[{"data":"Anger","floor":10,"key":"SMITH"},{"data":"Metallicize","floor":15,"key":"SMITH"},{"floor":23,"key":"REST"},{"data":"Heavy Blade","floor":29,"key":"SMITH"},{"floor":32,"key":"REST"},{"floor":40,"key":"REST"},{"data":"Perfected Strike","floor":42,"key":"SMITH"},{"data":"Body Slam","floor":45,"key":"SMITH"},{"floor":49,"key":"REST"}],"neow_cost":"PERCENT_DAMAGE","seed_source_timestamp":14504362156688,"circlet_count":0,"master_deck":["Strike_R","Strike_R","Strike_R","Strike_R","Defend_R","Defend_R","Defend_R","Defend_R","Metallicize+1","Heavy Blade+1","Pommel Strike","Anger+1","Battle Trance","Reaper","Shrug It Off+1","Sever Soul","Ghostly Armor+1","Panacea+1","Sword Boomerang","Blood for Blood","Pommel Strike","Demon Form","Armaments+1","J.A.X.+1","Flex+1","Sword Boomerang+1","Clothesline+1","Headbutt","Carnage","Offering+1","Infernal Blade+1","Power Through+1","Headbutt","Brutality+1","Perfected Strike+1","Rampage+1","Uppercut+1","Body Slam+1","Iron Wave+1","Madness+1","Madness+1","Rupture+1"],"relics":["Burning Blood","Paper Frog","Membership Card","Toxic Egg 2","Mummified Hand","Runic Dome","Frozen Egg 2","Orichalcum","Velvet Choker","Red Mask","Gambling Chip","Meat on the Bone","Ornamental Fan"],"potions_floor_usage":[16,25,25,33,33,50],"damage_taken":[{"damage":15,"enemies":"Cultist","floor":1,"turns":4},{"damage":0,"enemies":"2 Louse","floor":3,"turns":4},{"damage":0,"enemies":"Small Slimes","floor":4,"turns":3},{"damage":18,"enemies":"Exordium Thugs","floor":5,"turns":5},{"damage":8,"enemies":"Blue Slaver","floor":6,"turns":4},{"damage":4,"enemies":"2 Fungi Beasts","floor":12,"turns":4},{"damage":9,"enemies":"Exordium Thugs","floor":13,"turns":6},{"damage":6,"enemies":"3 Louse","floor":14,"turns":3},{"damage":32,"enemies":"Hexaghost","floor":16,"turns":9},{"damage":19,"enemies":"Chosen","floor":18,"turns":5},{"damage":18,"enemies":"Shell Parasite","floor":21,"turns":4},{"damage":23,"enemies":"Chosen and Byrds","floor":22,"turns":4},{"damage":25,"enemies":"Snecko","floor":24,"turns":4},{"damage":22,"enemies":"3 Cultists","floor":25,"turns":4},{"damage":12,"enemies":"Snake Plant","floor":28,"turns":3},{"damage":22,"enemies":"Champ","floor":33,"turns":6},{"damage":27,"enemies":"3 Shapes","floor":35,"turns":4},{"damage":27,"enemies":"3 Darklings","floor":37,"turns":4},{"damage":37,"enemies":"Transient","floor":38,"turns":5},{"damage":40,"enemies":"2 Orb Walkers","floor":39,"turns":4},{"damage":1,"enemies":"Spire Growth","floor":41,"turns":2},{"damage":18,"enemies":"3 Darklings","floor":48,"turns":5},{"damage":64,"enemies":"Awakened One","floor":50,"turns":7}],"seed_played":"-5081915468555034172","potions_obtained":[{"floor":1,"key":"Fire Potion"},{"floor":4,"key":"Strength Potion"},{"floor":14,"key":"LiquidBronze"},{"floor":21,"key":"SteroidPotion"},{"floor":28,"key":"Regen Potion"},{"floor":35,"key":"Swift Potion"},{"floor":39,"key":"Weak Potion"},{"floor":48,"key":"EssenceOfSteel"}],"is_trial":false,"path_per_floor":["M","T","M","M","M","M","?","$","T","R","?","M","M","M","R","B",null,"M","?","?","M","M","R","M","M","T","$","M","R","?","$","R","B",null,"M","?","M","M","?","R","M","R","T","?","R","?","T","M","R","B",null],"character_chosen":"IRONCLAD","items_purchased":["Membership Card","Toxic Egg 2","Shrug It Off+1","Sever Soul","Carnage","Offering+1","Orichalcum","Power Through+1","Headbutt"],"campfire_rested":4,"item_purchase_floors":[8,8,8,8,27,27,27,31,31],"current_hp_per_floor":[47,47,53,59,47,45,45,45,45,45,45,47,48,56,56,30,80,67,52,52,40,23,48,29,25,25,25,25,25,25,25,50,49,85,74,74,77,50,24,49,54,54,54,43,43,43,43,43,68,37],"gold":114,"neow_bonus":"TWO_FIFTY_GOLD","is_prod":false,"is_daily":false,"chose_seed":false,"campfire_upgraded":5,"win_rate":0.0,"timestamp":1552800511,"path_taken":["M","?","?","M","M","M","?","$","T","R","?","M","M","M","R","BOSS","M","?","?","M","?","R","M","M","T","$","M","R","?","?","R","BOSS","M","?","M","M","?","R","M","R","T","?","R","?","?","M","R","BOSS"],"build_version":"2019-01-23","purchased_purges":1,"victory":true,"max_hp_per_floor":[80,80,80,80,80,80,80,80,80,80,80,80,80,80,80,80,80,80,85,85,85,85,85,85,85,85,85,85,85,85,85,85,85,85,85,85,85,85,85,85,85,85,85,85,85,85,85,85,85,85],"card_choices":[{"not_picked":["Intimidate","Body Slam"],"picked":"Metallicize","floor":1},{"not_picked":["Body Slam","Searing Blow"],"picked":"Heavy Blade","floor":3},{"not_picked":["Warcry","Rupture"],"picked":"Pommel Strike","floor":4},{"not_picked":["True Grit","Reckless Charge"],"picked":"Anger","floor":5},{"not_picked":["Headbutt","Body Slam"],"picked":"Battle Trance","floor":6},{"not_picked":["Flex+1","Fire Breathing"],"picked":"Sword Boomerang","floor":12},{"not_picked":["Headbutt","Feel No Pain"],"picked":"Blood for Blood","floor":13},{"not_picked":["Reckless Charge","Dropkick"],"picked":"Pommel Strike","floor":14},{"not_picked":["Reaper","Dark Embrace"],"picked":"Demon Form","floor":16},{"not_picked":["Clothesline","Uppercut"],"picked":"Armaments+1","floor":18},{"not_picked":["Clash+1","Second Wind+1"],"picked":"Flex+1","floor":21},{"not_picked":["Sever Soul","Battle Trance+1"],"picked":"Sword Boomerang+1","floor":22},{"not_picked":["Entrench+1","Second Wind+1"],"picked":"Clothesline+1","floor":24},{"not_picked":["Hemokinesis+1","Thunderclap"],"picked":"Headbutt","floor":25},{"not_picked":["Uppercut","Warcry+1"],"picked":"Infernal Blade+1","floor":28},{"not_picked":["Bludgeon","Dark Embrace+1"],"picked":"Brutality+1","floor":33},{"not_picked":["Twin Strike","Blood for Blood+1"],"picked":"Perfected Strike","floor":35},{"not_picked":["Rupture+1","Thunderclap"],"picked":"Rampage+1","floor":37},{"not_picked":["Thunderclap","Ghostly Armor+1"],"picked":"Uppercut+1","floor":38},{"not_picked":["Shrug It Off+1","Metallicize+1"],"picked":"Body Slam","floor":39},{"not_picked":["Spot Weakness+1","Warcry+1"],"picked":"Iron Wave+1","floor":41},{"not_picked":["Warcry+1","Dual Wield+1"],"picked":"Rupture+1","floor":48}],"player_experience":4489,"relics_obtained":[{"floor":2,"key":"Paper Frog"},{"floor":9,"key":"Mummified Hand"},{"floor":26,"key":"Frozen Egg 2"},{"floor":39,"key":"Gambling Chip"},{"floor":43,"key":"Meat on the Bone"},{"floor":47,"key":"Ornamental Fan"}],"event_choices":[{"damage_healed":0,"gold_gain":0,"cards_transformed":["Strike_R"],"player_choice":"Change","damage_taken":0,"max_hp_gain":0,"max_hp_loss":0,"event_name":"Living Wall","floor":7,"gold_loss":0,"cards_obtained":["Reaper"]},{"damage_healed":0,"gold_gain":0,"player_choice":"3 cards matched","damage_taken":0,"max_hp_gain":0,"max_hp_loss":0,"event_name":"Match and Keep!","floor":11,"gold_loss":0,"cards_obtained":["Clumsy","Ghostly Armor","Panacea"]},{"damage_healed":0,"gold_gain":0,"player_choice":"Shed Blood","damage_taken":20,"max_hp_gain":5,"max_hp_loss":0,"event_name":"Forgotten Altar","floor":19,"gold_loss":0},{"damage_healed":0,"gold_gain":0,"player_choice":"Obtain J.A.X.","damage_taken":0,"max_hp_gain":0,"max_hp_loss":0,"event_name":"Drug Dealer","floor":20,"gold_loss":0,"cards_obtained":["J.A.X."]},{"damage_healed":0,"gold_gain":0,"player_choice":"Ignored","damage_taken":0,"max_hp_gain":0,"max_hp_loss":0,"event_name":"NoteForYourself","floor":30,"gold_loss":0},{"damage_healed":0,"gold_gain":0,"player_choice":"Paid","damage_taken":0,"relics_obtained":["Red Mask"],"max_hp_gain":0,"max_hp_loss":0,"event_name":"Tomb of Lord Red Mask","floor":36,"gold_loss":123},{"damage_healed":0,"gold_gain":0,"player_choice":"Fight","damage_taken":0,"max_hp_gain":0,"max_hp_loss":0,"event_name":"Mysterious Sphere","floor":39,"gold_loss":0},{"damage_healed":0,"gold_gain":0,"player_choice":"Embrace Madness","damage_taken":11,"max_hp_gain":0,"max_hp_loss":0,"event_name":"Winding Halls","floor":44,"gold_loss":0,"cards_obtained":["Madness","Madness"]},{"cards_removed":["Bash"],"damage_healed":0,"gold_gain":0,"player_choice":"Removed Attack","damage_taken":0,"max_hp_gain":0,"max_hp_loss":0,"event_name":"Falling","floor":46,"gold_loss":0}],"is_beta":false,"boss_relics":[{"not_picked":["Snecko Eye","Black Blood"],"picked":"Runic Dome"},{"not_picked":["Calling Bell","Runic Pyramid"],"picked":"Velvet Choker"}],"items_purged_floors":[27],"is_endless":false,"potions_floor_spawned":[1,4,14,21,28,35,39,48],"ascension_level":0}