{"gold_per_floor":[112,187,201,218,218,218,218,247,247,21,38,55,131,145,145,240,240,240,240,240,240,240,240,240,240,240,240,240,240,240,240,240,240],"floor_reached":33,"playtime":1727,"items_purged":["Regret"],"score":324,"play_id":"d3119e48-a0b5-4cff-9ce5-2c15fdb3bc8e","local_time":"20190220214733","is_ascension_mode":true,"campfire_choices":[{"data":"A Thousand Cuts","floor":6,"key":"SMITH"},{"data":"All Out Attack","floor":15,"key":"SMITH"},{"floor":23,"key":"REST"},{"data":"Venomology","floor":25,"key":"SMITH"},{"floor":29,"key":"REST"},{"floor":32,"key":"REST"}],"neow_cost":"NONE","seed_source_timestamp":0,"circlet_count":0,"master_deck":["Defend_G","Defend_G","Defend_G","Defend_G","Defend_G","Strike_G","Strike_G","Strike_G","Strike_G","Strike_G","Survivor","Neutralize","A Thousand Cuts+1","Backflip","All Out Attack+1","Quick Slash","All Out Attack","Dagger Throw","Terror","Outmaneuver","Venomology+1","Deadly Poison+1","Slice","Necronomicurse","Noxious Fumes","Noxious Fumes","Infinite Blades+1","Shame","Backflip","RitualDagger","Cloak And Dagger+1"],"special_seed":0,"relics":["Ring of the Snake","Nunchaku","Thread and Needle","Tingsha","Anchor","Blue Candle","Ectoplasm","Necronomicon","Bronze Scales","Bag of Marbles","Red Mask"],"potions_floor_usage":[8,8,8,16,16,19,21,24,33,33,33],"damage_taken":[{"damage":1.0,"enemies":"Cultist","floor":1.0,"turns":4.0},{"damage":7.0,"enemies":"Jaw Worm","floor":3.0,"turns":5.0},{"damage":2,"enemies":"Small Slimes","floor":4,"turns":3},{"damage":10,"enemies":"3 Sentries","floor":8,"turns":4},{"damage":2,"enemies":"3 Louse","floor":11,"turns":4},{"damage":0,"enemies":"2 Fungi Beasts","floor":12,"turns":2},{"damage":0,"enemies":"Looter","floor":14,"turns":3},{"damage":20,"enemies":"Slime Boss","floor":16,"turns":7},{"damage":3,"enemies":"Shell Parasite","floor":18,"turns":4},{"damage":13,"enemies":"Chosen","floor":19,"turns":5},{"damage":14,"enemies":"Shelled Parasite and Fungi","floor":21,"turns":4},{"damage":13,"enemies":"Cultist and Chosen","floor":22,"turns":4},{"damage":0,"enemies":"Snake Plant","floor":24,"turns":3},{"damage":8,"enemies":"Masked Bandits","floor":28,"turns":4},{"damage":9,"enemies":"3 Cultists","floor":31,"turns":4},{"damage":67,"enemies":"Collector","floor":33,"turns":5}],"seed_played":"-8311598616224163930","potions_obtained":[{"floor":3,"key":"Regen Potion"},{"floor":7,"key":"Explosive Potion"},{"floor":7,"key":"Explosive Potion"},{"floor":7,"key":"Fruit Juice"},{"floor":11,"key":"Regen Potion"},{"floor":12,"key":"EssenceOfSteel"},{"floor":18,"key":"Fire Potion"},{"floor":22,"key":"Fire Potion"}],"is_trial":false,"path_per_floor":["M","?","M","M","?","R","?","E","T","$","M","M","T","M","R","B",null,"M","M","?","M","M","R","M","R","T","?","?","R","?","M","R","B"],"character_chosen":"THE_SILENT","items_purchased":["Anchor"],"campfire_rested":3,"item_purchase_floors":[10],"current_hp_per_floor":[62,51,44,42,42,42,42,49,49,49,47,47,47,47,47,42,67,64,51,35,21,8,30,30,30,30,30,22,44,38,29,51,0],"gold":240,"neow_bonus":"ONE_RANDOM_RARE_CARD","is_prod":false,"is_daily":false,"chose_seed":false,"campfire_upgraded":3,"win_rate":0,"timestamp":1550728053,"path_taken":["M","?","M","M","?","R","?","E","T","$","M","?","?","M","R","BOSS","M","M","?","M","M","R","M","R","T","?","?","R","?","M","R","BOSS"],"build_version":"2019-01-23","purchased_purges":1,"victory":false,"max_hp_per_floor":[70,70,70,70,70,70,70,75,75,75,75,75,75,75,75,75,75,75,75,75,75,75,75,75,75,75,75,75,75,75,75,75,75],"card_choices":[{"not_picked":["Outmaneuver","Underhanded Strike"],"picked":"Backflip","floor":1.0},{"not_picked":["Distraction","Well Laid Plans"],"picked":"All Out Attack","floor":3},{"not_picked":["Dodge and Roll","Sucker Punch"],"picked":"Quick Slash","floor":4},{"not_picked":["Outmaneuver","Sucker Punch"],"picked":"All Out Attack","floor":8},{"not_picked":["Slice","Dodge and Roll"],"picked":"Dagger Throw","floor":11},{"not_picked":["Outmaneuver","Night Terror"],"picked":"Terror","floor":12},{"not_picked":["Masterful Stab","Deadly Poison"],"picked":"Outmaneuver","floor":14},{"not_picked":["Storm of Steel","Phantasmal Killer"],"picked":"Venomology","floor":16},{"not_picked":["Sucker Punch","Expertise"],"picked":"Deadly Poison+1","floor":18},{"not_picked":["Choke","Terror"],"picked":"Slice","floor":19},{"not_picked":["Heel Hook+1","Dodge and Roll"],"picked":"Noxious Fumes","floor":21},{"not_picked":["Calculated Gamble","Prepared+1"],"picked":"Noxious Fumes","floor":22},{"not_picked":["Slice+1","Backflip"],"picked":"Infinite Blades+1","floor":24},{"not_picked":["Expertise","Dodge and Roll"],"picked":"Backflip","floor":28},{"not_picked":["Deadly Poison","Dash"],"picked":"Cloak And Dagger+1","floor":31}],"player_experience":299017,"relics_obtained":[{"floor":8,"key":"Thread and Needle"},{"floor":9,"key":"Tingsha"},{"floor":13,"key":"Blue Candle"},{"floor":20,"key":"Necronomicon"},{"floor":26,"key":"Bronze Scales"},{"floor":28,"key":"Red Mask"}],"event_choices":[{"damage_healed":0.0,"max_hp_gain":0.0,"max_hp_loss":0.0,"gold_gain":75.0,"event_name":"World of Goop","player_choice":"Gather Gold","floor":2.0,"gold_loss":0.0,"damage_taken":11.0},{"damage_healed":0,"gold_gain":0,"player_choice":"Box","damage_taken":0,"relics_obtained":["Nunchaku"],"max_hp_gain":0,"max_hp_loss":0,"event_name":"Big Fish","floor":5,"gold_loss":0,"cards_obtained":["Regret"]},{"damage_healed":0,"gold_gain":0,"player_choice":"Got Potions","damage_taken":0,"max_hp_gain":0,"max_hp_loss":0,"event_name":"Lab","floor":7,"gold_loss":0},{"damage_healed":0,"gold_gain":0,"player_choice":"Obtained Book","damage_taken":16,"max_hp_gain":0,"max_hp_loss":0,"event_name":"Cursed Tome","floor":20,"gold_loss":0},{"damage_healed":0,"gold_gain":0,"player_choice":"Stole Relic","damage_taken":0,"relics_obtained":["Bag of Marbles"],"max_hp_gain":0,"max_hp_loss":0,"event_name":"Addict","floor":27,"gold_loss":0,"cards_obtained":["Shame"]},{"damage_healed":0,"gold_gain":0,"player_choice":"Fought Bandits","damage_taken":0,"max_hp_gain":0,"max_hp_loss":0,"event_name":"Masked Bandits","floor":28,"gold_loss":0},{"damage_healed":0,"gold_gain":0,"player_choice":"Joined the Cult","damage_taken":6,"max_hp_gain":0,"max_hp_loss":0,"event_name":"Nest","floor":30,"gold_loss":0,"cards_obtained":["RitualDagger"]}],"is_beta":false,"boss_relics":[{"not_picked":["Black Star","Empty Cage"],"picked":"Ectoplasm"}],"items_purged_floors":[10],"is_endless":false,"potions_floor_spawned":[3,11,12,18,22],"killed_by":"Collector","ascension_level":6}