{"gold_per_floor":[119,119,119,69,82,125,125,165,165,201,201,222,222,243,243,362,362,376,376,8,31,47,47,91,91,91,104,140,164,177,196,196,315,315,339,289,289,302,316,316,360,0,27,27,27,43,62,75,75,75],"floor_reached":51,"playtime":4435,"items_purged":["Strike_B","Defend_B"],"score":723,"play_id":"555b2d29-cb8a-4c71-b0eb-1aa59e110421","local_time":"20190130205153","is_ascension_mode":true,"campfire_choices":[{"floor":7,"key":"REST"},{"floor":11,"key":"REST"},{"data":"Static Discharge","floor":13,"key":"SMITH"},{"floor":15,"key":"REST"},{"data":"Fusion","floor":23,"key":"SMITH"},{"data":"Zap","floor":32,"key":"SMITH"},{"data":"Madness","floor":40,"key":"SMITH"},{"data":"Madness","floor":44,"key":"SMITH"},{"floor":49,"key":"REST"}],"neow_cost":"PERCENT_DAMAGE","seed_source_timestamp":802189766205214,"circlet_count":0,"master_deck":["Strike_B+1","Strike_B+1","Strike_B+1","Defend_B","Defend_B","Zap+1","Dualcast","BootSequence","Injury","Hologram","Rip and Tear+1","Static Discharge+1","Fusion+1","Conserve Battery","Auto Shields","Echo Form","Doom and Gloom+1","Self Repair","Glacier+1","Rebound","Static Discharge+1","Streamline+1","Melter","Leap","Heatsinks","Seek","Leap+1","Madness+1","Madness+1","Redo+1","FTL+1","Coolheaded+1"],"relics":["Cracked Core","Du-Vu Doll","Golden Idol","Bird Faced Urn","Whetstone","Pear","Omamori","Sozu","FossilizedHelix","Smiling Mask","Turnip","Dead Branch","Busted Crown","Unceasing Top","Red Mask","Orichalcum"],"potions_floor_usage":[8,16,16,16,24],"damage_taken":[{"damage":1,"enemies":"Jaw Worm","floor":1,"turns":4},{"damage":0,"enemies":"Small Slimes","floor":5,"turns":2},{"damage":35,"enemies":"3 Sentries","floor":6,"turns":7},{"damage":8,"enemies":"Lagavulin","floor":8,"turns":6},{"damage":14,"enemies":"3 Sentries","floor":10,"turns":6},{"damage":4,"enemies":"2 Louse","floor":12,"turns":2},{"damage":0,"enemies":"Looter","floor":14,"turns":3},{"damage":45,"enemies":"Hexaghost","floor":16,"turns":9},{"damage":19,"enemies":"Shell Parasite","floor":18,"turns":3},{"damage":20,"enemies":"2 Thieves","floor":21,"turns":4},{"damage":14,"enemies":"Snake Plant","floor":22,"turns":3},{"damage":30,"enemies":"Gremlin Leader","floor":24,"turns":4},{"damage":0,"enemies":"Centurion and Healer","floor":27,"turns":7},{"damage":23,"enemies":"Slavers","floor":28,"turns":4},{"damage":1,"enemies":"Snecko","floor":29,"turns":6},{"damage":0,"enemies":"Sentry and Sphere","floor":30,"turns":3},{"damage":7,"enemies":"Snake Plant","floor":31,"turns":4},{"damage":63,"enemies":"Collector","floor":33,"turns":8},{"damage":7,"enemies":"3 Shapes","floor":35,"turns":4},{"damage":9,"enemies":"3 Darklings","floor":38,"turns":4},{"damage":18,"enemies":"4 Shapes","floor":39,"turns":4},{"damage":43,"enemies":"Nemesis","floor":41,"turns":9},{"damage":0,"enemies":"Transient","floor":46,"turns":5},{"damage":30,"enemies":"Writhing Mass","floor":47,"turns":4},{"damage":0,"enemies":"Sphere and 2 Shapes","floor":48,"turns":3},{"damage":84,"enemies":"Donu and Deca","floor":50,"turns":8}],"seed_played":"2262406555590763589","potions_obtained":[{"floor":1,"key":"Weak Potion"},{"floor":5,"key":"Swift Potion"},{"floor":10,"key":"GamblersBrew"},{"floor":12,"key":"Regen Potion"},{"floor":16,"key":"FocusPotion"}],"is_trial":false,"path_per_floor":["M","?","?","?","M","E","R","E","T","E","R","M","R","M","R","B",null,"M","?","$","M","M","R","E","?","T","M","E","M","M","M","R","B",null,"M","$","?","M","M","R","E","?","T","R","$","M","M","M","R","B",null],"character_chosen":"DEFECT","items_purchased":["FossilizedHelix"],"campfire_rested":4,"item_purchase_floors":[20],"current_hp_per_floor":[53,38,38,38,38,3,25,17,27,15,40,36,36,38,63,35,85,70,70,70,54,51,51,43,43,43,67,48,71,82,85,85,26,85,85,85,74,80,82,82,58,58,58,58,58,64,42,53,78,21],"gold":75,"neow_bonus":"ONE_RARE_RELIC","is_prod":false,"is_daily":false,"chose_seed":false,"campfire_upgraded":5,"win_rate":0,"timestamp":1548910313,"path_taken":["M","?","?","?","M","E","R","E","T","E","R","M","R","M","R","BOSS","M","?","$","M","M","R","E","?","T","?","E","M","?","?","R","BOSS","M","$","?","M","M","R","E","?","T","R","$","M","?","M","R","BOSS"],"build_version":"2019-01-23","purchased_purges":2,"victory":true,"max_hp_per_floor":[75,75,75,75,75,75,75,75,85,85,85,85,85,85,85,85,85,85,85,85,85,85,85,85,85,85,85,85,85,85,85,85,85,85,85,85,85,85,85,85,85,85,85,85,85,85,85,85,85,85],"card_choices":[{"not_picked":["Blizzard","Stack"],"picked":"BootSequence","floor":1},{"not_picked":["Coolheaded","Turbo"],"picked":"Hologram","floor":5},{"not_picked":["Turbo","Rebound"],"picked":"Rip and Tear","floor":6},{"not_picked":["Hologram","Multi-Cast"],"picked":"Static Discharge","floor":8},{"not_picked":["Ball Lightning","Capacitor"],"picked":"Fusion","floor":10},{"not_picked":["Compile Driver","Stack"],"picked":"Conserve Battery","floor":12},{"not_picked":["Compile Driver","Chaos"],"picked":"Auto Shields","floor":14},{"not_picked":["Buffer","Multi-Cast"],"picked":"Echo Form","floor":16},{"not_picked":["Steam","Force Field"],"picked":"Doom and Gloom+1","floor":18},{"not_picked":["Leap","White Noise"],"picked":"Self Repair","floor":21},{"not_picked":["Hello World","Rebound"],"picked":"Glacier+1","floor":22},{"not_picked":["Aggregate+1","Streamline"],"picked":"Rebound","floor":24},{"not_picked":["Cold Snap","Consume"],"picked":"Streamline+1","floor":27},{"not_picked":["Gash","Biased Cognition"],"picked":"Melter","floor":28},{"not_picked":["Hologram+1","Compile Driver","Gash"],"picked":"SKIP","floor":29},{"not_picked":["Lockon+1","Steam"],"picked":"Leap","floor":30},{"not_picked":["Cold Snap","Genetic Algorithm+1"],"picked":"Heatsinks","floor":31},{"not_picked":["Hyperbeam","Creative AI"],"picked":"Seek","floor":33},{"not_picked":[],"picked":"Leap+1","floor":35},{"not_picked":[],"picked":"Redo+1","floor":38},{"not_picked":[],"picked":"FTL+1","floor":39},{"not_picked":[],"picked":"Coolheaded+1","floor":41},{"not_picked":["Barrage+1"],"picked":"SKIP","floor":46},{"not_picked":["Go for the Eyes"],"picked":"SKIP","floor":47},{"not_picked":["Turbo"],"picked":"SKIP","floor":48}],"player_experience":203670,"relics_obtained":[{"floor":6,"key":"Bird Faced Urn"},{"floor":8,"key":"Whetstone"},{"floor":9,"key":"Pear"},{"floor":10,"key":"Omamori"},{"floor":24,"key":"Smiling Mask"},{"floor":26,"key":"Turnip"},{"floor":28,"key":"Dead Branch"},{"floor":41,"key":"Unceasing Top"},{"floor":43,"key":"Orichalcum"}],"event_choices":[{"damage_healed":0,"gold_gain":0,"player_choice":"Entered Light","damage_taken":15,"max_hp_gain":0,"max_hp_loss":0,"event_name":"Shining Light","floor":2,"gold_loss":0,"cards_upgraded":["Strike_B","Strike_B"]},{"damage_healed":0,"gold_gain":0,"player_choice":"Take Wound","damage_taken":0,"relics_obtained":["Golden Idol"],"max_hp_gain":0,"max_hp_loss":0,"event_name":"Golden Idol","floor":3,"gold_loss":0,"cards_obtained":["Injury"]},{"cards_removed":["Defend_B"],"damage_healed":0,"gold_gain":0,"player_choice":"Card Removal","damage_taken":0,"max_hp_gain":0,"max_hp_loss":0,"event_name":"The Cleric","floor":4,"gold_loss":50},{"damage_healed":0,"gold_gain":0,"player_choice":"Ignored","damage_taken":0,"max_hp_gain":0,"max_hp_loss":0,"event_name":"Ghosts","floor":19,"gold_loss":0},{"damage_healed":0,"gold_gain":0,"player_choice":"Copied","damage_taken":0,"max_hp_gain":0,"max_hp_loss":0,"event_name":"Duplicator","floor":25,"gold_loss":0,"cards_obtained":["Static Discharge"]},{"damage_healed":0,"gold_gain":0,"player_choice":"Embrace Madness","damage_taken":11,"max_hp_gain":0,"max_hp_loss":0,"event_name":"Winding Halls","floor":37,"gold_loss":0,"cards_obtained":["Madness","Madness"]},{"damage_healed":0,"gold_gain":0,"player_choice":"Paid","damage_taken":0,"relics_obtained":["Red Mask"],"max_hp_gain":0,"max_hp_loss":0,"event_name":"Tomb of Lord Red Mask","floor":42,"gold_loss":360}],"is_beta":false,"boss_relics":[{"not_picked":["Inserter","Orrery"],"picked":"Sozu"},{"not_picked":["Empty Cage","Philosopher\u0027s Stone"],"picked":"Busted Crown"}],"items_purged_floors":[20,36],"is_endless":false,"potions_floor_spawned":[1,5,10,12,16,18,27,30,33,35,39],"ascension_level":1}