{"gold_per_floor":[109,109,109,122,24,24,56,74,145,163,163,197,97,112,112,216,216],"floor_reached":17,"playtime":430,"items_purged":["Strike_R","Strike_R"],"score":190,"play_id":"dd0a72d1-6818-4f7a-acbb-90928cd51642","local_time":"20190308224023","is_ascension_mode":false,"campfire_choices":[{"data":"Double Tap","floor":6,"key":"SMITH"},{"data":"Uppercut","floor":11,"key":"SMITH"},{"data":"Seeing Red","floor":15,"key":"SMITH"}],"neow_cost":"NONE","seed_source_timestamp":95653817154786,"circlet_count":0,"master_deck":["Strike_R+1","Strike_R+1","Defend_R","Defend_R","Defend_R","Defend_R","Bash","Heavy Blade","Double Tap+1","Flex","Uppercut+1","Pommel Strike+1","Seeing Red+1","Juggernaut","Shrug It Off","Body Slam+1","Shrug It Off","Flame Barrier"],"relics":["Burning Blood","NeowsBlessing","Whetstone","Molten Egg 2","Strawberry","Orrery"],"potions_floor_usage":[],"damage_taken":[{"damage":0,"enemies":"Small Slimes","floor":1,"turns":1},{"damage":0,"enemies":"Jaw Worm","floor":4,"turns":1},{"damage":0,"enemies":"Lagavulin","floor":7,"turns":1},{"damage":0,"enemies":"Cultist","floor":8,"turns":2},{"damage":4,"enemies":"Red Slaver","floor":10,"turns":3},{"damage":25,"enemies":"3 Sentries","floor":12,"turns":8},{"damage":7,"enemies":"Exordium Thugs","floor":14,"turns":3},{"damage":52,"enemies":"The Guardian","floor":16,"turns":8}],"seed_played":"-3333274378683013859","potions_obtained":[{"floor":3,"key":"PowerPotion"},{"floor":3,"key":"SmokeBomb"},{"floor":3,"key":"Weak Potion"},{"floor":7,"key":"GamblersBrew"}],"is_trial":false,"path_per_floor":["M","?","?","M","$","R","E","M","T","M","R","E","$","M","R","B",null],"character_chosen":"IRONCLAD","items_purchased":["Flex"],"campfire_rested":0,"item_purchase_floors":[5],"current_hp_per_floor":[80,80,80,80,80,80,80,80,80,80,80,68,68,67,67,21,87],"gold":216,"neow_bonus":"THREE_ENEMY_KILL","is_prod":false,"is_daily":false,"chose_seed":false,"campfire_upgraded":3,"win_rate":0,"timestamp":1552084823,"path_taken":["M","?","?","?","$","R","E","M","T","M","R","E","?","M","R","BOSS"],"build_version":"2019-01-23","purchased_purges":2,"victory":false,"max_hp_per_floor":[80,80,80,80,80,80,80,80,80,80,80,87,87,87,87,87,87],"card_choices":[{"not_picked":["Battle Trance","Thunderclap"],"picked":"Heavy Blade","floor":1},{"not_picked":["Carnage","Havoc","Fire Breathing"],"picked":"SKIP","floor":4},{"not_picked":["Heavy Blade","Immolate"],"picked":"Uppercut","floor":7},{"not_picked":["Wild Strike","True Grit","Pummel"],"picked":"SKIP","floor":8},{"not_picked":["Warcry","Feel No Pain"],"picked":"Pommel Strike+1","floor":10},{"not_picked":["Power Through","Headbutt+1"],"picked":"Seeing Red","floor":12},{"not_picked":["Body Slam+1","Sentinel","Dual Wield"],"picked":"SKIP","floor":14},{"not_picked":["Dark Embrace","Brutality"],"picked":"Juggernaut","floor":16},{"not_picked":["Disarm","Fire Breathing"],"picked":"Shrug It Off","floor":17},{"not_picked":["Headbutt+1","Second Wind"],"picked":"Body Slam+1","floor":17},{"not_picked":["Sword Boomerang+1","Second Wind"],"picked":"Shrug It Off","floor":17},{"not_picked":["Heavy Blade+1","Twin Strike+1"],"picked":"Flame Barrier","floor":17}],"player_experience":82003,"relics_obtained":[{"floor":7,"key":"Whetstone"},{"floor":9,"key":"Molten Egg 2"},{"floor":12,"key":"Strawberry"}],"event_choices":[{"damage_healed":0,"gold_gain":0,"cards_transformed":["Strike_R"],"player_choice":"Change","damage_taken":0,"max_hp_gain":0,"max_hp_loss":0,"event_name":"Living Wall","floor":2,"gold_loss":0,"cards_obtained":["Double Tap"]},{"damage_healed":0,"gold_gain":0,"player_choice":"Got Potions","damage_taken":0,"max_hp_gain":0,"max_hp_loss":0,"event_name":"Lab","floor":3,"gold_loss":0}],"is_beta":false,"boss_relics":[{"not_picked":["Snecko Eye","Cursed Key"],"picked":"Orrery"}],"items_purged_floors":[5,13],"is_endless":false,"potions_floor_spawned":[7,10,12,16],"ascension_level":0}