{"gold_per_floor":[99,99,99,99,99,99,99,99],"floor_reached":8,"playtime":279,"items_purged":[],"score":120,"play_id":"d6978552-0dd6-4723-a536-467b8f6dc35b","local_time":"20190707204939","is_ascension_mode":true,"campfire_choices":[],"neow_cost":"NONE","seed_source_timestamp":1967335134679916,"circlet_count":0,"master_deck":["AscendersBane","Strike_B","Strike_B","Strike_B","Strike_B+1","Defend_B","Defend_B","Defend_B+1","Defend_B","Zap","Dualcast","Rebound","Self Repair","Darkness","Hologram","Biased Cognition"],"relics":["Ectoplasm","Anchor"],"potions_floor_usage":[8,8],"damage_taken":[{"damage":1,"enemies":"2 Louse","floor":1,"turns":4},{"damage":2,"enemies":"Jaw Worm","floor":2,"turns":3},{"damage":7,"enemies":"Small Slimes","floor":4,"turns":3},{"damage":3,"enemies":"Blue Slaver","floor":5,"turns":3},{"damage":39,"enemies":"Gremlin Nob","floor":6,"turns":4},{"damage":0,"enemies":"2 Fungi Beasts","floor":7,"turns":4},{"damage":19,"enemies":"Lagavulin","floor":8,"turns":5}],"seed_played":"243779873310835604","potions_obtained":[{"floor":2,"key":"Energy Potion"},{"floor":5,"key":"FocusPotion"},{"floor":7,"key":"SkillPotion"}],"is_trial":false,"path_per_floor":["M","M","?","M","M","E","M","E"],"character_chosen":"DEFECT","items_purchased":[],"campfire_rested":0,"item_purchase_floors":[],"current_hp_per_floor":[63,61,40,40,44,12,19,0],"gold":99,"neow_bonus":"BOSS_RELIC","is_prod":false,"is_daily":false,"chose_seed":false,"campfire_upgraded":0,"win_rate":0,"timestamp":1562557779,"path_taken":["M","M","?","M","M","E","M","E"],"build_version":"2019-07-05","purchased_purges":0,"victory":false,"max_hp_per_floor":[71,71,71,71,71,71,71,71],"card_choices":[{"not_picked":["Barrage","Blizzard"],"picked":"Rebound","floor":1},{"not_picked":["Gash","Chill"],"picked":"Self Repair","floor":2},{"not_picked":["Compile Driver","Tempest"],"picked":"Darkness","floor":4},{"not_picked":["Scrape","Steam"],"picked":"Hologram","floor":5},{"not_picked":["Redo","Fusion"],"picked":"Biased Cognition","floor":6},{"not_picked":["Rip and Tear","Turbo","Leap"],"picked":"SKIP","floor":7}],"player_experience":641567,"relics_obtained":[{"floor":6,"key":"Anchor"}],"event_choices":[{"damage_healed":0,"gold_gain":0,"player_choice":"Entered Light","damage_taken":21,"max_hp_gain":0,"max_hp_loss":0,"event_name":"Shining Light","floor":3,"gold_loss":0,"cards_upgraded":["Strike_B","Defend_B"]}],"is_beta":false,"boss_relics":[],"items_purged_floors":[],"is_endless":false,"potions_floor_spawned":[2,5,6,7],"killed_by":"Lagavulin","ascension_level":20}