{"gold_per_floor":[113,113,130,14,29,29,56,56,83,83,98,125,125,50,50,150,150,169,181,255,271,271],"floor_reached":22,"playtime":1265,"items_purged":["Strike_B"],"score":281,"play_id":"301be630-6e4a-4567-9535-2555e56a945c","local_time":"20191027004943","is_ascension_mode":true,"campfire_choices":[{"data":"Buffer","floor":6,"key":"SMITH"},{"floor":10,"key":"REST"},{"data":"Tempest","floor":15,"key":"SMITH"}],"neow_cost":"NONE","seed_source_timestamp":1470052601666100,"circlet_count":0,"master_deck":["Strike_B","Strike_B","Strike_B","Defend_B","Defend_B","Defend_B","Defend_B","Zap","Dualcast","Rebound","Buffer+1","Chaos+1","Sweeping Beam","Leap","Cold Snap","Seek","Tempest+1","Echo Form","Steam"],"relics":["FrozenCore","NeowsBlessing","Anchor","Boot","Centennial Puzzle","Bottled Flame"],"potions_floor_usage":[16,21,21],"damage_taken":[{"damage":0,"enemies":"Jaw Worm","floor":1,"turns":1},{"damage":0,"enemies":"Cultist","floor":3,"turns":1},{"damage":0,"enemies":"Small Slimes","floor":5,"turns":1},{"damage":29,"enemies":"Gremlin Nob","floor":7,"turns":5},{"damage":0,"enemies":"2 Fungi Beasts","floor":11,"turns":3},{"damage":23,"enemies":"Lagavulin","floor":12,"turns":9},{"damage":12,"enemies":"The Guardian","floor":16,"turns":13},{"damage":0,"enemies":"Spheric Guardian","floor":18,"turns":6},{"damage":5,"enemies":"Shell Parasite","floor":19,"turns":7},{"damage":46,"enemies":"3 Cultists","floor":21,"turns":8},{"damage":21,"enemies":"Shelled Parasite and Fungi","floor":22,"turns":10}],"seed_played":"-5486488642223512062","potions_obtained":[{"floor":2,"key":"Energy Potion"},{"floor":2,"key":"FairyPotion"},{"floor":2,"key":"PowerPotion"},{"floor":18,"key":"Fire Potion"},{"floor":21,"key":"Energy Potion"}],"is_trial":false,"path_per_floor":["M","?","M","$","M","R","E","?","T","R","M","E","?","$","R","B",null,"M","M","T","M","M"],"character_chosen":"DEFECT","items_purchased":["Chaos","Tempest"],"campfire_rested":1,"item_purchase_floors":[4,14],"current_hp_per_floor":[68,68,68,68,68,68,39,39,39,61,61,38,38,38,38,26,63,63,58,58,12,0],"gold":271,"neow_bonus":"THREE_ENEMY_KILL","is_prod":false,"is_daily":false,"chose_seed":false,"campfire_upgraded":2,"win_rate":0,"timestamp":1572151783,"path_taken":["M","?","?","$","M","R","E","?","T","R","M","E","?","$","R","BOSS","M","M","?","M","M"],"build_version":"2019-07-17","purchased_purges":1,"victory":false,"max_hp_per_floor":[75,75,75,75,75,75,75,75,75,75,75,75,75,75,75,75,75,75,75,75,75,75],"card_choices":[{"not_picked":["Barrage","Turbo"],"picked":"Rebound","floor":1},{"not_picked":["Compile Driver","Hologram"],"picked":"Buffer","floor":3},{"not_picked":["White Noise","Storm"],"picked":"Sweeping Beam","floor":5},{"not_picked":["Reprogram","Scrape"],"picked":"Leap","floor":7},{"not_picked":["Blizzard","Stack"],"picked":"Cold Snap","floor":11},{"not_picked":["Cold Snap","Streamline"],"picked":"Seek","floor":12},{"not_picked":["Biased Cognition","Multi-Cast"],"picked":"Echo Form","floor":16},{"not_picked":["Tempest","Melter","Streamline"],"picked":"SKIP","floor":18},{"not_picked":["Hello World","Ball Lightning"],"picked":"Steam","floor":19},{"not_picked":["Chaos","Sweeping Beam","Hologram"],"picked":"SKIP","floor":21}],"player_experience":471701,"relics_obtained":[{"floor":7,"key":"Anchor"},{"floor":9,"key":"Boot"},{"floor":12,"key":"Centennial Puzzle"},{"floor":20,"key":"Bottled Flame"}],"event_choices":[{"damage_healed":0,"gold_gain":0,"player_choice":"Got Potions","damage_taken":0,"max_hp_gain":0,"max_hp_loss":0,"event_name":"Lab","floor":2,"gold_loss":0},{"damage_healed":0,"gold_gain":0,"player_choice":"Ignored","damage_taken":0,"max_hp_gain":0,"max_hp_loss":0,"event_name":"Liars Game","floor":8,"gold_loss":0},{"damage_healed":0,"gold_gain":0,"player_choice":"Upgraded","damage_taken":0,"max_hp_gain":0,"max_hp_loss":0,"event_name":"Upgrade Shrine","floor":13,"gold_loss":0,"cards_upgraded":["Chaos"]}],"is_beta":false,"boss_relics":[{"not_picked":["Eternal Feather","White Beast Statue"],"picked":"FrozenCore"}],"items_purged_floors":[4],"is_endless":false,"potions_floor_spawned":[3,7,12,18,21],"killed_by":"Shelled Parasite and Fungi","ascension_level":9}