{"gold_per_floor":[119,135,135,181,193,224,224,244,323,323,341,341],"floor_reached":12,"playtime":465,"items_purged":[],"score":132,"play_id":"8a882b1c-585f-4a03-8a7d-46a35e360c62","local_time":"20190427103537","is_ascension_mode":true,"campfire_choices":[{"data":"Lockon","floor":7,"key":"SMITH"},{"floor":10,"key":"REST"}],"neow_cost":"NONE","seed_source_timestamp":1207317659325369,"circlet_count":0,"master_deck":["AscendersBane","Strike_B","Strike_B","Strike_B","Strike_B+1","Defend_B","Defend_B","Defend_B+1","Defend_B","Zap","Dualcast","Doom and Gloom","Lockon+1","Sweeping Beam","Glacier","Undo"],"relics":["Cracked Core","Smiling Mask","Bronze Scales","Gremlin Horn","Matryoshka"],"potions_floor_usage":[12,12],"damage_taken":[{"damage":2,"enemies":"2 Louse","floor":1,"turns":2},{"damage":2,"enemies":"Jaw Worm","floor":2,"turns":3},{"damage":0,"enemies":"Cultist","floor":5,"turns":3},{"damage":22,"enemies":"3 Sentries","floor":6,"turns":5},{"damage":19,"enemies":"Exordium Wildlife","floor":8,"turns":4},{"damage":10,"enemies":"3 Louse","floor":11,"turns":3},{"damage":31,"enemies":"Gremlin Nob","floor":12,"turns":4}],"seed_played":"-3847476934382689073","potions_obtained":[{"floor":6,"key":"SkillPotion"},{"floor":11,"key":"Ancient Potion"}],"is_trial":false,"path_per_floor":["M","M","?","T","M","E","R","M","T","R","M","E"],"character_chosen":"DEFECT","items_purchased":[],"campfire_rested":1,"item_purchase_floors":[],"current_hp_per_floor":[66,64,49,49,49,27,27,8,8,30,20,0],"gold":341,"neow_bonus":"RANDOM_COMMON_RELIC","is_prod":false,"is_daily":false,"chose_seed":false,"campfire_upgraded":1,"win_rate":0,"timestamp":1556386537,"path_taken":["M","M","?","?","M","E","R","M","T","R","M","E"],"build_version":"2019-01-23","purchased_purges":0,"victory":false,"max_hp_per_floor":[75,75,75,75,75,75,75,75,75,75,75,75],"card_choices":[{"not_picked":["Barrage","Beam Cell"],"picked":"Doom and Gloom","floor":1},{"not_picked":["Redo","Streamline"],"picked":"Lockon","floor":2},{"not_picked":["Stack","Coolheaded"],"picked":"Sweeping Beam","floor":5},{"not_picked":["Turbo","Rainbow","Recycle"],"picked":"SKIP","floor":6},{"not_picked":["Turbo","Compile Driver"],"picked":"Glacier","floor":8},{"not_picked":["Rebound","Reinforced Body"],"picked":"Undo","floor":11}],"player_experience":324673,"relics_obtained":[{"floor":4,"key":"Bronze Scales"},{"floor":6,"key":"Gremlin Horn"},{"floor":9,"key":"Matryoshka"}],"event_choices":[{"damage_healed":0,"gold_gain":0,"player_choice":"Entered Light","damage_taken":15,"max_hp_gain":0,"max_hp_loss":0,"event_name":"Shining Light","floor":3,"gold_loss":0,"cards_upgraded":["Defend_B","Strike_B"]}],"is_beta":false,"boss_relics":[],"items_purged_floors":[],"is_endless":false,"potions_floor_spawned":[6,11],"killed_by":"Gremlin Nob","ascension_level":13}