{"gold_per_floor":[109,128,128,147,162,190,190,190,190,130,130],"floor_reached":11,"playtime":225,"items_purged":["Pain"],"score":146,"play_id":"2c4c4fe3-8ab4-4fe6-8e53-82deb551d177","local_time":"20190926232533","is_ascension_mode":true,"campfire_choices":[],"neow_cost":"NONE","seed_source_timestamp":1376617342054800,"circlet_count":0,"master_deck":["AscendersBane","Strike_B","Strike_B","Strike_B","Strike_B","Defend_B+1","Defend_B","Defend_B+1","Defend_B","Zap","Dualcast","Self Repair","Compile Driver","Defragment","Scrape","Conserve Battery","Injury"],"relics":["Cracked Core","NeowsBlessing","WarpedTongs","Letter Opener","Golden Idol","The Courier"],"potions_floor_usage":[],"damage_taken":[{"damage":0,"enemies":"2 Louse","floor":1,"turns":1},{"damage":0,"enemies":"Cultist","floor":2,"turns":1},{"damage":2,"enemies":"Small Slimes","floor":4,"turns":1},{"damage":10,"enemies":"Looter","floor":5,"turns":3},{"damage":27,"enemies":"Lagavulin","floor":6,"turns":6},{"damage":22,"enemies":"The Mushroom Lair","floor":11,"turns":3}],"seed_played":"-150476262531629295","potions_obtained":[{"floor":2,"key":"Strength Potion"},{"floor":6,"key":"FearPotion"}],"is_trial":false,"path_per_floor":["M","M","?","M","M","E","?","?","T","$","?"],"character_chosen":"DEFECT","items_purchased":[],"campfire_rested":0,"item_purchase_floors":[],"current_hp_per_floor":[64,64,64,62,59,39,39,18,18,18,0],"gold":130,"neow_bonus":"THREE_ENEMY_KILL","is_prod":false,"is_daily":false,"chose_seed":false,"campfire_upgraded":0,"win_rate":0,"timestamp":1569565533,"path_taken":["M","M","?","M","?","E","?","?","T","$","?"],"build_version":"2019-07-17","purchased_purges":1,"victory":false,"max_hp_per_floor":[71,71,71,71,71,71,71,71,71,71,71],"card_choices":[{"not_picked":["Conserve Battery","Redo"],"picked":"Self Repair","floor":1},{"not_picked":["Rip and Tear","BootSequence"],"picked":"Compile Driver","floor":2},{"not_picked":["Turbo","Aggregate"],"picked":"Defragment","floor":4},{"not_picked":["Beam Cell","Stack"],"picked":"Scrape","floor":5},{"not_picked":["Hello World","Redo"],"picked":"Conserve Battery","floor":6}],"player_experience":807831,"relics_obtained":[{"floor":6,"key":"Letter Opener"},{"floor":9,"key":"The Courier"}],"event_choices":[{"damage_healed":0,"gold_gain":0,"player_choice":"Rummage","damage_taken":0,"relics_obtained":["WarpedTongs"],"max_hp_gain":0,"max_hp_loss":0,"event_name":"Accursed Blacksmith","floor":3,"gold_loss":0,"cards_obtained":["Pain"]},{"damage_healed":0,"gold_gain":0,"player_choice":"Take Wound","damage_taken":0,"relics_obtained":["Golden Idol"],"max_hp_gain":0,"max_hp_loss":0,"event_name":"Golden Idol","floor":7,"gold_loss":0,"cards_obtained":["Injury"]},{"damage_healed":0,"gold_gain":0,"player_choice":"Entered Light","damage_taken":21,"max_hp_gain":0,"max_hp_loss":0,"event_name":"Shining Light","floor":8,"gold_loss":0,"cards_upgraded":["Defend_B","Defend_B"]},{"damage_healed":0,"gold_gain":0,"player_choice":"Fought Mushrooms","damage_taken":0,"max_hp_gain":0,"max_hp_loss":0,"event_name":"Mushrooms","floor":11,"gold_loss":0}],"is_beta":false,"boss_relics":[],"items_purged_floors":[10],"is_endless":false,"potions_floor_spawned":[2,6],"killed_by":"The Mushroom Lair","ascension_level":20}