{"gold_per_floor":[113,130,28,44,55,20,67,102,128,159,159,70,70,103,103,176,176,194,212,134,134,146,175,175,191,218,235,235,249,262,290,290,362,362,374,374,1,14,14,44,44,44,69,69,99,0,15,30,30,30,30,30,30,30,30],"floor_reached":55,"playtime":3580,"items_purged":["Consume"],"score":2045,"play_id":"8900ccbf-de71-47f5-af83-21590a7cec0f","local_time":"20190909084215","is_ascension_mode":true,"campfire_choices":[{"data":"Defragment","floor":11.0,"key":"SMITH"},{"data":"Sweeping Beam","floor":15.0,"key":"SMITH"},{"floor":24.0,"key":"REST"},{"floor":32.0,"key":"REST"},{"floor":41.0,"key":"RECALL"},{"floor":44.0,"key":"REST"},{"floor":49,"key":"REST"},{"floor":53,"key":"REST"}],"neow_cost":"NONE","seed_source_timestamp":0,"circlet_count":0,"master_deck":["AscendersBane","Strike_B","Strike_B","Strike_B","Strike_B","Defend_B","Defend_B","Defend_B","Defend_B","Zap","Dualcast","Ball Lightning","Defragment+1","Sweeping Beam+1","Barrage","Sunder+1","Coolheaded+1","Conserve Battery","Glacier+1","Self Repair","Creative AI","Cold Snap+1","Cold Snap","Defragment+1","Coolheaded","Capacitor","Self Repair","Glacier","Creative AI","Cold Snap+1","Blizzard","Conserve Battery","Defragment","Capacitor","Genetic Algorithm","Conserve Battery+1"],"special_seed":0,"relics":["Cracked Core","PreservedInsect","Bronze Scales","Bag of Preparation","DataDisk","Calipers","Vajra","Fusion Hammer","Centennial Puzzle","Bag of Marbles","War Paint","Sozu","Runic Capacitor","Darkstone Periapt","Anchor","Red Mask"],"potions_floor_usage":[],"damage_taken":[{"damage":1.0,"enemies":"Cultist","floor":1.0,"turns":3.0},{"damage":3.0,"enemies":"2 Louse","floor":2.0,"turns":2.0},{"damage":7.0,"enemies":"Jaw Worm","floor":4.0,"turns":3.0},{"damage":6.0,"enemies":"Blue Slaver","floor":5.0,"turns":3.0},{"damage":25.0,"enemies":"3 Sentries","floor":8.0,"turns":4.0},{"damage":9.0,"enemies":"Lagavulin","floor":10.0,"turns":7.0},{"damage":8.0,"enemies":"3 Sentries","floor":14.0,"turns":3.0},{"damage":0.0,"enemies":"Slime Boss","floor":16.0,"turns":8.0},{"damage":0.0,"enemies":"Chosen","floor":18.0,"turns":5.0},{"damage":2.0,"enemies":"Shell Parasite","floor":19.0,"turns":6.0},{"damage":26.0,"enemies":"Shelled Parasite and Fungi","floor":22.0,"turns":7.0},{"damage":10.0,"enemies":"Slavers","floor":23.0,"turns":3.0},{"damage":6.0,"enemies":"Centurion and Healer","floor":25.0,"turns":18.0},{"damage":11.0,"enemies":"3 Cultists","floor":27.0,"turns":6.0},{"damage":5.0,"enemies":"Snake Plant","floor":29.0,"turns":8.0},{"damage":1.0,"enemies":"Centurion and Healer","floor":30.0,"turns":11.0},{"damage":37.0,"enemies":"Gremlin Leader","floor":31.0,"turns":7.0},{"damage":17.0,"enemies":"Collector","floor":33.0,"turns":13.0},{"damage":13.0,"enemies":"3 Darklings","floor":35.0,"turns":8.0},{"damage":2.0,"enemies":"Orb Walker","floor":38.0,"turns":3.0},{"damage":48.0,"enemies":"Reptomancer","floor":40.0,"turns":11.0},{"damage":0.0,"enemies":"Giant Head","floor":45.0,"turns":11.0},{"damage":29.0,"enemies":"Jaw Worm Horde","floor":47.0,"turns":5.0},{"damage":1.0,"enemies":"Writhing Mass","floor":48.0,"turns":17.0},{"damage":40,"enemies":"Awakened One","floor":50,"turns":39},{"damage":31,"enemies":"Time Eater","floor":51,"turns":28},{"damage":81,"enemies":"Shield and Spear","floor":55,"turns":6}],"seed_played":"3993132172609114651","potions_obtained":[{"floor":1.0,"key":"Regen Potion"},{"floor":10.0,"key":"FearPotion"},{"floor":14.0,"key":"Swift Potion"},{"floor":16.0,"key":"GamblersBrew"},{"floor":19.0,"key":"SteroidPotion"},{"floor":23.0,"key":"SpeedPotion"},{"floor":31.0,"key":"Weak Potion"},{"floor":33.0,"key":"SteroidPotion"}],"is_trial":false,"path_per_floor":["M","M","$","M","M","?","T","E","T","E","R","$","?","E","R","B",null,"M","M","$","?","M","E","R","M","T","M","?","M","M","E","R","B",null,"M","?","$","M","$","E","R","$","T","R","E","?","M","M","R","B","B",null,"R","$","E"],"character_chosen":"DEFECT","items_purchased":["Defragment","Sweeping Beam","Glacier","Defragment","Runic Capacitor","Defragment"],"campfire_rested":5,"item_purchase_floors":[3,3,12,20,37,37],"current_hp_per_floor":[63,60,60,53,47,64,64,39,39,45,45,45,45,37,37,44,64,71,71,71,71,52,49,70,71,71,60,60,69,71,48,69,71,71,71,71,71,71,71,51,51,51,51,71,71,71,42,62,71,59,56,67,71,71,0],"gold":30,"neow_bonus":"RANDOM_COMMON_RELIC","is_prod":false,"is_daily":false,"chose_seed":false,"campfire_upgraded":2,"win_rate":0,"timestamp":1568043735,"path_taken":["M","M","$","?","M","?","?","E","T","E","R","?","?","E","R","BOSS","M","M","$","?","?","E","R","M","T","M","?","M","M","E","R","BOSS","M","?","$","M","?","E","R","$","T","R","E","?","M","M","R","BOSS","BOSS","R","$","E"],"build_version":"2019-07-17","purchased_purges":1,"victory":false,"max_hp_per_floor":[71,71,71,71,71,71,71,71,71,71,71,71,71,71,71,71,71,71,71,71,71,71,71,71,71,71,71,71,71,71,71,71,71,71,71,71,71,71,71,71,71,71,71,71,71,71,71,71,71,71,71,71,71,71,71],"card_choices":[{"not_picked":["Chaos","Sweeping Beam"],"picked":"Ball Lightning","floor":1.0},{"not_picked":["Chaos","Go for the Eyes"],"picked":"Consume","floor":2.0},{"not_picked":["Redo","Gash"],"picked":"Barrage","floor":4.0},{"not_picked":["BootSequence","Sweeping Beam"],"picked":"Sunder","floor":5.0},{"not_picked":["Melter","Heatsinks"],"picked":"Coolheaded","floor":8.0},{"not_picked":["Rebound","Amplify"],"picked":"Conserve Battery","floor":10.0},{"not_picked":["Consume","Turbo"],"picked":"Self Repair","floor":14.0},{"not_picked":["Fission","Hyperbeam"],"picked":"Creative AI","floor":16.0},{"not_picked":["Streamline","Rip and Tear"],"picked":"Cold Snap+1","floor":18.0},{"not_picked":["Blizzard","Go for the Eyes"],"picked":"Cold Snap","floor":19.0},{"not_picked":["Storm+1","Streamline","Steam Power"],"picked":"SKIP","floor":22.0},{"not_picked":["Cold Snap","Stack"],"picked":"Coolheaded","floor":23.0},{"not_picked":["Reinforced Body","Turbo+1"],"picked":"Capacitor","floor":25.0},{"not_picked":["Double Energy","Go for the Eyes"],"picked":"Self Repair","floor":27.0},{"not_picked":["Sweeping Beam","BootSequence"],"picked":"Creative AI","floor":29.0},{"not_picked":["Sweeping Beam+1","Turbo"],"picked":"Cold Snap+1","floor":30.0},{"not_picked":["Amplify","Go for the Eyes"],"picked":"Blizzard","floor":31.0},{"not_picked":["Scrape","Leap+1"],"picked":"Conserve Battery","floor":35.0},{"not_picked":["Cold Snap","Streamline"],"picked":"Capacitor","floor":38.0},{"not_picked":["Hologram","Aggregate"],"picked":"Genetic Algorithm","floor":40.0},{"not_picked":["Steam+1","Go for the Eyes"],"picked":"Conserve Battery+1","floor":45.0},{"not_picked":["Stack","Beam Cell+1","Streamline"],"picked":"SKIP","floor":47.0},{"not_picked":["Aggregate","Leap+1","Chill"],"picked":"SKIP","floor":48.0}],"player_experience":798994,"relics_obtained":[{"floor":7.0,"key":"Bronze Scales"},{"floor":8.0,"key":"Bag of Preparation"},{"floor":9.0,"key":"DataDisk"},{"floor":10.0,"key":"Calipers"},{"floor":14.0,"key":"Vajra"},{"floor":23.0,"key":"Centennial Puzzle"},{"floor":26.0,"key":"Bag of Marbles"},{"floor":31.0,"key":"War Paint"},{"floor":40.0,"key":"Darkstone Periapt"},{"floor":45.0,"key":"Anchor"}],"event_choices":[{"damage_healed":17.0,"max_hp_gain":0.0,"max_hp_loss":0.0,"gold_gain":0.0,"event_name":"The Cleric","player_choice":"Healed","floor":6.0,"gold_loss":35.0,"damage_taken":0.0},{"damage_healed":0.0,"max_hp_gain":0.0,"max_hp_loss":0.0,"gold_gain":0.0,"event_name":"Living Wall","player_choice":"Grow","floor":13.0,"gold_loss":0.0,"damage_taken":0.0,"cards_upgraded":["Sunder"]},{"damage_healed":0.0,"max_hp_gain":0.0,"max_hp_loss":0.0,"gold_gain":0.0,"event_name":"Upgrade Shrine","player_choice":"Upgraded","floor":21.0,"gold_loss":0.0,"damage_taken":0.0,"cards_upgraded":["Defragment"]},{"damage_healed":0.0,"max_hp_gain":0.0,"max_hp_loss":0.0,"gold_gain":0.0,"event_name":"The Library","player_choice":"Read","floor":28.0,"gold_loss":0.0,"damage_taken":0.0,"cards_obtained":["Glacier"]},{"damage_healed":0.0,"max_hp_gain":0.0,"max_hp_loss":0.0,"gold_gain":0.0,"event_name":"Match and Keep!","player_choice":"0 cards matched","floor":36.0,"gold_loss":0.0,"damage_taken":0.0,"cards_obtained":[]},{"damage_healed":0.0,"max_hp_gain":0.0,"max_hp_loss":0.0,"gold_gain":0.0,"event_name":"Tomb of Lord Red Mask","player_choice":"Paid","floor":46.0,"gold_loss":99.0,"damage_taken":0.0,"relics_obtained":["Red Mask"]}],"is_beta":false,"boss_relics":[{"not_picked":["Runic Pyramid","Calling Bell"],"picked":"Fusion Hammer"},{"not_picked":["Eternal Feather","Velvet Choker"],"picked":"Sozu"}],"items_purged_floors":[37],"is_endless":false,"potions_floor_spawned":[1,10,14,16,19,23,31,33,38,40,45,47],"killed_by":"Shield and Spear","ascension_level":20}