{"gold_per_floor":[217,229,245,260,23,23,50,212,247,287,318,201,224,243,243,320,320,296,316,316,316,328,353,353,353,353,365,395,408,443,463,463,537,537,554,574,228,243,262,262],"floor_reached":40,"playtime":2055,"items_purged":["Strike_B","Doubt"],"score":1074,"play_id":"08d75d8f-6928-4881-a3e1-94ebc09412bc","local_time":"20190717194405","is_ascension_mode":true,"campfire_choices":[{"data":"Defragment","floor":6,"key":"SMITH"},{"floor":15,"key":"REST"},{"data":"Ghostly","floor":24,"key":"SMITH"},{"data":"Creative AI","floor":32,"key":"SMITH"}],"neow_cost":"NONE","seed_source_timestamp":549899935901974,"circlet_count":0,"master_deck":["AscendersBane","Strike_B+1","Strike_B+1","Strike_B+1","Defend_B+1","Defend_B+1","Defend_B+1","Defend_B+1","Zap","Dualcast","Genetic Algorithm","Ball Lightning","Defragment+1","Conserve Battery","Go for the Eyes","Genetic Algorithm","Compile Driver","Core Surge","Coolheaded","Ghostly+1","Ghostly","Ghostly","Go for the Eyes+1","Capacitor","Cold Snap","Creative AI+1","Creative AI","Barrage+1","Capacitor+1","Conserve Battery","Chill"],"relics":["Cracked Core","Bronze Scales","MawBank","Vajra","Centennial Puzzle","Anchor","Velvet Choker","Strawberry","DataDisk","Ancient Tea Set","Omamori","Dream Catcher","Snecko Eye","Frozen Egg 2"],"potions_floor_usage":[7,16,16,36],"damage_taken":[{"damage":3,"enemies":"2 Louse","floor":1,"turns":4},{"damage":3,"enemies":"Jaw Worm","floor":2,"turns":5},{"damage":2,"enemies":"Cultist","floor":3,"turns":4},{"damage":11,"enemies":"Blue Slaver","floor":4,"turns":4},{"damage":7,"enemies":"Gremlin Nob","floor":7,"turns":3},{"damage":13,"enemies":"3 Sentries","floor":10,"turns":5},{"damage":0,"enemies":"Exordium Thugs","floor":11,"turns":3},{"damage":0,"enemies":"3 Louse","floor":14,"turns":2},{"damage":31,"enemies":"The Guardian","floor":16,"turns":9},{"damage":1,"enemies":"2 Thieves","floor":18,"turns":4},{"damage":15,"enemies":"Spheric Guardian","floor":19,"turns":4},{"damage":0,"enemies":"Centurion and Healer","floor":22,"turns":10},{"damage":2,"enemies":"Slavers","floor":23,"turns":6},{"damage":0,"enemies":"Shelled Parasite and Fungi","floor":27,"turns":5},{"damage":10,"enemies":"Book of Stabbing","floor":28,"turns":5},{"damage":0,"enemies":"Sentry and Sphere","floor":29,"turns":5},{"damage":0,"enemies":"Slavers","floor":30,"turns":6},{"damage":0,"enemies":"3 Cultists","floor":31,"turns":5},{"damage":0,"enemies":"Champ","floor":33,"turns":11},{"damage":0,"enemies":"3 Shapes","floor":35,"turns":9},{"damage":18,"enemies":"Orb Walker","floor":36,"turns":7},{"damage":13,"enemies":"Spire Growth","floor":38,"turns":7},{"damage":7,"enemies":"Sphere and 2 Shapes","floor":39,"turns":9},{"damage":5,"enemies":"Reptomancer","floor":40,"turns":2}],"seed_played":"8240397987235736528","potions_obtained":[{"floor":1,"key":"FearPotion"},{"floor":3,"key":"Strength Potion"},{"floor":4,"key":"Poison Potion"},{"floor":7,"key":"Fire Potion"},{"floor":23,"key":"Swift Potion"},{"floor":28,"key":"LiquidBronze"},{"floor":29,"key":"Ancient Potion"},{"floor":33,"key":"PowerPotion"},{"floor":39,"key":"FairyPotion"}],"is_trial":false,"path_per_floor":["M","M","M","M","$","R","E","?","T","E","M","$","T","M","R","B",null,"M","M","?","?","M","E","R","?","T","M","E","M","E","M","R","B",null,"M","M","$","M","M","E"],"character_chosen":"DEFECT","items_purchased":["Bronze Scales","Compile Driver","Frozen Egg 2","Capacitor+1"],"campfire_rested":1,"item_purchase_floors":[5,12,37,37],"current_hp_per_floor":[61,58,56,45,45,45,38,38,38,25,25,25,25,25,46,15,57,56,41,41,35,35,40,40,40,40,40,30,30,30,30,30,30,39,39,21,21,8,1,0],"gold":262,"neow_bonus":"HUNDRED_GOLD","is_prod":false,"is_daily":false,"chose_seed":false,"campfire_upgraded":3,"win_rate":0,"timestamp":1563417845,"path_taken":["M","M","M","M","$","R","E","?","T","E","M","?","?","M","R","BOSS","M","M","?","?","?","E","R","?","T","M","E","M","E","M","R","BOSS","M","M","$","M","?","E"],"build_version":"2019-07-17","purchased_purges":2,"victory":false,"max_hp_per_floor":[71,71,71,71,71,71,71,71,71,71,71,71,71,71,71,71,71,71,71,71,35,35,42,42,42,42,42,42,42,42,42,42,42,42,42,42,42,42,42,42],"card_choices":[{"not_picked":["Melter","Capacitor"],"picked":"Genetic Algorithm","floor":1},{"not_picked":["Go for the Eyes","Static Discharge"],"picked":"Ball Lightning","floor":2},{"not_picked":["Beam Cell","BootSequence"],"picked":"Defragment","floor":3},{"not_picked":["Chaos","Turbo"],"picked":"Conserve Battery","floor":4},{"not_picked":["Turbo","Streamline"],"picked":"Go for the Eyes","floor":7},{"not_picked":["Skim","Stack","Rebound"],"picked":"SKIP","floor":10},{"not_picked":["Aggregate","Steam"],"picked":"Genetic Algorithm","floor":11},{"not_picked":["Stack","Multi-Cast","Streamline"],"picked":"SKIP","floor":14},{"not_picked":["Multi-Cast","Rainbow"],"picked":"Core Surge","floor":16},{"not_picked":["Chill","Leap"],"picked":"Coolheaded","floor":18},{"not_picked":["Go for the Eyes","Compile Driver","Steam"],"picked":"SKIP","floor":19},{"not_picked":["Redo","Turbo"],"picked":"Go for the Eyes+1","floor":22},{"not_picked":["Barrage","Compile Driver","Lockon"],"picked":"SKIP","floor":23},{"not_picked":["Streamline","Barrage"],"picked":"Capacitor","floor":27},{"not_picked":["Sunder","Buffer"],"picked":"Cold Snap","floor":28},{"not_picked":["Steam","Turbo","Leap"],"picked":"SKIP","floor":29},{"not_picked":["Steam Power","Turbo"],"picked":"Creative AI","floor":30},{"not_picked":["Auto Shields","Streamline","Coolheaded"],"picked":"SKIP","floor":31},{"not_picked":["Biased Cognition","Multi-Cast"],"picked":"Creative AI","floor":33},{"not_picked":["Gash","Hologram"],"picked":"Barrage+1","floor":35},{"not_picked":["Sunder","Compile Driver","Static Discharge"],"picked":"SKIP","floor":36},{"not_picked":["Barrage","Stack"],"picked":"Conserve Battery","floor":38},{"not_picked":["Ball Lightning","Gash"],"picked":"Chill","floor":39}],"player_experience":683253,"relics_obtained":[{"floor":7,"key":"MawBank"},{"floor":9,"key":"Vajra"},{"floor":10,"key":"Centennial Puzzle"},{"floor":13,"key":"Anchor"},{"floor":23,"key":"Strawberry"},{"floor":26,"key":"Ancient Tea Set"},{"floor":28,"key":"Omamori"},{"floor":30,"key":"Dream Catcher"}],"event_choices":[{"damage_healed":0,"gold_gain":150,"player_choice":"AGREE","damage_taken":0,"max_hp_gain":0,"max_hp_loss":0,"event_name":"Liars Game","floor":8,"gold_loss":0,"cards_obtained":["Doubt"]},{"damage_healed":0,"gold_gain":0,"player_choice":"Simplicity","damage_taken":0,"max_hp_gain":0,"max_hp_loss":0,"event_name":"Back to Basics","floor":20,"gold_loss":0,"cards_upgraded":["Strike_B","Strike_B","Strike_B","Defend_B","Defend_B","Defend_B","Defend_B"]},{"damage_healed":0,"gold_gain":0,"player_choice":"Became a Ghost","damage_taken":0,"max_hp_gain":0,"max_hp_loss":36,"event_name":"Ghosts","floor":21,"gold_loss":0,"cards_obtained":["Ghostly","Ghostly","Ghostly"]},{"damage_healed":0,"gold_gain":0,"player_choice":"Gave Potion","damage_taken":0,"relics_obtained":["DataDisk"],"max_hp_gain":0,"max_hp_loss":0,"event_name":"WeMeetAgain","floor":25,"gold_loss":0}],"is_beta":false,"boss_relics":[{"not_picked":["Ectoplasm","Eternal Feather"],"picked":"Velvet Choker"},{"not_picked":["Pandora\u0027s Box","Runic Pyramid"],"picked":"Snecko Eye"}],"items_purged_floors":[5,12],"is_endless":false,"potions_floor_spawned":[1,3,4,7,11,23,28,29,30,33,35,39],"killed_by":"Reptomancer","ascension_level":20}