{"gold_per_floor":[116,136,148,223,235,270,270,304,331,331,342,342,374,391,391,391],"floor_reached":16,"playtime":706,"items_purged":[],"score":244,"play_id":"4d009ad7-ecac-467a-976b-7d54cde0d459","local_time":"20190605192636","is_ascension_mode":true,"campfire_choices":[{"floor":7,"key":"REST"},{"floor":12,"key":"REST"},{"floor":15,"key":"REST"}],"neow_cost":"NONE","seed_source_timestamp":1853589459510123,"circlet_count":0,"master_deck":["AscendersBane","Strike_B","Strike_B","Strike_B","Strike_B","Defend_B","Defend_B","Defend_B","Defend_B","Zap","Dualcast","Buffer","Sweeping Beam","Gash","Static Discharge","Rebound","Coolheaded","Genetic Algorithm","Parasite","Glacier","Compile Driver"],"relics":["Cracked Core","Calipers","Orichalcum","Happy Flower","Lantern"],"potions_floor_usage":[16],"damage_taken":[{"damage":0,"enemies":"2 Louse","floor":1,"turns":3},{"damage":13,"enemies":"Small Slimes","floor":2,"turns":2},{"damage":0,"enemies":"Jaw Worm","floor":3,"turns":3},{"damage":0,"enemies":"Large Slime","floor":5,"turns":5},{"damage":25,"enemies":"3 Sentries","floor":6,"turns":6},{"damage":52,"enemies":"Gremlin Nob","floor":8,"turns":5},{"damage":12,"enemies":"2 Fungi Beasts","floor":11,"turns":4},{"damage":14,"enemies":"Lagavulin","floor":13,"turns":9},{"damage":2,"enemies":"3 Louse","floor":14,"turns":5},{"damage":41,"enemies":"Slime Boss","floor":16,"turns":13}],"seed_played":"8587295724104857289","potions_obtained":[{"floor":6,"key":"FairyPotion"},{"floor":11,"key":"Energy Potion"},{"floor":13,"key":"GamblersBrew"}],"is_trial":false,"path_per_floor":["M","M","M","?","M","E","R","E","T","?","M","R","E","M","R","B"],"character_chosen":"DEFECT","items_purchased":[],"campfire_rested":3,"item_purchase_floors":[],"current_hp_per_floor":[64,51,51,40,40,15,36,7,7,24,12,33,19,17,38,0],"gold":391,"neow_bonus":"ONE_RANDOM_RARE_CARD","is_prod":false,"is_daily":false,"chose_seed":false,"campfire_upgraded":0,"win_rate":0,"timestamp":1559787996,"path_taken":["M","M","M","?","M","E","R","E","T","?","M","R","E","M","R","BOSS"],"build_version":"2019-01-23","purchased_purges":0,"victory":false,"max_hp_per_floor":[71,71,71,71,71,71,71,71,71,71,71,71,71,71,71,71],"card_choices":[{"not_picked":["Beam Cell","Hologram"],"picked":"Sweeping Beam","floor":1},{"not_picked":["Turbo","Streamline"],"picked":"Gash","floor":2},{"not_picked":["Force Field","Beam Cell"],"picked":"Static Discharge","floor":3},{"not_picked":["Heatsinks","Redo"],"picked":"Rebound","floor":5},{"not_picked":["Amplify","Beam Cell"],"picked":"Coolheaded","floor":6},{"not_picked":["Melter","Cold Snap"],"picked":"Genetic Algorithm","floor":8},{"not_picked":["Reprogram","Turbo"],"picked":"Glacier","floor":11},{"not_picked":["Turbo","Leap","Steam"],"picked":"SKIP","floor":13},{"not_picked":["Aggregate","Recycle"],"picked":"Compile Driver","floor":14}],"player_experience":581970,"relics_obtained":[{"floor":6,"key":"Calipers"},{"floor":8,"key":"Orichalcum"},{"floor":9,"key":"Happy Flower"},{"floor":13,"key":"Lantern"}],"event_choices":[{"damage_healed":0,"gold_gain":75,"player_choice":"Gather Gold","damage_taken":11,"max_hp_gain":0,"max_hp_loss":0,"event_name":"World of Goop","floor":4,"gold_loss":0},{"damage_healed":17,"gold_gain":0,"player_choice":"Healed and dodged fight","damage_taken":0,"max_hp_gain":0,"max_hp_loss":0,"event_name":"Mushrooms","floor":10,"gold_loss":0,"cards_obtained":["Parasite"]}],"is_beta":false,"boss_relics":[],"items_purged_floors":[],"is_endless":false,"potions_floor_spawned":[6,11,13],"killed_by":"Slime Boss","ascension_level":20}