{"gold_per_floor":[111,32,42,42,117,145,145,163,163,197,214,214],"floor_reached":12,"playtime":532,"items_purged":[],"score":139,"play_id":"25b5ca1a-c870-4097-a39f-0609d53a8d37","local_time":"20190922020628","is_ascension_mode":true,"campfire_choices":[{"floor":7,"key":"REST"}],"neow_cost":"NONE","seed_source_timestamp":692354390248000,"circlet_count":0,"master_deck":["Strike_P","Strike_P","Strike_P","Defend_P","Defend_P","Defend_P","Defend_P","Eruption","Vigilance","MentalFortress","Devotion","TalkToTheHand","MentalFortress"],"relics":["PureWater","Kunai","Pear","Anchor"],"potions_floor_usage":[10],"damage_taken":[{"damage":11,"enemies":"2 Louse","floor":1,"turns":3},{"damage":4,"enemies":"Jaw Worm","floor":3,"turns":6},{"damage":13,"enemies":"Lagavulin","floor":6,"turns":8},{"damage":0,"enemies":"Cultist","floor":8,"turns":4},{"damage":39,"enemies":"3 Sentries","floor":10,"turns":11},{"damage":8,"enemies":"3 Louse","floor":11,"turns":7}],"seed_played":"-4074195597239987093","potions_obtained":[{"floor":6,"key":"Explosive Potion"},{"floor":11,"key":"GamblersBrew"}],"is_trial":false,"path_per_floor":["M","$","M","?","?","E","R","M","T","E","M","?"],"character_chosen":"WATCHER","items_purchased":["Devotion"],"campfire_rested":1,"item_purchase_floors":[2],"current_hp_per_floor":[54,54,50,43,32,19,40,40,50,11,3,0],"gold":214,"neow_bonus":"TEN_PERCENT_HP_BONUS","is_prod":false,"is_daily":false,"chose_seed":false,"campfire_upgraded":0,"win_rate":0,"timestamp":1569110788,"path_taken":["M","$","M","?","?","E","R","M","T","E","M","?"],"build_version":"2019-09-20","purchased_purges":0,"victory":false,"max_hp_per_floor":[71,71,71,71,71,71,71,71,81,81,81,81],"card_choices":[{"not_picked":["JustLucky","Consecrate"],"picked":"MentalFortress","floor":1},{"not_picked":["Crescendo","Halt"],"picked":"TalkToTheHand","floor":3},{"not_picked":["Prostrate","TalkToTheHand"],"picked":"MentalFortress","floor":6},{"not_picked":["FlowState","EmptyBody","SashWhip"],"picked":"SKIP","floor":8},{"not_picked":["Conclude","Consecrate","Collect"],"picked":"SKIP","floor":10},{"not_picked":["JustLucky","Scrawl","BowlingBash"],"picked":"SKIP","floor":11}],"player_experience":470623,"relics_obtained":[{"floor":6,"key":"Kunai"},{"floor":9,"key":"Pear"},{"floor":10,"key":"Anchor"}],"event_choices":[{"cards_removed":["Strike_P"],"damage_healed":0,"gold_gain":0,"player_choice":"Card Removal","damage_taken":7,"max_hp_gain":0,"max_hp_loss":0,"event_name":"Golden Wing","floor":4,"gold_loss":0},{"damage_healed":0,"gold_gain":75,"player_choice":"Gather Gold","damage_taken":11,"max_hp_gain":0,"max_hp_loss":0,"event_name":"World of Goop","floor":5,"gold_loss":0}],"is_beta":true,"boss_relics":[],"items_purged_floors":[],"is_endless":false,"potions_floor_spawned":[6,11],"ascension_level":6}