{"gold_per_floor":[13,13,30,41,57,57,90,109,109,259,259,259,152,170,170,241,241,258,308,233,280,292,325,325,325,374,374],"floor_reached":27,"playtime":710,"items_purged":[],"score":462,"play_id":"feb7966f-a964-419e-8a1b-4dba80ce541e","local_time":"20191018134137","is_ascension_mode":true,"campfire_choices":[{"data":"Go for the Eyes","floor":6,"key":"SMITH"},{"floor":12,"key":"REST"},{"data":"Barrage","floor":15,"key":"SMITH"}],"neow_cost":"NO_GOLD","seed_source_timestamp":507123795201700,"circlet_count":0,"master_deck":["AscendersBane","Strike_B","Strike_B","Strike_B","Defend_B","Defend_B","Defend_B","Defend_B","Zap","Dualcast","Ball Lightning","Ball Lightning","Go for the Eyes+1","Capacitor","Coolheaded","Barrage+1","Biased Cognition","Self Repair","Coolheaded+1","Hello World+1","Necronomicurse","Writhe"],"relics":["Cracked Core","StoneCalendar","Incense Burner","WingedGreaves","Snecko Eye","Blood Vial","Peace Pipe","Necronomicon","The Courier","Centennial Puzzle"],"potions_floor_usage":[7,13,16],"damage_taken":[{"damage":1,"enemies":"Cultist","floor":1,"turns":3},{"damage":7,"enemies":"Small Slimes","floor":3,"turns":3},{"damage":3,"enemies":"2 Louse","floor":4,"turns":2},{"damage":15,"enemies":"Large Slime","floor":5,"turns":5},{"damage":25,"enemies":"3 Sentries","floor":7,"turns":7},{"damage":12,"enemies":"Blue Slaver","floor":8,"turns":3},{"damage":1,"enemies":"Exordium Thugs","floor":14,"turns":4},{"damage":18,"enemies":"Hexaghost","floor":16,"turns":9},{"damage":27,"enemies":"Shell Parasite","floor":18,"turns":4},{"damage":11,"enemies":"Spheric Guardian","floor":22,"turns":3},{"damage":9,"enemies":"Gremlin Leader","floor":23,"turns":7},{"damage":16,"enemies":"Centurion and Healer","floor":27,"turns":1}],"seed_played":"-4970687847440050917","potions_obtained":[{"floor":3,"key":"Block Potion"},{"floor":7,"key":"LiquidBronze"},{"floor":8,"key":"Block Potion"}],"is_trial":false,"path_per_floor":["M","$","M","M","M","R","E","M","T","?","?","R","$","M","R","B",null,"M","?","?","T","M","E","?","?","T","M"],"character_chosen":"DEFECT","items_purchased":["Fruit Juice"],"campfire_rested":1,"item_purchase_floors":[13],"current_hp_per_floor":[63,63,56,53,38,38,13,1,1,1,1,22,27,26,26,8,59,32,32,32,32,30,30,9,9,9,0],"gold":374,"neow_bonus":"ONE_RARE_RELIC","is_prod":false,"is_daily":false,"chose_seed":false,"campfire_upgraded":2,"win_rate":0,"timestamp":1571431297,"path_taken":["M","?","M","M","M","R","E","M","T","?","?","R","$","?","R","BOSS","M","?","?","?","?","E","?","?","T","M"],"build_version":"2019-07-17","purchased_purges":0,"victory":false,"max_hp_per_floor":[71,71,71,71,71,71,71,71,71,71,71,71,76,76,76,76,76,76,76,76,76,76,76,76,76,76,76],"card_choices":[{"not_picked":["Turbo","Sweeping Beam"],"picked":"Ball Lightning","floor":1},{"not_picked":["Heatsinks","Steam"],"picked":"Ball Lightning","floor":3},{"not_picked":["Steam","Heatsinks","Darkness"],"picked":"SKIP","floor":4},{"not_picked":["Heatsinks","Steam"],"picked":"Go for the Eyes","floor":5},{"not_picked":["Rebound","Machine Learning"],"picked":"Capacitor","floor":7},{"not_picked":["Compile Driver","Gash"],"picked":"Coolheaded","floor":8},{"not_picked":["Redo","Rebound"],"picked":"Barrage","floor":14},{"not_picked":["Buffer","Creative AI"],"picked":"Biased Cognition","floor":16},{"not_picked":["Chill","Coolheaded"],"picked":"Self Repair","floor":18},{"not_picked":["Ball Lightning","Turbo"],"picked":"Coolheaded+1","floor":22},{"not_picked":["Leap","Rip and Tear"],"picked":"Hello World+1","floor":23}],"player_experience":867360,"relics_obtained":[{"floor":7,"key":"Incense Burner"},{"floor":9,"key":"WingedGreaves"},{"floor":21,"key":"Blood Vial"},{"floor":23,"key":"Peace Pipe"},{"floor":24,"key":"Necronomicon"},{"floor":26,"key":"Centennial Puzzle"}],"event_choices":[{"damage_healed":0,"gold_gain":150,"player_choice":"AGREE","damage_taken":0,"max_hp_gain":0,"max_hp_loss":0,"event_name":"Liars Game","floor":10,"gold_loss":0,"cards_obtained":["Doubt"]},{"cards_removed":["Doubt"],"damage_healed":0,"gold_gain":0,"player_choice":"Purged","damage_taken":0,"max_hp_gain":0,"max_hp_loss":0,"event_name":"Purifier","floor":11,"gold_loss":0},{"damage_healed":0,"gold_gain":50,"player_choice":"Stole From Cult","damage_taken":0,"max_hp_gain":0,"max_hp_loss":0,"event_name":"Nest","floor":19,"gold_loss":0},{"cards_removed":["Strike_B"],"damage_healed":0,"gold_gain":0,"player_choice":"Gave Gold","damage_taken":0,"max_hp_gain":0,"max_hp_loss":0,"event_name":"Beggar","floor":20,"gold_loss":75},{"damage_healed":0,"gold_gain":0,"player_choice":"Obtained Book","damage_taken":21,"max_hp_gain":0,"max_hp_loss":0,"event_name":"Cursed Tome","floor":24,"gold_loss":0},{"damage_healed":0,"gold_gain":0,"player_choice":"Opened","damage_taken":0,"relics_obtained":["The Courier"],"max_hp_gain":0,"max_hp_loss":0,"event_name":"The Mausoleum","floor":25,"gold_loss":0,"cards_obtained":["Writhe"]}],"is_beta":false,"boss_relics":[{"not_picked":["Eternal Feather","Astrolabe"],"picked":"Snecko Eye"}],"items_purged_floors":[],"is_endless":false,"potions_floor_spawned":[3,7,8],"killed_by":"Centurion and Healer","ascension_level":20}