{"gold_per_floor":[113,88,107,107,121,121,86,112,112,138,38,38,188,219,219,295,295,307,232,232,251,135,135,168,168,220,252,252,276,287,299,299,371,371,388,388,403,473,484,515,515,515],"floor_reached":42,"playtime":1675,"items_purged":["Strike_B"],"score":960,"play_id":"d9c856ff-02af-4251-9f81-0b3a3cc23c70","local_time":"20190820193045","is_ascension_mode":true,"campfire_choices":[{"data":"1","floor":6,"key":"LIFT"},{"data":"2","floor":12,"key":"LIFT"},{"floor":15,"key":"REST"},{"floor":23,"key":"REST"},{"data":"3","floor":25,"key":"LIFT"},{"floor":28,"key":"REST"},{"floor":32,"key":"REST"},{"floor":41,"key":"RECALL"}],"neow_cost":"NONE","seed_source_timestamp":550505985837399,"circlet_count":0,"master_deck":["AscendersBane","Strike_B","Strike_B","Strike_B","Defend_B","Defend_B+1","Defend_B","Defend_B","Zap+1","Dualcast","Electrodynamics","Hologram","Compile Driver","Barrage","Self Repair","White Noise","Capacitor","Coolheaded","Undo","Biased Cognition","Cold Snap","Loop","Coolheaded","Stack","Hologram+1","Hello World+1","Multi-Cast","Conserve Battery+1","Coolheaded+1","Redo+1"],"relics":["Cracked Core","Girya","Matryoshka","Ancient Tea Set","Bottled Tornado","Ice Cream","DataDisk","White Beast Statue","Nilry\u0027s Codex","War Paint","Bronze Scales","Smiling Mask","Pen Nib","Art of War","Philosopher\u0027s Stone","Cables","Anchor"],"potions_floor_usage":[8,14,21,24,27,30,33,33,37,40,42,42],"damage_taken":[{"damage":1,"enemies":"Cultist","floor":1,"turns":3},{"damage":7,"enemies":"Jaw Worm","floor":3,"turns":4},{"damage":5,"enemies":"Small Slimes","floor":5,"turns":2},{"damage":8,"enemies":"Lagavulin","floor":8,"turns":5},{"damage":11,"enemies":"Gremlin Nob","floor":10,"turns":3},{"damage":18,"enemies":"3 Sentries","floor":14,"turns":3},{"damage":21,"enemies":"Hexaghost","floor":16,"turns":9},{"damage":33,"enemies":"2 Thieves","floor":18,"turns":3},{"damage":3,"enemies":"Chosen","floor":21,"turns":4},{"damage":21,"enemies":"Slavers","floor":24,"turns":2},{"damage":12,"enemies":"Gremlin Leader","floor":27,"turns":6},{"damage":20,"enemies":"Snake Plant","floor":30,"turns":3},{"damage":0,"enemies":"3 Cultists","floor":31,"turns":2},{"damage":20,"enemies":"Champ","floor":33,"turns":15},{"damage":12,"enemies":"3 Shapes","floor":35,"turns":2},{"damage":24,"enemies":"Orb Walker","floor":37,"turns":3},{"damage":22,"enemies":"Spire Growth","floor":39,"turns":5},{"damage":12,"enemies":"Nemesis","floor":40,"turns":11},{"damage":33,"enemies":"Reptomancer","floor":42,"turns":3}],"seed_played":"3801759725475350181","potions_obtained":[{"floor":3,"key":"SkillPotion"},{"floor":8,"key":"PowerPotion"},{"floor":14,"key":"SpeedPotion"},{"floor":18,"key":"Dexterity Potion"},{"floor":21,"key":"Regen Potion"},{"floor":24,"key":"Weak Potion"},{"floor":27,"key":"Dexterity Potion"},{"floor":30,"key":"GamblersBrew"},{"floor":31,"key":"Weak Potion"},{"floor":33,"key":"Strength Potion"},{"floor":35,"key":"Dexterity Potion"},{"floor":37,"key":"Explosive Potion"},{"floor":40,"key":"Swift Potion"}],"is_trial":false,"path_per_floor":["M","$","M","?","M","R","?","E","T","E","$","R","?","E","R","B",null,"M","?","?","M","$","R","E","R","T","E","R","T","M","M","R","B",null,"M","?","M","T","M","E","R","E"],"character_chosen":"DEFECT","items_purchased":["Compile Driver","Capacitor","Coolheaded","Loop"],"campfire_rested":4,"item_purchase_floors":[2,11,11,22],"current_hp_per_floor":[63,63,56,38,33,33,50,42,42,31,31,31,31,20,41,27,60,27,27,6,10,10,31,22,22,22,17,38,38,25,25,46,33,62,50,50,33,33,18,13,13,0],"gold":515,"neow_bonus":"ONE_RANDOM_RARE_CARD","is_prod":false,"is_daily":false,"chose_seed":false,"campfire_upgraded":0,"win_rate":0,"timestamp":1566354645,"path_taken":["M","?","?","?","M","R","?","E","T","E","$","R","?","E","R","BOSS","M","?","?","?","?","R","E","R","T","E","R","?","M","M","R","BOSS","M","?","M","?","?","E","R","E"],"build_version":"2019-07-17","purchased_purges":1,"victory":false,"max_hp_per_floor":[71,71,71,71,71,71,71,71,71,71,71,71,71,71,71,71,71,71,71,71,71,71,71,71,71,71,71,71,71,71,71,71,71,71,71,71,71,71,71,71,71,71],"card_choices":[{"not_picked":["Beam Cell","Darkness"],"picked":"Hologram","floor":1},{"not_picked":["Redo","Rip and Tear"],"picked":"Barrage","floor":3},{"not_picked":["Tempest","Steam Power","Reprogram"],"picked":"SKIP","floor":5},{"not_picked":["Storm","Loop"],"picked":"Self Repair","floor":8},{"not_picked":["Turbo","Force Field"],"picked":"White Noise","floor":10},{"not_picked":["Static Discharge","Double Energy"],"picked":"Undo","floor":14},{"not_picked":["Amplify","Machine Learning"],"picked":"Biased Cognition","floor":16},{"not_picked":["Stack","Streamline"],"picked":"Cold Snap","floor":18},{"not_picked":["Tempest","Steam","Chaos"],"picked":"SKIP","floor":21},{"not_picked":["Hologram","Rainbow"],"picked":"Coolheaded","floor":24},{"not_picked":["All For One","Electrodynamics"],"picked":"Stack","floor":27},{"not_picked":["Scrape","Hello World"],"picked":"Hologram+1","floor":30},{"not_picked":["Sunder","Steam"],"picked":"Hello World+1","floor":31},{"not_picked":["Thunder Strike","Fission"],"picked":"Multi-Cast","floor":33},{"not_picked":["Sweeping Beam+1","Go for the Eyes+1","Skim"],"picked":"SKIP","floor":35},{"not_picked":["Stack","Skim"],"picked":"Conserve Battery+1","floor":37},{"not_picked":["Barrage","Chaos"],"picked":"Coolheaded+1","floor":39},{"not_picked":["FTL","Go for the Eyes"],"picked":"Redo+1","floor":40}],"player_experience":739758,"relics_obtained":[{"floor":8,"key":"Matryoshka"},{"floor":9,"key":"Ancient Tea Set"},{"floor":9,"key":"Bottled Tornado"},{"floor":10,"key":"Ice Cream"},{"floor":14,"key":"DataDisk"},{"floor":20,"key":"Nilry\u0027s Codex"},{"floor":24,"key":"War Paint"},{"floor":26,"key":"Bronze Scales"},{"floor":26,"key":"Smiling Mask"},{"floor":27,"key":"Pen Nib"},{"floor":29,"key":"Art of War"},{"floor":38,"key":"Cables"},{"floor":40,"key":"Anchor"}],"event_choices":[{"damage_healed":0,"gold_gain":0,"player_choice":"Success","damage_taken":18,"relics_obtained":["Girya"],"max_hp_gain":0,"max_hp_loss":0,"event_name":"Scrap Ooze","floor":4,"gold_loss":0},{"damage_healed":17,"gold_gain":0,"player_choice":"Healed","damage_taken":0,"max_hp_gain":0,"max_hp_loss":0,"event_name":"The Cleric","floor":7,"gold_loss":35},{"damage_healed":0,"gold_gain":150,"player_choice":"AGREE","damage_taken":0,"max_hp_gain":0,"max_hp_loss":0,"event_name":"Liars Game","floor":13,"gold_loss":0,"cards_obtained":["Doubt"]},{"cards_removed":["Doubt"],"damage_healed":0,"gold_gain":0,"player_choice":"Gave Gold","damage_taken":0,"max_hp_gain":0,"max_hp_loss":0,"event_name":"Beggar","floor":19,"gold_loss":75},{"damage_healed":0,"gold_gain":0,"player_choice":"Obtained Book","damage_taken":21,"max_hp_gain":0,"max_hp_loss":0,"event_name":"Cursed Tome","floor":20,"gold_loss":0},{"damage_healed":0,"gold_gain":0,"player_choice":"Ignored","damage_taken":0,"max_hp_gain":0,"max_hp_loss":0,"event_name":"Tomb of Lord Red Mask","floor":36,"gold_loss":0}],"is_beta":false,"boss_relics":[{"not_picked":["Lizard Tail","Calling Bell"],"picked":"White Beast Statue"},{"not_picked":["Tiny House","Runic Pyramid"],"picked":"Philosopher\u0027s Stone"}],"items_purged_floors":[22],"is_endless":false,"potions_floor_spawned":[3,8,14,18,21,24,27,30,31,33,35,37,39,40],"killed_by":"Reptomancer","ascension_level":20}