{"gold_per_floor":[215,226,240,190,190,218,228,228,254,268,268,53,53,83,83,182,182,197,197,207,132,132,164,164,12,39,73,73,83,83,83,83,83],"floor_reached":33,"playtime":1877,"items_purged":["Strike_B"],"score":447,"play_id":"cde8c172-c8ec-44ba-abf6-997501a99816","local_time":"20191027012113","is_ascension_mode":true,"campfire_choices":[{"floor":8,"key":"REST"},{"data":"Cold Snap","floor":11,"key":"SMITH"},{"data":"Hologram","floor":13,"key":"SMITH"},{"data":"Defragment","floor":15,"key":"SMITH"},{"floor":24,"key":"REST"},{"data":"Dualcast","floor":28,"key":"SMITH"},{"data":"Fusion","floor":30,"key":"SMITH"},{"data":"Glacier","floor":32,"key":"SMITH"}],"neow_cost":"NONE","seed_source_timestamp":1471330418402500,"circlet_count":0,"master_deck":["Strike_B","Strike_B","Strike_B","Defend_B","Defend_B+1","Zap+1","Dualcast+1","Genetic Algorithm","Genetic Algorithm","Defragment+1","BootSequence","Cold Snap+1","Hologram+1","Chill","Glacier+1","Electrodynamics","Electrodynamics","Self Repair","Fusion+1","Machine Learning"],"relics":["Cracked Core","Bag of Marbles","War Paint","Bronze Scales","Eternal Feather","Nloth\u0027s Gift","Question Card","Happy Flower","Art of War","Pear"],"potions_floor_usage":[6,16,27],"damage_taken":[{"damage":3,"enemies":"2 Louse","floor":1,"turns":4},{"damage":3,"enemies":"Small Slimes","floor":2,"turns":3},{"damage":8,"enemies":"Cultist","floor":3,"turns":4},{"damage":26,"enemies":"Gremlin Nob","floor":6,"turns":4},{"damage":25,"enemies":"Gremlin Gang","floor":7,"turns":5},{"damage":0,"enemies":"Red Slaver","floor":10,"turns":3},{"damage":7,"enemies":"3 Sentries","floor":14,"turns":9},{"damage":4,"enemies":"Slime Boss","floor":16,"turns":14},{"damage":11,"enemies":"Spheric Guardian","floor":18,"turns":4},{"damage":23,"enemies":"3 Byrds","floor":20,"turns":3},{"damage":23,"enemies":"Gremlin Leader","floor":23,"turns":8},{"damage":14,"enemies":"Book of Stabbing","floor":27,"turns":7},{"damage":8,"enemies":"Centurion and Healer","floor":29,"turns":4},{"damage":83,"enemies":"Automaton","floor":33,"turns":16}],"seed_played":"-3139585280509152147","potions_obtained":[{"floor":1,"key":"PowerPotion"},{"floor":3,"key":"SkillPotion"},{"floor":16,"key":"Weak Potion"},{"floor":20,"key":"Strength Potion"},{"floor":23,"key":"SpeedPotion"},{"floor":27,"key":"Weak Potion"}],"is_trial":false,"path_per_floor":["M","M","M","?","?","E","M","R","T","M","R","$","R","E","R","B",null,"M","?","M","$","?","E","R","$","T","E","R","M","R","?","R","B"],"character_chosen":"DEFECT","items_purchased":["Bronze Scales","Chill","Happy Flower"],"campfire_rested":2,"item_purchase_floors":[12,12,25],"current_hp_per_floor":[65,62,54,54,75,49,24,46,46,46,46,46,46,46,46,42,72,61,61,38,38,38,15,48,48,48,44,53,52,61,61,73,0],"gold":83,"neow_bonus":"HUNDRED_GOLD","is_prod":false,"is_daily":false,"chose_seed":false,"campfire_upgraded":6,"win_rate":0,"timestamp":1572153673,"path_taken":["M","M","M","?","?","E","M","R","T","M","R","$","R","E","R","BOSS","M","?","?","$","?","E","R","$","T","E","R","M","R","?","R","BOSS"],"build_version":"2019-07-17","purchased_purges":1,"victory":false,"max_hp_per_floor":[75,75,75,75,75,75,75,75,75,75,75,75,75,82,82,82,82,82,82,82,82,82,82,82,82,82,92,92,92,92,92,92,92],"card_choices":[{"not_picked":["Sweeping Beam","Turbo"],"picked":"Genetic Algorithm","floor":1},{"not_picked":["Stack","Chaos"],"picked":"Genetic Algorithm","floor":2},{"not_picked":["Consume","Coolheaded"],"picked":"Defragment","floor":3},{"not_picked":["Redo","Conserve Battery"],"picked":"BootSequence","floor":6},{"not_picked":["Steam","Fusion"],"picked":"Cold Snap","floor":7},{"not_picked":["Gash","Stack"],"picked":"Hologram","floor":10},{"not_picked":["Auto Shields","Compile Driver"],"picked":"Glacier","floor":14},{"not_picked":["Buffer","Seek"],"picked":"Electrodynamics","floor":16},{"not_picked":["Chaos","Steam","Gash"],"picked":"SKIP","floor":18},{"not_picked":["Reprogram","Turbo","Scrape+1"],"picked":"SKIP","floor":20},{"not_picked":["Rip and Tear+1","Compile Driver+1"],"picked":"Electrodynamics","floor":23},{"not_picked":["Leap+1","Seek","Chill"],"picked":"Self Repair","floor":27},{"not_picked":["Streamline","Stack","Conserve Battery"],"picked":"Fusion","floor":29}],"player_experience":472966,"relics_obtained":[{"floor":6,"key":"Bag of Marbles"},{"floor":9,"key":"War Paint"},{"floor":14,"key":"Strawberry"},{"floor":23,"key":"Question Card"},{"floor":26,"key":"Art of War"},{"floor":27,"key":"Pear"}],"event_choices":[{"cards_removed":["Defend_B"],"damage_healed":0,"gold_gain":0,"player_choice":"Card Removal","damage_taken":0,"max_hp_gain":0,"max_hp_loss":0,"event_name":"The Cleric","floor":4,"gold_loss":50},{"damage_healed":21,"gold_gain":0,"player_choice":"Full Heal","damage_taken":0,"max_hp_gain":0,"max_hp_loss":0,"event_name":"Wheel of Change","floor":5,"gold_loss":0},{"damage_healed":0,"gold_gain":0,"player_choice":"Traded Relic","damage_taken":0,"relics_obtained":["Nloth\u0027s Gift"],"max_hp_gain":0,"max_hp_loss":0,"event_name":"N\u0027loth","floor":19,"relics_lost":["Strawberry"],"gold_loss":0},{"cards_removed":["Defend_B"],"damage_healed":0,"gold_gain":0,"player_choice":"Elegance","damage_taken":0,"max_hp_gain":0,"max_hp_loss":0,"event_name":"Back to Basics","floor":22,"gold_loss":0},{"damage_healed":0,"gold_gain":0,"player_choice":"Read","damage_taken":0,"max_hp_gain":0,"max_hp_loss":0,"event_name":"The Library","floor":31,"gold_loss":0,"cards_obtained":["Machine Learning"]}],"is_beta":false,"boss_relics":[{"not_picked":["Runic Dome","Busted Crown"],"picked":"Eternal Feather"}],"items_purged_floors":[21],"is_endless":false,"potions_floor_spawned":[1,3,16,20,23,27],"killed_by":"Automaton","ascension_level":9}