{"gold_per_floor":[118,133,208,219,219,219,245,29,54,88,107,127,127,141,141,220,220,191,191,191],"floor_reached":20,"playtime":828,"items_purged":["Strike_B"],"score":468,"play_id":"9cf228b4-b329-4fc1-b49a-0b3eb4df49f0","local_time":"20191010112407","is_ascension_mode":true,"campfire_choices":[{"data":"Finesse","floor":6,"key":"SMITH"},{"floor":13,"key":"REST"},{"data":"Defragment","floor":15,"key":"SMITH"}],"neow_cost":"NONE","seed_source_timestamp":36685905026800,"circlet_count":0,"master_deck":["AscendersBane","Strike_B+1","Strike_B+1","Strike_B+1","Defend_B+1","Defend_B+1","Defend_B+1","Defend_B+1","Zap","Dualcast","Finesse+1","Genetic Algorithm","Beam Cell+1","Cold Snap","Defragment+1","Self Repair","Ball Lightning","Coolheaded","Streamline","Buffer","Doom and Gloom"],"relics":["Cracked Core","Ancient Tea Set","Oddly Smooth Stone","Du-Vu Doll","Snecko Eye"],"potions_floor_usage":[7,20,20],"damage_taken":[{"damage":0,"enemies":"2 Louse","floor":1,"turns":2},{"damage":4,"enemies":"Small Slimes","floor":2,"turns":3},{"damage":0,"enemies":"Jaw Worm","floor":4,"turns":4},{"damage":24,"enemies":"3 Sentries","floor":7,"turns":10},{"damage":14,"enemies":"Lagavulin","floor":10,"turns":5},{"damage":8,"enemies":"3 Louse","floor":11,"turns":5},{"damage":1,"enemies":"Large Slime","floor":12,"turns":4},{"damage":3,"enemies":"Looter","floor":14,"turns":3},{"damage":0,"enemies":"The Guardian","floor":16,"turns":10},{"damage":34,"enemies":"2 Thieves","floor":18,"turns":4},{"damage":46,"enemies":"Masked Bandits","floor":20,"turns":3}],"seed_played":"-7252922222819521464","potions_obtained":[{"floor":1,"key":"GamblersBrew"},{"floor":2,"key":"Dexterity Potion"},{"floor":10,"key":"LiquidBronze"}],"is_trial":false,"path_per_floor":["M","M","?","M","?","R","E","$","T","E","M","M","R","M","R","B",null,"M","?","?"],"character_chosen":"DEFECT","items_purchased":["Self Repair","Ball Lightning"],"campfire_rested":1,"item_purchase_floors":[8,8],"current_hp_per_floor":[64,60,49,49,49,49,25,25,25,18,17,23,44,48,48,55,67,40,40,0],"gold":191,"neow_bonus":"RANDOM_COLORLESS","is_prod":false,"is_daily":false,"chose_seed":false,"campfire_upgraded":2,"win_rate":0,"timestamp":1570731847,"path_taken":["M","M","?","M","?","R","E","$","T","E","M","M","R","M","R","BOSS","M","?","?"],"build_version":"2019-07-17","purchased_purges":1,"victory":false,"max_hp_per_floor":[71,71,71,71,71,71,71,71,71,71,71,71,71,71,71,71,71,71,71,71],"card_choices":[{"not_picked":["Hologram","FTL"],"picked":"Genetic Algorithm","floor":1},{"not_picked":["Auto Shields","Reprogram"],"picked":"Beam Cell","floor":2},{"not_picked":["Rebound","Turbo"],"picked":"Cold Snap","floor":4},{"not_picked":["Streamline","Redo"],"picked":"Defragment","floor":7},{"not_picked":["Blizzard","Auto Shields"],"picked":"Coolheaded","floor":10},{"not_picked":["Melter","Fusion","Fission"],"picked":"SKIP","floor":11},{"not_picked":["Barrage","Steam Power","Leap"],"picked":"SKIP","floor":12},{"not_picked":["Heatsinks","Sweeping Beam"],"picked":"Streamline","floor":14},{"not_picked":["Fission","Thunder Strike"],"picked":"Buffer","floor":16},{"not_picked":["Conserve Battery","Undo"],"picked":"Doom and Gloom","floor":18}],"player_experience":843385,"relics_obtained":[{"floor":7,"key":"Ancient Tea Set"},{"floor":9,"key":"Oddly Smooth Stone"},{"floor":10,"key":"Du-Vu Doll"}],"event_choices":[{"damage_healed":0,"gold_gain":75,"player_choice":"Gather Gold","damage_taken":11,"max_hp_gain":0,"max_hp_loss":0,"event_name":"World of Goop","floor":3,"gold_loss":0},{"damage_healed":0,"gold_gain":0,"player_choice":"Grow","damage_taken":0,"max_hp_gain":0,"max_hp_loss":0,"event_name":"Living Wall","floor":5,"gold_loss":0,"cards_upgraded":["Beam Cell"]},{"damage_healed":0,"gold_gain":0,"player_choice":"Simplicity","damage_taken":0,"max_hp_gain":0,"max_hp_loss":0,"event_name":"Back to Basics","floor":19,"gold_loss":0,"cards_upgraded":["Strike_B","Strike_B","Strike_B","Defend_B","Defend_B","Defend_B","Defend_B"]},{"damage_healed":0,"gold_gain":0,"player_choice":"Fought Bandits","damage_taken":0,"max_hp_gain":0,"max_hp_loss":0,"event_name":"Masked Bandits","floor":20,"gold_loss":0}],"is_beta":false,"boss_relics":[{"not_picked":["Inserter","Coffee Dripper"],"picked":"Snecko Eye"}],"items_purged_floors":[8],"is_endless":false,"potions_floor_spawned":[1,2,10,14],"killed_by":"Masked Bandits","ascension_level":20}