{"gold_per_floor":[116,116,131,131,144,144,103,29,29,29,42,57,57,57,57,130,180,196,53,53,53,53,53,152,152,233,250,267,267,95,95,95,95],"floor_reached":33,"playtime":838,"items_purged":["Strike_B","Strike_B+1"],"score":481,"play_id":"4b8de223-2001-452b-a5f3-443c013dfefe","local_time":"20190418193641","is_ascension_mode":true,"campfire_choices":[{"data":"Zap","floor":6.0,"key":"SMITH"},{"data":"Dualcast","floor":10.0,"key":"SMITH"},{"floor":15.0,"key":"REST"},{"data":"Defragment","floor":23,"key":"SMITH"},{"data":"Defragment","floor":29,"key":"SMITH"},{"floor":32,"key":"REST"}],"neow_cost":"NONE","seed_source_timestamp":286059992992400,"circlet_count":0,"master_deck":["AscendersBane","Strike_B+1","Defend_B+1","Defend_B+1","Defend_B+1","Defend_B+1","Zap+1","Dualcast+1","Ball Lightning","Coolheaded","Electrodynamics","Defragment+1","Defragment+1","Loop"],"special_seed":0,"relics":["Cracked Core","Pocketwatch","Tiny House","Enchiridion","Meat on the Bone"],"potions_floor_usage":[16,31,33],"damage_taken":[{"damage":4.0,"enemies":"Small Slimes","floor":1.0,"turns":3.0},{"damage":7.0,"enemies":"Jaw Worm","floor":3.0,"turns":3.0},{"damage":8.0,"enemies":"2 Louse","floor":5.0,"turns":2.0},{"damage":12.0,"enemies":"Exordium Wildlife","floor":11.0,"turns":3.0},{"damage":3.0,"enemies":"Blue Slaver","floor":12.0,"turns":3.0},{"damage":0,"enemies":"Slime Boss","floor":16,"turns":4},{"damage":2,"enemies":"Chosen","floor":18,"turns":4},{"damage":9,"enemies":"Shell Parasite","floor":27,"turns":4},{"damage":0,"enemies":"Sentry and Sphere","floor":28,"turns":5},{"damage":23,"enemies":"Snake Plant","floor":31,"turns":3},{"damage":59,"enemies":"Champ","floor":33,"turns":11}],"seed_played":"-3626194757032548917","potions_obtained":[{"floor":0.0,"key":"LiquidBronze"},{"floor":0.0,"key":"SpeedPotion"},{"floor":12.0,"key":"Poison Potion"},{"floor":16,"key":"Poison Potion"},{"floor":17,"key":"SkillPotion"},{"floor":28,"key":"PowerPotion"}],"is_trial":false,"path_per_floor":["M","?","M","?","M","R","?","$","T","R","M","M","?","?","R","B",null,"M","$","?","?","$","R","?","?","T","M","M","R","$","M","R","B"],"character_chosen":"DEFECT","items_purchased":["Defragment","Defragment","Loop"],"campfire_rested":2,"item_purchase_floors":[8,19,30],"current_hp_per_floor":[60,60,53,58,50,50,50,50,50,50,38,35,28,21,43,43,73,71,71,71,71,71,71,71,55,55,46,46,46,46,35,59,0],"gold":95,"neow_bonus":"THREE_SMALL_POTIONS","is_prod":false,"is_daily":false,"chose_seed":false,"campfire_upgraded":4,"win_rate":0,"timestamp":1555609001,"path_taken":["M","?","M","?","M","R","?","$","T","R","M","?","?","?","R","BOSS","M","$","?","?","?","R","?","?","T","M","M","R","$","M","R","BOSS"],"build_version":"2019-01-23","purchased_purges":2,"victory":false,"max_hp_per_floor":[71,71,71,76,76,76,76,76,76,76,76,76,76,76,76,76,81,81,81,81,81,81,81,81,81,81,81,81,81,81,81,81,81],"card_choices":[{"not_picked":["Cold Snap","Stack"],"picked":"Ball Lightning","floor":1.0},{"not_picked":["Gash","Sweeping Beam"],"picked":"Coolheaded","floor":3.0},{"not_picked":["Streamline","Redo"],"picked":"Electrodynamics","floor":5.0},{"not_picked":["Gash","Reinforced Body","Beam Cell"],"picked":"SKIP","floor":11.0},{"not_picked":["Doom and Gloom","Hologram","Gash"],"picked":"SKIP","floor":12.0},{"not_picked":["Sweeping Beam","Consume","Turbo"],"picked":"SKIP","floor":18},{"not_picked":["Barrage","Streamline","Lockon"],"picked":"SKIP","floor":27},{"not_picked":["Multi-Cast","Beam Cell","Ball Lightning"],"picked":"SKIP","floor":28},{"not_picked":["Hologram+1","Hello World","Turbo"],"picked":"SKIP","floor":31}],"player_experience":422040,"relics_obtained":[{"floor":9.0,"key":"Pocketwatch"},{"floor":25,"key":"Enchiridion"},{"floor":26,"key":"Meat on the Bone"}],"event_choices":[{"damage_healed":0.0,"max_hp_gain":0.0,"max_hp_loss":0.0,"gold_gain":0.0,"event_name":"Liars Game","player_choice":"Ignored","floor":2.0,"gold_loss":0.0,"damage_taken":0.0},{"damage_healed":0.0,"max_hp_gain":5.0,"max_hp_loss":0.0,"gold_gain":0.0,"event_name":"Big Fish","player_choice":"Donut","floor":4.0,"gold_loss":0.0,"damage_taken":0.0},{"damage_healed":0.0,"max_hp_gain":0.0,"max_hp_loss":0.0,"gold_gain":0.0,"event_name":"World of Goop","player_choice":"Left Gold","floor":7.0,"gold_loss":41.0,"damage_taken":0.0},{"cards_removed":["Strike_B"],"damage_healed":0.0,"max_hp_gain":0.0,"max_hp_loss":0.0,"gold_gain":0.0,"event_name":"Golden Wing","player_choice":"Card Removal","floor":13.0,"gold_loss":0.0,"damage_taken":7.0},{"damage_healed":0.0,"max_hp_gain":0.0,"max_hp_loss":0.0,"gold_gain":0.0,"event_name":"Wheel of Change","player_choice":"Damaged","floor":14.0,"gold_loss":0.0,"damage_taken":7.0},{"damage_healed":0,"gold_gain":0,"player_choice":"Simplicity","damage_taken":0,"max_hp_gain":0,"max_hp_loss":0,"event_name":"Back to Basics","floor":20,"gold_loss":0,"cards_upgraded":["Strike_B","Strike_B","Defend_B","Defend_B","Defend_B"]},{"damage_healed":0,"gold_gain":99,"player_choice":"Stole From Cult","damage_taken":0,"max_hp_gain":0,"max_hp_loss":0,"event_name":"Nest","floor":24,"gold_loss":0},{"damage_healed":0,"gold_gain":0,"player_choice":"Obtained Book","damage_taken":16,"max_hp_gain":0,"max_hp_loss":0,"event_name":"Cursed Tome","floor":25,"gold_loss":0}],"is_beta":false,"boss_relics":[{"not_picked":["Velvet Choker","Busted Crown"],"picked":"Tiny House"}],"items_purged_floors":[19,30],"is_endless":false,"potions_floor_spawned":[5,12,16,28,31],"killed_by":"Champ","ascension_level":14}