{"gold_per_floor":[109,124,138,153,166,166,26,26,72,83,95,105,68,94,94,171,171,181,106,119,139,157,157,184,184,231,231,266,293,324,374,374,374],"floor_reached":33,"playtime":1477,"items_purged":[],"score":668,"play_id":"a3697a4d-370d-4254-bf92-745df927ae74","local_time":"20191018234625","is_ascension_mode":true,"campfire_choices":[{"data":"Hyperbeam","floor":6,"key":"SMITH"},{"data":"Defragment","floor":8,"key":"SMITH"},{"floor":15,"key":"REST"},{"floor":23,"key":"REST"},{"floor":27,"key":"REST"},{"floor":32,"key":"REST"}],"neow_cost":"NONE","seed_source_timestamp":542646526767200,"circlet_count":0,"master_deck":["AscendersBane","Strike_B+1","Strike_B","Defend_B","Defend_B","Defend_B","Defend_B","Zap","Dualcast","Ball Lightning","Beam Cell","Streamline","Hyperbeam+1","Defragment+1","Conserve Battery","Defragment","Glacier","Capacitor","Ball Lightning","Buffer","Amplify","FTL+1","Glacier","Conserve Battery+1","White Noise","Static Discharge+1"],"relics":["Nuclear Battery","Bag of Preparation","The Courier","Snecko Eye","Whetstone","Happy Flower","FossilizedHelix","Red Mask","Question Card"],"potions_floor_usage":[16,16,22,22,29,30],"damage_taken":[{"damage":7,"enemies":"Cultist","floor":1,"turns":5},{"damage":9,"enemies":"Small Slimes","floor":2,"turns":3},{"damage":0,"enemies":"2 Louse","floor":3,"turns":2},{"damage":5,"enemies":"2 Fungi Beasts","floor":4,"turns":3},{"damage":13,"enemies":"Large Slime","floor":5,"turns":3},{"damage":0,"enemies":"Lots of Slimes","floor":10,"turns":1},{"damage":8,"enemies":"Exordium Wildlife","floor":11,"turns":3},{"damage":0,"enemies":"Looter","floor":12,"turns":2},{"damage":6,"enemies":"Gremlin Nob","floor":14,"turns":3},{"damage":36,"enemies":"Slime Boss","floor":16,"turns":7},{"damage":0,"enemies":"Shell Parasite","floor":18,"turns":5},{"damage":10,"enemies":"Chosen","floor":20,"turns":5},{"damage":0,"enemies":"Snecko","floor":21,"turns":7},{"damage":14,"enemies":"3 Cultists","floor":22,"turns":6},{"damage":26,"enemies":"Book of Stabbing","floor":24,"turns":7},{"damage":26,"enemies":"Gremlin Leader","floor":28,"turns":10},{"damage":0,"enemies":"Masked Bandits","floor":29,"turns":2},{"damage":0,"enemies":"Book of Stabbing","floor":30,"turns":9},{"damage":34,"enemies":"Automaton","floor":33,"turns":6}],"seed_played":"-6858884382872511136","potions_obtained":[{"floor":3,"key":"SkillPotion"},{"floor":5,"key":"SmokeBomb"},{"floor":14,"key":"Strength Potion"},{"floor":16,"key":"LiquidBronze"},{"floor":21,"key":"GamblersBrew"},{"floor":24,"key":"FearPotion"},{"floor":29,"key":"Block Potion"}],"is_trial":false,"path_per_floor":["M","M","M","M","M","R","$","R","T","M","M","M","$","E","R","B",null,"M","?","M","M","M","R","E","?","T","R","E","?","E","?","R","B"],"character_chosen":"DEFECT","items_purchased":["Defragment","Conserve Battery","Capacitor"],"campfire_rested":4,"item_purchase_floors":[7,7,13],"current_hp_per_floor":[57,48,48,43,30,30,30,30,30,30,22,22,22,16,37,1,54,54,54,44,44,30,51,25,5,5,27,1,1,1,1,23,0],"gold":374,"neow_bonus":"BOSS_RELIC","is_prod":false,"is_daily":false,"chose_seed":false,"campfire_upgraded":2,"win_rate":0,"timestamp":1571467585,"path_taken":["M","M","M","M","M","R","$","R","T","M","M","M","?","E","R","BOSS","M","?","M","M","?","R","E","?","T","R","E","?","E","?","R","BOSS"],"build_version":"2019-07-17","purchased_purges":0,"victory":false,"max_hp_per_floor":[71,71,71,71,71,71,71,71,71,71,71,71,71,71,71,71,71,71,71,71,71,71,71,71,76,76,76,76,76,76,76,76,76],"card_choices":[{"not_picked":["Leap","Steam"],"picked":"Ball Lightning","floor":1},{"not_picked":["Stack","Redo"],"picked":"Beam Cell","floor":2},{"not_picked":["Barrage","Darkness"],"picked":"Streamline","floor":3},{"not_picked":["Reprogram","Double Energy"],"picked":"Hyperbeam","floor":4},{"not_picked":["Blizzard","Barrage","Turbo"],"picked":"SKIP","floor":5},{"not_picked":["Streamline","Undo"],"picked":"Defragment","floor":10},{"not_picked":["Skim","Consume","Go for the Eyes"],"picked":"SKIP","floor":11},{"not_picked":["Rebound","Double Energy"],"picked":"Glacier","floor":12},{"not_picked":["Skim","Doom and Gloom"],"picked":"Ball Lightning","floor":14},{"not_picked":["Thunder Strike","Reboot"],"picked":"Buffer","floor":16},{"not_picked":["Steam","Darkness","Rebound"],"picked":"SKIP","floor":18},{"not_picked":["Compile Driver","BootSequence","Turbo"],"picked":"SKIP","floor":20},{"not_picked":["Hologram","Leap"],"picked":"Glacier","floor":21},{"not_picked":["Sweeping Beam","Turbo"],"picked":"Conserve Battery+1","floor":22},{"not_picked":["Steam","Thunder Strike"],"picked":"White Noise","floor":24},{"not_picked":["Steam","Leap"],"picked":"Static Discharge+1","floor":28},{"not_picked":["Coolheaded","Skim","Barrage"],"picked":"SKIP","floor":30}],"player_experience":869356,"relics_obtained":[{"floor":9,"key":"Bag of Preparation"},{"floor":14,"key":"The Courier"},{"floor":24,"key":"Whetstone"},{"floor":26,"key":"Happy Flower"},{"floor":28,"key":"FossilizedHelix"},{"floor":29,"key":"Red Mask"},{"floor":30,"key":"Question Card"}],"event_choices":[{"damage_healed":0,"gold_gain":0,"cards_transformed":["Strike_B","Strike_B"],"player_choice":"Transformed Cards","damage_taken":0,"max_hp_gain":0,"max_hp_loss":0,"event_name":"Designer","floor":19,"gold_loss":75,"cards_obtained":["Amplify","FTL"]},{"damage_healed":0,"gold_gain":0,"player_choice":"Shed Blood","damage_taken":25,"max_hp_gain":5,"max_hp_loss":0,"event_name":"Forgotten Altar","floor":25,"gold_loss":0},{"damage_healed":0,"gold_gain":0,"player_choice":"Fought Bandits","damage_taken":0,"max_hp_gain":0,"max_hp_loss":0,"event_name":"Masked Bandits","floor":29,"gold_loss":0},{"damage_healed":0,"gold_gain":50,"player_choice":"Stole From Cult","damage_taken":0,"max_hp_gain":0,"max_hp_loss":0,"event_name":"Nest","floor":31,"gold_loss":0}],"is_beta":false,"boss_relics":[{"not_picked":["Eternal Feather","Cursed Key"],"picked":"Snecko Eye"}],"items_purged_floors":[],"is_endless":false,"potions_floor_spawned":[3,5,14,16,21,24,29],"killed_by":"Automaton","ascension_level":20}