{"gold_per_floor":[209,228,239,254,23,84,111,143,143,171,346,346,369,385,385,482,482,499,117,135,152,152,186,186,219,219,219,219,244,256,267,267,371,371,387,401,10,10,23,55,73,73,73,89,101,133,145,157],"floor_reached":48,"playtime":2907,"items_purged":["Doubt"],"score":851,"play_id":"a062d68f-3c22-43dd-8dd9-fa082644ea34","local_time":"20190401170423","is_ascension_mode":true,"campfire_choices":[{"floor":15,"key":"REST"},{"data":"Electrodynamics","floor":24,"key":"SMITH"},{"floor":27,"key":"REST"},{"floor":32,"key":"REST"},{"floor":42,"key":"REST"}],"neow_cost":"NONE","seed_source_timestamp":160837353870732,"circlet_count":0,"master_deck":["Strike_B","Strike_B","Defend_B","Defend_B","Defend_B","Defend_B","Zap+1","Dualcast","Self Repair","Cold Snap","Beam Cell","Loop","Ball Lightning","Go for the Eyes","BootSequence","Conserve Battery","Electrodynamics+1","Glacier","White Noise+1","Hologram+1","Undo+1","Loop","White Noise","Chill+1","Coolheaded+1","Conserve Battery","Creative AI","Ball Lightning","Go for the Eyes","Conserve Battery+1","Glacier","Go for the Eyes+1","Go for the Eyes","BootSequence+1","Hello World+1","Undo+1","Double Energy+1"],"relics":["Cracked Core","PreservedInsect","Tiny Chest","Ancient Tea Set","Bronze Scales","Kunai","Gambling Chip","Shuriken","Potion Belt","Inserter","Calipers","Pantograph","War Paint","Prayer Wheel","Omamori","Mercury Hourglass","Runic Pyramid","Oddly Smooth Stone","Cables","Lantern","MawBank"],"potions_floor_usage":[6,10,23,23,29,30,39,41,46],"damage_taken":[{"damage":0,"enemies":"Cultist","floor":1,"turns":4},{"damage":1,"enemies":"2 Louse","floor":2,"turns":3},{"damage":10,"enemies":"Small Slimes","floor":3,"turns":3},{"damage":12,"enemies":"Looter","floor":4,"turns":4},{"damage":21,"enemies":"Lagavulin","floor":6,"turns":6},{"damage":15,"enemies":"3 Sentries","floor":8,"turns":6},{"damage":18,"enemies":"Lagavulin","floor":10,"turns":5},{"damage":8,"enemies":"Exordium Thugs","floor":14,"turns":4},{"damage":18,"enemies":"The Guardian","floor":16,"turns":12},{"damage":15,"enemies":"Spheric Guardian","floor":18,"turns":4},{"damage":5,"enemies":"Chosen","floor":20,"turns":4},{"damage":0,"enemies":"Centurion and Healer","floor":21,"turns":7},{"damage":35,"enemies":"Slavers","floor":23,"turns":3},{"damage":12,"enemies":"Book of Stabbing","floor":25,"turns":7},{"damage":0,"enemies":"Gremlin Leader","floor":29,"turns":5},{"damage":0,"enemies":"3 Cultists","floor":30,"turns":3},{"damage":20,"enemies":"Snake Plant","floor":31,"turns":3},{"damage":59,"enemies":"Collector","floor":33,"turns":12},{"damage":7,"enemies":"3 Darklings","floor":35,"turns":6},{"damage":11,"enemies":"Orb Walker","floor":36,"turns":5},{"damage":40,"enemies":"Writhing Mass","floor":39,"turns":6},{"damage":3,"enemies":"Nemesis","floor":40,"turns":9},{"damage":21,"enemies":"Jaw Worm Horde","floor":41,"turns":6},{"damage":0,"enemies":"3 Darklings","floor":44,"turns":4},{"damage":0,"enemies":"4 Shapes","floor":45,"turns":2},{"damage":54,"enemies":"Reptomancer","floor":46,"turns":8},{"damage":23,"enemies":"Jaw Worm Horde","floor":48,"turns":4}],"seed_played":"-5484413149257362123","potions_obtained":[{"floor":2,"key":"Energy Potion"},{"floor":4,"key":"Regen Potion"},{"floor":10,"key":"FocusPotion"},{"floor":14,"key":"Ancient Potion"},{"floor":16,"key":"Explosive Potion"},{"floor":18,"key":"Poison Potion"},{"floor":25,"key":"SteroidPotion"},{"floor":29,"key":"AttackPotion"},{"floor":30,"key":"Dexterity Potion"},{"floor":33,"key":"GamblersBrew"},{"floor":35,"key":"Explosive Potion"},{"floor":40,"key":"LiquidBronze"},{"floor":46,"key":"Explosive Potion"}],"is_trial":false,"path_per_floor":["M","M","M","M","$","E","T","E","T","E","?","?","T","M","R","B",null,"M","$","M","M","T","E","R","E","T","R","?","E","M","M","R","B",null,"M","M","$","?","M","E","M","R","T","M","M","E","?","M"],"character_chosen":"DEFECT","items_purchased":["PreservedInsect","Loop","Calipers","Oddly Smooth Stone","Cables"],"campfire_rested":4,"item_purchase_floors":[5,5,19,37,37],"current_hp_per_floor":[68,74,64,59,59,45,45,37,37,40,40,28,28,27,49,38,66,58,58,60,67,67,39,39,34,34,56,56,63,63,43,65,23,62,69,72,72,72,39,43,29,51,51,58,58,11,11,0],"gold":157,"neow_bonus":"HUNDRED_GOLD","is_prod":false,"is_daily":false,"chose_seed":false,"campfire_upgraded":1,"win_rate":0,"timestamp":1554163463,"path_taken":["M","?","M","M","$","E","?","E","T","E","?","?","?","M","R","BOSS","M","$","M","M","?","E","R","E","T","R","?","E","M","M","R","BOSS","M","M","$","?","M","E","M","R","T","M","M","E","?","?"],"build_version":"2019-01-23","purchased_purges":1,"victory":false,"max_hp_per_floor":[75,75,75,75,75,75,75,75,75,75,75,75,75,75,75,75,75,75,75,75,75,75,75,75,75,75,75,75,75,75,75,75,75,75,75,75,75,75,75,75,75,75,75,75,75,75,75,75],"card_choices":[{"not_picked":["Leap","Heatsinks"],"picked":"Self Repair","floor":1},{"not_picked":["Fusion","Barrage","Reprogram"],"picked":"SKIP","floor":2},{"not_picked":["Coolheaded","Go for the Eyes"],"picked":"Cold Snap","floor":3},{"not_picked":["Chill","Barrage"],"picked":"Beam Cell","floor":4},{"not_picked":["Sweeping Beam","Compile Driver"],"picked":"Ball Lightning","floor":6},{"not_picked":["Storm","Fission"],"picked":"Go for the Eyes","floor":8},{"not_picked":["Leap","Coolheaded"],"picked":"BootSequence","floor":10},{"not_picked":["Consume","Sweeping Beam"],"picked":"Conserve Battery","floor":14},{"not_picked":["Fission","Buffer"],"picked":"Electrodynamics","floor":16},{"not_picked":["Doom and Gloom","Barrage"],"picked":"Glacier","floor":18},{"not_picked":["Leap+1","Steam Power+1"],"picked":"White Noise+1","floor":20},{"not_picked":["Steam+1","Compile Driver"],"picked":"Hologram","floor":21},{"not_picked":["Chill+1","Leap"],"picked":"Undo+1","floor":23},{"not_picked":["Chaos","Auto Shields"],"picked":"Loop","floor":25},{"not_picked":["Static Discharge","Stack"],"picked":"White Noise","floor":29},{"not_picked":["Fusion+1","Rebound"],"picked":"Chill+1","floor":30},{"not_picked":["Barrage","Stack+1"],"picked":"Coolheaded+1","floor":30},{"not_picked":["Barrage","Ball Lightning"],"picked":"Conserve Battery","floor":31},{"not_picked":["Blizzard+1","Consume","Redo"],"picked":"SKIP","floor":31},{"not_picked":["Multi-Cast","Hyperbeam"],"picked":"Creative AI","floor":33},{"not_picked":["Redo+1","Streamline+1"],"picked":"Ball Lightning","floor":35},{"not_picked":["Turbo","Force Field","Double Energy"],"picked":"SKIP","floor":35},{"not_picked":["Steam","Gash+1"],"picked":"Go for the Eyes","floor":36},{"not_picked":["Hologram","Loop"],"picked":"Conserve Battery+1","floor":36},{"not_picked":["Barrage+1","Melter+1"],"picked":"Glacier","floor":39},{"not_picked":["Melter","Lockon","Coolheaded"],"picked":"SKIP","floor":39},{"not_picked":["Sweeping Beam","Melter","Turbo"],"picked":"SKIP","floor":40},{"not_picked":["Stack","Reboot"],"picked":"Go for the Eyes+1","floor":41},{"not_picked":["Hello World","Beam Cell+1"],"picked":"Go for the Eyes","floor":41},{"not_picked":["Leap","Streamline"],"picked":"BootSequence+1","floor":44},{"not_picked":["Static Discharge","Steam+1","Tempest+1"],"picked":"SKIP","floor":44},{"not_picked":["Turbo","Storm+1"],"picked":"Hello World+1","floor":45},{"not_picked":["Sweeping Beam+1","Sunder"],"picked":"Undo+1","floor":45},{"not_picked":["Chaos","Turbo+1"],"picked":"Double Energy+1","floor":46}],"player_experience":120956,"relics_obtained":[{"floor":6,"key":"Tiny Chest"},{"floor":7,"key":"Ancient Tea Set"},{"floor":8,"key":"Bronze Scales"},{"floor":9,"key":"Kunai"},{"floor":10,"key":"Gambling Chip"},{"floor":13,"key":"Potion Belt"},{"floor":22,"key":"Pantograph"},{"floor":23,"key":"War Paint"},{"floor":25,"key":"Prayer Wheel"},{"floor":26,"key":"Omamori"},{"floor":29,"key":"Mercury Hourglass"},{"floor":40,"key":"Lantern"},{"floor":46,"key":"MawBank"}],"event_choices":[{"damage_healed":0,"gold_gain":175,"player_choice":"AGREE","damage_taken":0,"max_hp_gain":0,"max_hp_loss":0,"event_name":"Liars Game","floor":11,"gold_loss":0,"cards_obtained":["Doubt"]},{"damage_healed":0,"gold_gain":0,"player_choice":"Success","damage_taken":12,"relics_obtained":["Shuriken"],"max_hp_gain":0,"max_hp_loss":0,"event_name":"Scrap Ooze","floor":12,"gold_loss":0},{"damage_healed":0,"gold_gain":0,"player_choice":"Ignored","damage_taken":0,"max_hp_gain":0,"max_hp_loss":0,"event_name":"Vampires","floor":28,"gold_loss":0},{"cards_removed":["Strike_B"],"damage_healed":0,"gold_gain":0,"player_choice":"Removed Attack","damage_taken":0,"max_hp_gain":0,"max_hp_loss":0,"event_name":"Falling","floor":38,"gold_loss":0},{"cards_removed":["Strike_B"],"damage_healed":0,"gold_gain":0,"player_choice":"Purged","damage_taken":0,"max_hp_gain":0,"max_hp_loss":0,"event_name":"Purifier","floor":47,"gold_loss":0}],"is_beta":false,"boss_relics":[{"not_picked":["Philosopher\u0027s Stone","Ectoplasm"],"picked":"Inserter"},{"not_picked":["Astrolabe","Runic Dome"],"picked":"Runic Pyramid"}],"items_purged_floors":[19],"is_endless":false,"potions_floor_spawned":[2,4,10,14,16,18,25,29,30,33,35,36,40,46],"killed_by":"Jaw Worm Horde","ascension_level":6}