{"gold_per_floor":[118,118,268,268,27,59,71,71,71,71],"floor_reached":10,"playtime":360,"items_purged":["Doubt"],"score":128,"play_id":"b10a4cf3-a639-4102-89f1-fb114894c6ae","local_time":"20191013183243","is_ascension_mode":true,"campfire_choices":[{"floor":8,"key":"REST"}],"neow_cost":"NONE","seed_source_timestamp":92911826101900,"circlet_count":0,"master_deck":["AscendersBane","Strike_B","Strike_B","Strike_B","Strike_B+1","Defend_B","Defend_B","Defend_B+1","Defend_B","Zap","Dualcast","Reinforced Body","Defragment+1","Undo","Lockon"],"relics":["Cracked Core","Strawberry","Blue Candle","Shuriken"],"potions_floor_usage":[],"damage_taken":[{"damage":4,"enemies":"Small Slimes","floor":1,"turns":5},{"damage":42,"enemies":"3 Sentries","floor":6,"turns":9},{"damage":0,"enemies":"Jaw Worm","floor":7,"turns":4},{"damage":37,"enemies":"The Mushroom Lair","floor":10,"turns":4}],"seed_played":"6634104378962688944","potions_obtained":[{"floor":1,"key":"Dexterity Potion"}],"is_trial":false,"path_per_floor":["M","?","?","?","$","E","M","R","T","?"],"character_chosen":"DEFECT","items_purchased":["Strawberry"],"campfire_rested":1,"item_purchase_floors":[5],"current_hp_per_floor":[60,39,39,39,46,4,4,27,27,0],"gold":71,"neow_bonus":"THREE_CARDS","is_prod":false,"is_daily":false,"chose_seed":false,"campfire_upgraded":0,"win_rate":0,"timestamp":1571016763,"path_taken":["M","?","?","?","$","E","M","R","T","?"],"build_version":"2019-07-17","purchased_purges":1,"victory":false,"max_hp_per_floor":[71,71,71,71,78,78,78,78,78,78],"card_choices":[{"not_picked":["Leap","Rebound"],"picked":"Reinforced Body","floor":0},{"not_picked":["Steam","Gash"],"picked":"Defragment","floor":1},{"not_picked":["Conserve Battery","BootSequence"],"picked":"Undo","floor":6},{"not_picked":["Redo","Leap"],"picked":"Lockon","floor":7}],"player_experience":851924,"relics_obtained":[{"floor":6,"key":"Blue Candle"},{"floor":9,"key":"Shuriken"}],"event_choices":[{"damage_healed":0,"gold_gain":0,"player_choice":"Entered Light","damage_taken":21,"max_hp_gain":0,"max_hp_loss":0,"event_name":"Shining Light","floor":2,"gold_loss":0,"cards_upgraded":["Defend_B","Strike_B"]},{"damage_healed":0,"gold_gain":150,"player_choice":"AGREE","damage_taken":0,"max_hp_gain":0,"max_hp_loss":0,"event_name":"Liars Game","floor":3,"gold_loss":0,"cards_obtained":["Doubt"]},{"damage_healed":0,"gold_gain":0,"player_choice":"Grow","damage_taken":0,"max_hp_gain":0,"max_hp_loss":0,"event_name":"Living Wall","floor":4,"gold_loss":0,"cards_upgraded":["Defragment"]},{"damage_healed":0,"gold_gain":0,"player_choice":"Fought Mushrooms","damage_taken":0,"max_hp_gain":0,"max_hp_loss":0,"event_name":"Mushrooms","floor":10,"gold_loss":0}],"is_beta":false,"boss_relics":[],"items_purged_floors":[5],"is_endless":false,"potions_floor_spawned":[1],"killed_by":"The Mushroom Lair","ascension_level":20}