{"gold_per_floor":[116,116,116,37,9,43,43,73,124,134,110,138,138,157,157,233,233,243,261,261,261,102,120,120,120],"floor_reached":25,"playtime":733,"items_purged":["Strike_B"],"score":507,"play_id":"576c5b44-0b6e-40af-81db-a2bcf07a8b34","local_time":"20190529212107","is_ascension_mode":true,"campfire_choices":[{"data":"Go for the Eyes","floor":7,"key":"SMITH"},{"data":"Hyperbeam","floor":13,"key":"SMITH"},{"data":"Beam Cell","floor":15,"key":"SMITH"},{"floor":24,"key":"REST"}],"neow_cost":"NONE","seed_source_timestamp":1255600709982419,"circlet_count":0,"master_deck":["AscendersBane","Strike_B+1","Strike_B+1","Strike_B","Defend_B","Defend_B","Defend_B","Defend_B","Zap","Dualcast","Go for the Eyes+1","White Noise","Conserve Battery","Capacitor","Hyperbeam+1","Gash","Coolheaded","Self Repair","Beam Cell+1","All For One","Go for the Eyes+1","Gash","Defragment","FTL"],"relics":["Cracked Core","NeowsBlessing","Ginger","Shuriken","Whetstone","Omamori","Blue Candle","Nuclear Battery","Nilry\u0027s Codex"],"potions_floor_usage":[16,23],"damage_taken":[{"damage":0,"enemies":"Cultist","floor":1,"turns":1},{"damage":0,"enemies":"Lagavulin","floor":6,"turns":1},{"damage":0,"enemies":"3 Sentries","floor":8,"turns":1},{"damage":0,"enemies":"Small Slimes","floor":10,"turns":1},{"damage":19,"enemies":"Lagavulin","floor":12,"turns":8},{"damage":9,"enemies":"Jaw Worm","floor":14,"turns":3},{"damage":28,"enemies":"Slime Boss","floor":16,"turns":7},{"damage":20,"enemies":"Spheric Guardian","floor":18,"turns":4},{"damage":20,"enemies":"3 Byrds","floor":19,"turns":4},{"damage":13,"enemies":"Snecko","floor":23,"turns":4},{"damage":37,"enemies":"Book of Stabbing","floor":25,"turns":4}],"seed_played":"5524639075612870045","potions_obtained":[{"floor":1,"key":"Block Potion"},{"floor":12,"key":"AttackPotion"},{"floor":16,"key":"Fire Potion"}],"is_trial":false,"path_per_floor":["M","T","?","$","$","E","R","E","T","M","$","E","R","M","R","B",null,"M","M","?","?","$","M","R","E"],"character_chosen":"DEFECT","items_purchased":["White Noise","Conserve Battery","Coolheaded","Defragment"],"campfire_rested":1,"item_purchase_floors":[4,5,11,22],"current_hp_per_floor":[64,64,69,69,69,69,69,69,69,69,69,50,50,55,55,34,66,53,40,40,19,19,13,35,0],"gold":120,"neow_bonus":"THREE_ENEMY_KILL","is_prod":false,"is_daily":false,"chose_seed":false,"campfire_upgraded":3,"win_rate":0,"timestamp":1559190067,"path_taken":["M","?","?","?","$","E","R","E","T","?","$","E","R","M","R","BOSS","M","M","?","?","?","M","R","E"],"build_version":"2019-01-23","purchased_purges":1,"victory":false,"max_hp_per_floor":[71,71,76,76,76,76,76,76,76,76,76,76,76,76,76,76,76,76,76,76,76,76,76,76,76],"card_choices":[{"not_picked":["Chill","Coolheaded"],"picked":"Go for the Eyes","floor":1},{"not_picked":["Steam","BootSequence"],"picked":"Capacitor","floor":6},{"not_picked":["Self Repair","Beam Cell"],"picked":"Hyperbeam","floor":8},{"not_picked":["Coolheaded","Streamline"],"picked":"Gash","floor":10},{"not_picked":["Beam Cell","Reinforced Body"],"picked":"Self Repair","floor":12},{"not_picked":["Rebound","Double Energy"],"picked":"Beam Cell","floor":14},{"not_picked":["Thunder Strike","Biased Cognition"],"picked":"All For One","floor":16},{"not_picked":["Leap+1","Streamline"],"picked":"Go for the Eyes+1","floor":18},{"not_picked":["Static Discharge","White Noise"],"picked":"Gash","floor":19},{"not_picked":["Rebound+1","Rip and Tear"],"picked":"FTL","floor":23}],"player_experience":551680,"relics_obtained":[{"floor":2,"key":"Ginger"},{"floor":6,"key":"Shuriken"},{"floor":8,"key":"Whetstone"},{"floor":9,"key":"Omamori"},{"floor":12,"key":"Blue Candle"},{"floor":21,"key":"Nilry\u0027s Codex"}],"event_choices":[{"damage_healed":0,"gold_gain":0,"player_choice":"Donut","damage_taken":0,"max_hp_gain":5,"max_hp_loss":0,"event_name":"Big Fish","floor":3,"gold_loss":0},{"damage_healed":0,"gold_gain":0,"player_choice":"Ignored","damage_taken":0,"max_hp_gain":0,"max_hp_loss":0,"event_name":"Vampires","floor":20,"gold_loss":0},{"damage_healed":0,"gold_gain":0,"player_choice":"Obtained Book","damage_taken":21,"max_hp_gain":0,"max_hp_loss":0,"event_name":"Cursed Tome","floor":21,"gold_loss":0}],"is_beta":false,"boss_relics":[{"not_picked":["Ectoplasm","Velvet Choker"],"picked":"Nuclear Battery"}],"items_purged_floors":[22],"is_endless":false,"potions_floor_spawned":[1,12,14,16,19],"killed_by":"Book of Stabbing","ascension_level":18}