{"gold_per_floor":[118,90,90,165,19,53,64,99,99,129,147,162,162,178,178,249,249,261,276,276,276],"floor_reached":21,"playtime":731,"items_purged":[],"score":448,"play_id":"56f9d8f3-2f59-4833-a209-d76c170568e7","local_time":"20190618202637","is_ascension_mode":true,"campfire_choices":[{"data":"Hello World","floor":13,"key":"SMITH"},{"data":"Dualcast","floor":15,"key":"SMITH"}],"neow_cost":"NONE","seed_source_timestamp":323895115316330,"circlet_count":0,"master_deck":["AscendersBane","Strike_B","Strike_B","Strike_B","Strike_B","Defend_B","Defend_B+1","Defend_B+1","Defend_B","Zap","Dualcast+1","Beam Cell+1","Barrage","Cold Snap","Machine Learning","Rebound","Hello World+1","Gash","Capacitor+1","Storm+1","Darkness","All For One","Buffer+1","White Noise","Melter","Pain"],"relics":["Cracked Core","NeowsBlessing","Meat on the Bone","War Paint","Mummified Hand","Frozen Egg 2","Philosopher\u0027s Stone","WarpedTongs"],"potions_floor_usage":[8,21],"damage_taken":[{"damage":0,"enemies":"Small Slimes","floor":1,"turns":1},{"damage":0,"enemies":"3 Sentries","floor":6,"turns":1},{"damage":0,"enemies":"2 Louse","floor":7,"turns":1},{"damage":6,"enemies":"Gremlin Nob","floor":8,"turns":3},{"damage":12,"enemies":"3 Sentries","floor":10,"turns":9},{"damage":0,"enemies":"Jaw Worm","floor":11,"turns":2},{"damage":6,"enemies":"3 Louse","floor":12,"turns":3},{"damage":24,"enemies":"Lots of Slimes","floor":14,"turns":4},{"damage":15,"enemies":"Hexaghost","floor":16,"turns":8},{"damage":54,"enemies":"3 Byrds","floor":18,"turns":5},{"damage":12,"enemies":"Spheric Guardian","floor":19,"turns":4},{"damage":21,"enemies":"Shelled Parasite and Fungi","floor":21,"turns":1}],"seed_played":"-8521490335951811943","potions_obtained":[{"floor":1,"key":"AttackPotion"},{"floor":12,"key":"GamblersBrew"},{"floor":16,"key":"Strength Potion"}],"is_trial":false,"path_per_floor":["M","$","?","?","$","E","M","E","T","E","M","M","R","M","R","B",null,"M","M","?","M"],"character_chosen":"DEFECT","items_purchased":["Barrage","Cold Snap","Machine Learning"],"campfire_rested":0,"item_purchase_floors":[2,5,5],"current_hp_per_floor":[64,64,64,53,53,53,53,47,47,47,47,41,41,29,29,26,60,18,18,18,0],"gold":276,"neow_bonus":"THREE_ENEMY_KILL","is_prod":false,"is_daily":false,"chose_seed":false,"campfire_upgraded":2,"win_rate":0,"timestamp":1560914797,"path_taken":["M","$","?","?","?","E","M","E","T","E","M","M","R","M","R","BOSS","M","M","?","M"],"build_version":"2019-01-23","purchased_purges":0,"victory":false,"max_hp_per_floor":[71,71,71,71,71,71,71,71,71,71,71,71,71,71,71,71,71,71,71,71,71],"card_choices":[{"not_picked":["Barrage","Double Energy"],"picked":"Beam Cell","floor":1},{"not_picked":["Force Field","Blizzard"],"picked":"Rebound","floor":6},{"not_picked":["Leap","Coolheaded"],"picked":"Hello World","floor":7},{"not_picked":["Steam","Sweeping Beam"],"picked":"Gash","floor":8},{"not_picked":["Chill","Rebound"],"picked":"Capacitor","floor":10},{"not_picked":["Redo","Blizzard"],"picked":"Storm+1","floor":11},{"not_picked":["Streamline","Stack"],"picked":"Darkness","floor":12},{"not_picked":["Blizzard","Steam"],"picked":"All For One","floor":14},{"not_picked":["Amplify","All For One"],"picked":"Buffer+1","floor":16},{"not_picked":["Turbo","Heatsinks+1"],"picked":"White Noise","floor":18},{"not_picked":["Ball Lightning","Rebound+1"],"picked":"Melter","floor":19}],"player_experience":609276,"relics_obtained":[{"floor":6,"key":"Meat on the Bone"},{"floor":8,"key":"War Paint"},{"floor":9,"key":"Mummified Hand"},{"floor":10,"key":"Frozen Egg 2"}],"event_choices":[{"damage_healed":0,"gold_gain":0,"player_choice":"Grow","damage_taken":0,"max_hp_gain":0,"max_hp_loss":0,"event_name":"Living Wall","floor":3,"gold_loss":0,"cards_upgraded":["Beam Cell"]},{"damage_healed":0,"gold_gain":75,"player_choice":"Gather Gold","damage_taken":11,"max_hp_gain":0,"max_hp_loss":0,"event_name":"World of Goop","floor":4,"gold_loss":0},{"damage_healed":0,"gold_gain":0,"player_choice":"Rummage","damage_taken":0,"relics_obtained":["WarpedTongs"],"max_hp_gain":0,"max_hp_loss":0,"event_name":"Accursed Blacksmith","floor":20,"gold_loss":0,"cards_obtained":["Pain"]}],"is_beta":false,"boss_relics":[{"not_picked":["Inserter","Astrolabe"],"picked":"Philosopher\u0027s Stone"}],"items_purged_floors":[],"is_endless":false,"potions_floor_spawned":[1,12,16,19],"killed_by":"Shelled Parasite and Fungi","ascension_level":20}