{"gold_per_floor":[115,127,146,162,162,197,215,215,215,241,254,21,21],"floor_reached":13,"playtime":401,"items_purged":["Strike_B"],"score":194,"play_id":"b6f5352e-a4e6-47c8-afce-da78cfb287b8","local_time":"20191020131718","is_ascension_mode":true,"campfire_choices":[{"floor":8,"key":"REST"}],"neow_cost":"NONE","seed_source_timestamp":678776128062000,"circlet_count":0,"master_deck":["AscendersBane","Strike_B","Strike_B","Strike_B","Defend_B","Defend_B","Defend_B","Defend_B","Zap","Dualcast","Sweeping Beam","Melter","Genetic Algorithm","White Noise","Conserve Battery","Auto Shields","Biased Cognition"],"relics":["Cracked Core","Regal Pillow","NlothsMask","Kunai","Bottled Lightning","Oddly Smooth Stone"],"potions_floor_usage":[13],"damage_taken":[{"damage":4,"enemies":"Jaw Worm","floor":1,"turns":4},{"damage":2,"enemies":"Cultist","floor":2,"turns":4},{"damage":14,"enemies":"Small Slimes","floor":3,"turns":3},{"damage":15,"enemies":"Exordium Wildlife","floor":4,"turns":3},{"damage":20,"enemies":"3 Sentries","floor":6,"turns":5},{"damage":7,"enemies":"Lots of Slimes","floor":7,"turns":4},{"damage":69,"enemies":"Gremlin Nob","floor":10,"turns":5},{"damage":4,"enemies":"2 Fungi Beasts","floor":11,"turns":3},{"damage":16,"enemies":"Lagavulin","floor":13,"turns":5}],"seed_played":"6279571344838237259","potions_obtained":[{"floor":3,"key":"FairyPotion"},{"floor":4,"key":"LiquidBronze"},{"floor":7,"key":"Block Potion"},{"floor":11,"key":"Strength Potion"}],"is_trial":false,"path_per_floor":["M","M","M","M","?","E","M","R","T","E","M","$","E"],"character_chosen":"DEFECT","items_purchased":["Oddly Smooth Stone"],"campfire_rested":1,"item_purchase_floors":[12],"current_hp_per_floor":[60,58,44,29,29,9,2,38,38,7,3,3,0],"gold":21,"neow_bonus":"RANDOM_COMMON_RELIC","is_prod":false,"is_daily":false,"chose_seed":false,"campfire_upgraded":0,"win_rate":0,"timestamp":1571602638,"path_taken":["M","M","M","M","?","E","M","R","T","E","?","$","E"],"build_version":"2019-07-17","purchased_purges":1,"victory":false,"max_hp_per_floor":[71,71,71,71,71,71,71,71,71,71,71,71,71],"card_choices":[{"not_picked":["Reprogram","Auto Shields"],"picked":"Sweeping Beam","floor":1},{"not_picked":["Stack","Storm"],"picked":"Melter","floor":2},{"not_picked":["Stack","Beam Cell"],"picked":"Genetic Algorithm","floor":3},{"not_picked":["Rip and Tear","Stack"],"picked":"White Noise","floor":4},{"not_picked":["Steam","Chaos"],"picked":"Conserve Battery","floor":6},{"not_picked":["Barrage","Rebound"],"picked":"Auto Shields","floor":7},{"not_picked":["Beam Cell","Scrape"],"picked":"Biased Cognition","floor":10},{"not_picked":["Redo","Rip and Tear","Steam Power"],"picked":"SKIP","floor":11}],"player_experience":870833,"relics_obtained":[{"floor":6,"key":"Kunai"},{"floor":10,"key":"Bottled Lightning"}],"event_choices":[{"damage_healed":0,"gold_gain":0,"player_choice":"Trade","damage_taken":0,"relics_obtained":["NlothsMask"],"max_hp_gain":0,"max_hp_loss":0,"event_name":"FaceTrader","floor":5,"gold_loss":0}],"is_beta":false,"boss_relics":[],"items_purged_floors":[12],"is_endless":false,"potions_floor_spawned":[3,4,7,11],"killed_by":"Lagavulin","ascension_level":20}