{"gold_per_floor":[118,131,131,131,146,179,144,163,163,193,193,205,205,223,223,296,296,296,221,221,221,141,141,141,141,141,141,141],"floor_reached":28,"playtime":1192,"items_purged":[],"score":496,"play_id":"a772c9e6-f17c-4476-a515-83868a6eb8ce","local_time":"20191023224520","is_ascension_mode":true,"campfire_choices":[{"data":"Gash","floor":11,"key":"SMITH"},{"data":"Gash","floor":13,"key":"SMITH"},{"data":"Darkness","floor":15,"key":"SMITH"},{"floor":24,"key":"REST"}],"neow_cost":"NONE","seed_source_timestamp":971265151299700,"circlet_count":0,"master_deck":["AscendersBane","Strike_B","Strike_B","Defend_B","Defend_B","Defend_B","Defend_B","Zap+1","Dualcast","Sweeping Beam+1","Gash+1","Ball Lightning","Genetic Algorithm","Cold Snap","Gash+1","Darkness+1","All For One","Ball Lightning","Thunder Strike","Steam+1","Recycle+1","Hologram+1"],"relics":["Cracked Core","Bronze Scales","Omamori","Meat on the Bone","Ectoplasm","Molten Egg 2","Boot","Smiling Mask"],"potions_floor_usage":[6,10,14,22,23],"damage_taken":[{"damage":14,"enemies":"2 Louse","floor":1,"turns":3},{"damage":7,"enemies":"Jaw Worm","floor":2,"turns":3},{"damage":1,"enemies":"Cultist","floor":5,"turns":3},{"damage":6,"enemies":"Gremlin Nob","floor":6,"turns":3},{"damage":7,"enemies":"Large Slime","floor":8,"turns":5},{"damage":22,"enemies":"Lagavulin","floor":10,"turns":4},{"damage":13,"enemies":"Exordium Thugs","floor":12,"turns":3},{"damage":0,"enemies":"Gremlin Gang","floor":14,"turns":1},{"damage":31,"enemies":"Slime Boss","floor":16,"turns":6},{"damage":8,"enemies":"Spheric Guardian","floor":18,"turns":3},{"damage":8,"enemies":"2 Thieves","floor":22,"turns":3},{"damage":42,"enemies":"Slavers","floor":23,"turns":4},{"damage":22,"enemies":"Snake Plant","floor":25,"turns":3},{"damage":31,"enemies":"Shelled Parasite and Fungi","floor":28,"turns":3}],"seed_played":"5536180366440380734","potions_obtained":[{"floor":4,"key":"Dexterity Potion"},{"floor":4,"key":"SpeedPotion"},{"floor":5,"key":"Strength Potion"},{"floor":8,"key":"PowerPotion"},{"floor":12,"key":"AttackPotion"},{"floor":16,"key":"Ancient Potion"},{"floor":18,"key":"Block Potion"},{"floor":22,"key":"Fruit Juice"}],"is_trial":false,"path_per_floor":["M","M","?","?","M","E","?","M","T","E","R","M","R","M","R","B",null,"M","?","$","?","M","E","R","M","T","?","M"],"character_chosen":"DEFECT","items_purchased":[],"campfire_rested":1,"item_purchase_floors":[],"current_hp_per_floor":[50,43,43,43,42,36,53,46,46,24,24,23,23,35,35,16,57,49,49,49,49,41,16,38,28,28,28,0],"gold":141,"neow_bonus":"UPGRADE_CARD","is_prod":false,"is_daily":false,"chose_seed":false,"campfire_upgraded":3,"win_rate":0,"timestamp":1571895920,"path_taken":["M","M","?","?","?","E","?","M","T","E","R","M","R","M","R","BOSS","M","?","$","?","?","E","R","?","T","?","?"],"build_version":"2019-07-17","purchased_purges":0,"victory":false,"max_hp_per_floor":[71,71,71,71,71,71,71,71,71,71,71,71,71,71,71,71,71,71,71,71,71,71,76,76,76,76,76,76],"card_choices":[{"not_picked":["Leap","Steam"],"picked":"Sweeping Beam","floor":1},{"not_picked":["Fusion","Consume"],"picked":"Gash","floor":2},{"not_picked":["Stack","Steam Power"],"picked":"Ball Lightning","floor":5},{"not_picked":["Ball Lightning","Amplify"],"picked":"Genetic Algorithm","floor":6},{"not_picked":["Turbo","Steam","Stack"],"picked":"SKIP","floor":8},{"not_picked":["Leap","BootSequence"],"picked":"Cold Snap","floor":10},{"not_picked":["Double Energy","Heatsinks"],"picked":"Gash","floor":12},{"not_picked":["Recycle","Hello World"],"picked":"Darkness","floor":14},{"not_picked":["Hyperbeam","Fission"],"picked":"All For One","floor":16},{"not_picked":["Steam","Stack"],"picked":"Ball Lightning","floor":18},{"not_picked":["Heatsinks","Stack"],"picked":"Steam+1","floor":22},{"not_picked":["Steam","Skim"],"picked":"Recycle+1","floor":23},{"not_picked":["Conserve Battery+1","Compile Driver+1"],"picked":"Hologram+1","floor":25}],"player_experience":893579,"relics_obtained":[{"floor":6,"key":"Bronze Scales"},{"floor":9,"key":"Omamori"},{"floor":10,"key":"Meat on the Bone"},{"floor":23,"key":"Molten Egg 2"},{"floor":26,"key":"Boot"},{"floor":27,"key":"Smiling Mask"}],"event_choices":[{"damage_healed":0,"gold_gain":0,"player_choice":"Grow","damage_taken":0,"max_hp_gain":0,"max_hp_loss":0,"event_name":"Living Wall","floor":3,"gold_loss":0,"cards_upgraded":["Sweeping Beam"]},{"damage_healed":0,"gold_gain":0,"player_choice":"Got Potions","damage_taken":0,"max_hp_gain":0,"max_hp_loss":0,"event_name":"Lab","floor":4,"gold_loss":0},{"damage_healed":17,"gold_gain":0,"player_choice":"Healed","damage_taken":0,"max_hp_gain":0,"max_hp_loss":0,"event_name":"The Cleric","floor":7,"gold_loss":35},{"cards_removed":["Strike_B"],"damage_healed":0,"gold_gain":0,"player_choice":"Gave Gold","damage_taken":0,"max_hp_gain":0,"max_hp_loss":0,"event_name":"Beggar","floor":19,"gold_loss":75},{"damage_healed":0,"gold_gain":0,"cards_transformed":["Strike_B"],"player_choice":"Transformed","damage_taken":0,"max_hp_gain":0,"max_hp_loss":0,"event_name":"Transmorgrifier","floor":21,"gold_loss":0,"cards_obtained":["Thunder Strike"]},{"damage_healed":0,"gold_gain":0,"player_choice":"Relic","damage_taken":0,"max_hp_gain":0,"max_hp_loss":0,"event_name":"Wheel of Change","floor":27,"gold_loss":0}],"is_beta":false,"boss_relics":[{"not_picked":["Tiny House","Runic Dome"],"picked":"Ectoplasm"}],"items_purged_floors":[],"is_endless":false,"potions_floor_spawned":[5,8,12,16,18,22],"killed_by":"Shelled Parasite and Fungi","ascension_level":20}