{"gold_per_floor":[111,111,111,123,140,140,173,173,173,173,173,191,191],"floor_reached":13,"playtime":367,"items_purged":[],"score":166,"play_id":"040ff0b4-aa6a-46e5-98c4-f23c7a4dbe6b","local_time":"20190815212152","is_ascension_mode":true,"campfire_choices":[{"data":"Rainbow","floor":6,"key":"SMITH"},{"floor":8,"key":"REST"},{"floor":11,"key":"REST"}],"neow_cost":"NONE","seed_source_timestamp":126481780041900,"circlet_count":0,"master_deck":["AscendersBane","Strike_B","Strike_B+1","Strike_B+1","Defend_B","Defend_B","Defend_B","Defend_B","Zap","Dualcast","Rainbow+1","Cold Snap","Go for the Eyes","Leap","Glacier"],"relics":["Cracked Core","Unceasing Top","Singing Bowl","Emotion Chip"],"potions_floor_usage":[7,13],"damage_taken":[{"damage":1,"enemies":"Cultist","floor":1,"turns":5},{"damage":5,"enemies":"Jaw Worm","floor":4,"turns":4},{"damage":1,"enemies":"2 Louse","floor":5,"turns":3},{"damage":13,"enemies":"3 Sentries","floor":7,"turns":8},{"damage":8,"enemies":"Large Slime","floor":12,"turns":6},{"damage":43,"enemies":"Gremlin Nob","floor":13,"turns":6}],"seed_played":"-3339983377541107277","potions_obtained":[{"floor":1,"key":"Block Potion"},{"floor":12,"key":"SkillPotion"}],"is_trial":false,"path_per_floor":["M","?","?","M","M","R","E","R","T","?","R","M","E"],"character_chosen":"DEFECT","items_purchased":[],"campfire_rested":2,"item_purchase_floors":[],"current_hp_per_floor":[63,56,38,33,32,32,19,40,40,19,40,34,0],"gold":191,"neow_bonus":"ONE_RANDOM_RARE_CARD","is_prod":false,"is_daily":false,"chose_seed":false,"campfire_upgraded":1,"win_rate":0,"timestamp":1565929312,"path_taken":["M","?","?","M","M","R","E","R","T","?","R","M","E"],"build_version":"2019-07-17","purchased_purges":0,"victory":false,"max_hp_per_floor":[71,71,71,71,71,71,71,71,71,71,71,73,73],"card_choices":[{"not_picked":["Chill","Stack"],"picked":"Cold Snap","floor":1},{"not_picked":["Steam","White Noise"],"picked":"Go for the Eyes","floor":4},{"not_picked":["Storm","Turbo"],"picked":"Leap","floor":5},{"not_picked":["Stack","Compile Driver"],"picked":"Glacier","floor":7},{"not_picked":["Stack","Reinforced Body","Reprogram"],"picked":"Singing Bowl","floor":12}],"player_experience":727743,"relics_obtained":[{"floor":7,"key":"Singing Bowl"},{"floor":9,"key":"Emotion Chip"}],"event_choices":[{"cards_removed":["Strike_B"],"damage_healed":0,"gold_gain":0,"player_choice":"Card Removal","damage_taken":7,"max_hp_gain":0,"max_hp_loss":0,"event_name":"Golden Wing","floor":2,"gold_loss":0},{"damage_healed":0,"gold_gain":0,"player_choice":"Success","damage_taken":18,"relics_obtained":["Unceasing Top"],"max_hp_gain":0,"max_hp_loss":0,"event_name":"Scrap Ooze","floor":3,"gold_loss":0},{"damage_healed":0,"gold_gain":0,"player_choice":"Entered Light","damage_taken":21,"max_hp_gain":0,"max_hp_loss":0,"event_name":"Shining Light","floor":10,"gold_loss":0,"cards_upgraded":["Strike_B","Strike_B"]}],"is_beta":false,"boss_relics":[],"items_purged_floors":[],"is_endless":false,"potions_floor_spawned":[1,12],"killed_by":"Gremlin Nob","ascension_level":20}