{"gold_per_floor":[118,39,39,53,70,103,103,103,103,103,118,152,152,165,165,165],"floor_reached":16,"playtime":725,"items_purged":[],"score":160,"play_id":"07516429-a609-4879-a8af-64a7a83ed4cd","local_time":"20191027002350","is_ascension_mode":true,"campfire_choices":[{"floor":8,"key":"REST"},{"data":"Defragment","floor":10,"key":"SMITH"},{"floor":15,"key":"REST"}],"neow_cost":"CURSE","seed_source_timestamp":1469041219288800,"circlet_count":0,"master_deck":["Strike_B","Defend_B","Defend_B","Defend_B","Defend_B","Zap","Dualcast","Parasite","Ball Lightning","Defragment+1","Consume","Conserve Battery","Go for the Eyes","Reinforced Body","Glacier","Thunder Strike","Undo"],"relics":["Cracked Core","Shovel","Calipers","Pear","Juzu Bracelet"],"potions_floor_usage":[6,16],"damage_taken":[{"damage":13,"enemies":"Small Slimes","floor":1,"turns":4},{"damage":1,"enemies":"Cultist","floor":4,"turns":3},{"damage":7,"enemies":"Jaw Worm","floor":5,"turns":2},{"damage":30,"enemies":"3 Sentries","floor":6,"turns":5},{"damage":1,"enemies":"Blue Slaver","floor":11,"turns":3},{"damage":29,"enemies":"Gremlin Nob","floor":12,"turns":5},{"damage":0,"enemies":"3 Louse","floor":14,"turns":4},{"damage":53,"enemies":"Hexaghost","floor":16,"turns":12}],"seed_played":"3433600571567301345","potions_obtained":[{"floor":4,"key":"Explosive Potion"},{"floor":14,"key":"Regen Potion"}],"is_trial":false,"path_per_floor":["M","$","?","M","M","E","?","R","T","R","M","E","?","M","R","B"],"character_chosen":"DEFECT","items_purchased":["Defragment"],"campfire_rested":2,"item_purchase_floors":[2],"current_hp_per_floor":[55,55,55,54,47,17,10,32,42,42,41,12,12,12,37,0],"gold":165,"neow_bonus":"ONE_RARE_RELIC","is_prod":false,"is_daily":false,"chose_seed":false,"campfire_upgraded":1,"win_rate":0,"timestamp":1572150230,"path_taken":["M","$","?","?","M","E","?","R","T","R","M","E","?","M","R","BOSS"],"build_version":"2019-07-17","purchased_purges":0,"victory":false,"max_hp_per_floor":[75,75,75,75,75,75,75,75,85,85,85,85,85,85,85,85],"card_choices":[{"not_picked":["Gash","Streamline"],"picked":"Ball Lightning","floor":1},{"not_picked":["Machine Learning","Aggregate"],"picked":"Conserve Battery","floor":4},{"not_picked":["White Noise","Compile Driver"],"picked":"Go for the Eyes","floor":5},{"not_picked":["Beam Cell","Redo"],"picked":"Reinforced Body","floor":6},{"not_picked":["Steam Power","Streamline","Scrape"],"picked":"SKIP","floor":11},{"not_picked":["Stack","Tempest"],"picked":"Glacier","floor":12},{"not_picked":["Fission","Darkness"],"picked":"Undo","floor":14}],"player_experience":470714,"relics_obtained":[{"floor":6,"key":"Calipers"},{"floor":9,"key":"Pear"},{"floor":12,"key":"Juzu Bracelet"}],"event_choices":[{"damage_healed":0,"gold_gain":0,"cards_transformed":["Strike_B"],"player_choice":"Transformed","damage_taken":0,"max_hp_gain":0,"max_hp_loss":0,"event_name":"Transmorgrifier","floor":3,"gold_loss":0,"cards_obtained":["Consume"]},{"cards_removed":["Strike_B"],"damage_healed":0,"gold_gain":0,"player_choice":"Card Removal","damage_taken":7,"max_hp_gain":0,"max_hp_loss":0,"event_name":"Golden Wing","floor":7,"gold_loss":0},{"damage_healed":0,"gold_gain":0,"cards_transformed":["Strike_B"],"player_choice":"Change","damage_taken":0,"max_hp_gain":0,"max_hp_loss":0,"event_name":"Living Wall","floor":13,"gold_loss":0,"cards_obtained":["Thunder Strike"]}],"is_beta":false,"boss_relics":[],"items_purged_floors":[],"is_endless":false,"potions_floor_spawned":[4,14],"killed_by":"Hexaghost","ascension_level":9}