{"gold_per_floor":[117,132,147,147,160,187,17,39,39,72,132,132,150,166,166,266,266,285,299,311,24,44,74,74,74,97,110,129,129,19,19,19,115,115,131,146,160,60,75,75,75,87,132,151,168,168,186,96,96,96],"floor_reached":51,"playtime":3535,"items_purged":["Writhe","Strike_B"],"score":784,"play_id":"617d50bc-314c-443a-9240-1fbe6ca2ba0d","local_time":"20191024001936","is_ascension_mode":false,"campfire_choices":[{"floor":12.0,"key":"REST"},{"floor":15.0,"key":"REST"},{"data":"Echo Form","floor":25.0,"key":"SMITH"},{"data":"Apotheosis","floor":32.0,"key":"SMITH"},{"data":"Strike_B","floor":41,"key":"PURGE"},{"data":"Parasite","floor":46,"key":"PURGE"},{"data":"Strike_B","floor":49,"key":"PURGE"}],"neow_cost":"NONE","seed_source_timestamp":0,"circlet_count":0,"master_deck":["Strike_B","Defend_B","Defend_B","Defend_B","Zap","Dualcast","Streamline","Double Energy","Capacitor","Genetic Algorithm","Coolheaded","Conserve Battery","Apotheosis+1","Glacier","Compile Driver","Coolheaded","Consume","Echo Form+1","Electrodynamics","Reprogram+1","Loop+1","Ghostly","Ghostly","Ghostly","Ghostly","Ghostly","FTL","Seek","Hologram","Skim+1","Rainbow"],"special_seed":0,"relics":["FrozenCore","Orichalcum","Nunchaku","Odd Mushroom","Blue Candle","Mummified Hand","Letter Opener","Eternal Feather","Bronze Scales","Lantern","Peace Pipe","Ancient Tea Set","Dodecahedron","Spirit Poop","Potion Belt"],"potions_floor_usage":[50,50,50],"damage_taken":[{"damage":0.0,"enemies":"2 Louse","floor":1.0,"turns":2.0},{"damage":0.0,"enemies":"Small Slimes","floor":2.0,"turns":3.0},{"damage":3.0,"enemies":"Jaw Worm","floor":3.0,"turns":3.0},{"damage":0.0,"enemies":"2 Fungi Beasts","floor":5.0,"turns":2.0},{"damage":23.0,"enemies":"Gremlin Nob","floor":6.0,"turns":5.0},{"damage":26.0,"enemies":"The Mushroom Lair","floor":8.0,"turns":6.0},{"damage":11.0,"enemies":"Lagavulin","floor":10.0,"turns":9.0},{"damage":8.0,"enemies":"3 Sentries","floor":11.0,"turns":5.0},{"damage":14.0,"enemies":"Exordium Thugs","floor":13.0,"turns":4.0},{"damage":3.0,"enemies":"Looter","floor":14.0,"turns":4.0},{"damage":11.0,"enemies":"Slime Boss","floor":16.0,"turns":9.0},{"damage":4.0,"enemies":"Chosen","floor":18.0,"turns":5.0},{"damage":17.0,"enemies":"2 Thieves","floor":19.0,"turns":3.0},{"damage":0.0,"enemies":"Snake Plant","floor":20.0,"turns":4.0},{"damage":1.0,"enemies":"Snecko","floor":22.0,"turns":4.0},{"damage":35.0,"enemies":"Gremlin Leader","floor":23.0,"turns":8.0},{"damage":6.0,"enemies":"Shelled Parasite and Fungi","floor":27.0,"turns":7.0},{"damage":1.0,"enemies":"Cultist and Chosen","floor":28.0,"turns":6.0},{"damage":0.0,"enemies":"Automaton","floor":33.0,"turns":7.0},{"damage":0.0,"enemies":"Orb Walker","floor":35.0,"turns":4.0},{"damage":0.0,"enemies":"3 Shapes","floor":36.0,"turns":6.0},{"damage":0.0,"enemies":"Spire Growth","floor":37.0,"turns":6.0},{"damage":0,"enemies":"Transient","floor":39,"turns":5},{"damage":0,"enemies":"Jaw Worm Horde","floor":42,"turns":4},{"damage":0,"enemies":"Writhing Mass","floor":44,"turns":5},{"damage":0,"enemies":"Transient","floor":45,"turns":5},{"damage":0,"enemies":"Jaw Worm Horde","floor":47,"turns":4},{"damage":0,"enemies":"Donu and Deca","floor":50,"turns":8}],"seed_played":"-781016432146742435","potions_obtained":[{"floor":2.0,"key":"Strength Potion"},{"floor":5.0,"key":"Ancient Potion"},{"floor":10.0,"key":"PowerPotion"},{"floor":11.0,"key":"FocusPotion"},{"floor":14.0,"key":"LiquidBronze"},{"floor":35.0,"key":"Ancient Potion"},{"floor":36.0,"key":"Swift Potion"},{"floor":47,"key":"Explosive Potion"}],"is_trial":false,"path_per_floor":["M","M","M","?","M","E","$","?","T","E","?","R","M","M","R","B",null,"M","M","M","$","M","E","?","R","T","M","M","?","$","?","R","B",null,"M","M","M","$","M","?","R","M","T","M","M","R","M","?","R","B",null],"character_chosen":"DEFECT","items_purchased":["Apotheosis","Bronze Scales","Lantern","FTL"],"campfire_rested":2,"item_purchase_floors":[7,21,21,30],"current_hp_per_floor":[75,75,72,72,72,49,49,23,23,12,4,26,12,9,31,20,75,71,54,54,54,53,18,18,36,36,30,29,29,29,29,37,37,37,37,37,37,37,37,37,37,37,37,37,37,34,34,34,34,34],"gold":96,"neow_bonus":"THREE_CARDS","is_prod":false,"is_daily":false,"chose_seed":false,"campfire_upgraded":2,"win_rate":0,"timestamp":1571890776,"path_taken":["M","M","M","?","M","E","$","?","T","E","?","R","M","M","R","BOSS","M","M","M","$","M","E","?","R","T","M","M","?","$","?","R","BOSS","M","M","M","$","M","?","R","M","T","M","M","R","M","?","R","BOSS"],"build_version":"2019-07-17","purchased_purges":2,"victory":true,"max_hp_per_floor":[75,75,75,75,75,75,75,75,75,75,75,75,75,75,75,75,75,75,75,75,75,75,75,37,37,37,37,37,37,37,37,37,37,37,37,37,37,37,37,37,37,37,37,37,37,34,34,34,34,34],"card_choices":[{"not_picked":["Cold Snap","Barrage"],"picked":"Streamline","floor":0.0},{"not_picked":["Cold Snap","Rebound"],"picked":"Double Energy","floor":1.0},{"not_picked":["Barrage","Steam"],"picked":"Capacitor","floor":2.0},{"not_picked":["Cold Snap","Sweeping Beam"],"picked":"Genetic Algorithm","floor":3.0},{"not_picked":["Static Discharge","Sweeping Beam"],"picked":"Coolheaded","floor":5.0},{"not_picked":["Go for the Eyes","Beam Cell"],"picked":"Conserve Battery","floor":6.0},{"not_picked":["Gash","Redo"],"picked":"Glacier","floor":8.0},{"not_picked":["Aggregate","Ball Lightning"],"picked":"Compile Driver","floor":10.0},{"not_picked":["Reprogram","Sunder"],"picked":"Coolheaded","floor":11.0},{"not_picked":["Darkness","Turbo"],"picked":"Consume","floor":13.0},{"not_picked":["Beam Cell","Heatsinks"],"picked":"Echo Form","floor":14.0},{"not_picked":["Buffer","Hyperbeam"],"picked":"Electrodynamics","floor":16.0},{"not_picked":["Gash","Ball Lightning"],"picked":"Reprogram+1","floor":18.0},{"not_picked":["Go for the Eyes","Gash","Turbo"],"picked":"SKIP","floor":19.0},{"not_picked":["Rebound+1","Consume"],"picked":"Loop","floor":20.0},{"not_picked":["Hyperbeam","Recycle","Go for the Eyes"],"picked":"SKIP","floor":22.0},{"not_picked":["Streamline","Steam Power","Redo"],"picked":"SKIP","floor":23.0},{"not_picked":["Streamline+1","Leap+1","Hologram+1"],"picked":"SKIP","floor":27.0},{"not_picked":["Streamline+1","Leap+1","Hologram+1"],"picked":"SKIP","floor":27.0},{"not_picked":["Compile Driver","Streamline","Turbo"],"picked":"SKIP","floor":28.0},{"not_picked":["Amplify","All For One"],"picked":"Seek","floor":33.0},{"not_picked":["Gash","Coolheaded"],"picked":"Hologram","floor":35.0},{"not_picked":["Gash","Cold Snap+1","Chaos+1"],"picked":"SKIP","floor":36.0},{"not_picked":["Reinforced Body+1","Glacier+1","Barrage"],"picked":"SKIP","floor":37.0},{"not_picked":["Heatsinks","Cold Snap+1","Skim"],"picked":"SKIP","floor":39},{"not_picked":["Reinforced Body+1","Redo+1","Barrage"],"picked":"SKIP","floor":42},{"not_picked":["Storm+1","Leap+1"],"picked":"Skim+1","floor":44},{"not_picked":["Fusion","Conserve Battery","Streamline"],"picked":"SKIP","floor":45},{"not_picked":["Rebound+1","Cold Snap"],"picked":"Rainbow","floor":47}],"player_experience":451213,"relics_obtained":[{"floor":6.0,"key":"Nunchaku"},{"floor":8.0,"key":"Odd Mushroom"},{"floor":9.0,"key":"Blue Candle"},{"floor":10.0,"key":"Mummified Hand"},{"floor":11.0,"key":"Letter Opener"},{"floor":23.0,"key":"Peace Pipe"},{"floor":26.0,"key":"Ancient Tea Set"},{"floor":43,"key":"Potion Belt"}],"event_choices":[{"damage_healed":0.0,"max_hp_gain":0.0,"max_hp_loss":0.0,"gold_gain":0.0,"event_name":"Big Fish","player_choice":"Box","floor":4.0,"gold_loss":0.0,"damage_taken":0.0,"relics_obtained":["Orichalcum"],"cards_obtained":["Regret"]},{"damage_healed":0.0,"max_hp_gain":0.0,"max_hp_loss":0.0,"gold_gain":0.0,"event_name":"Mushrooms","player_choice":"Fought Mushrooms","floor":8.0,"gold_loss":0.0,"damage_taken":0.0},{"damage_healed":0.0,"max_hp_gain":0.0,"max_hp_loss":0.0,"gold_gain":0.0,"event_name":"Dead Adventurer","player_choice":"Searched \u00271\u0027 times","floor":11.0,"gold_loss":0.0,"damage_taken":0.0},{"damage_healed":0.0,"max_hp_gain":0.0,"max_hp_loss":38.0,"gold_gain":0.0,"event_name":"Ghosts","player_choice":"Became a Ghost","floor":24.0,"gold_loss":0.0,"damage_taken":0.0,"cards_obtained":["Ghostly","Ghostly","Ghostly","Ghostly","Ghostly"]},{"damage_healed":0.0,"max_hp_gain":0.0,"max_hp_loss":0.0,"gold_gain":0.0,"event_name":"The Mausoleum","player_choice":"Opened","floor":29.0,"gold_loss":0.0,"damage_taken":0.0,"relics_obtained":["Dodecahedron"],"cards_obtained":["Writhe"]},{"cards_removed":["Regret"],"damage_healed":0.0,"max_hp_gain":0.0,"max_hp_loss":0.0,"gold_gain":0.0,"event_name":"Bonfire Elementals","player_choice":"Offered Curse","floor":31.0,"gold_loss":0.0,"damage_taken":0.0,"relics_obtained":["Spirit Poop"]},{"damage_healed":0,"gold_gain":0,"player_choice":"Ignored","damage_taken":0,"max_hp_gain":0,"max_hp_loss":0,"event_name":"Mysterious Sphere","floor":40,"gold_loss":0},{"cards_removed":["Defend_B"],"damage_healed":0,"gold_gain":0,"player_choice":"Upgrade and Remove","damage_taken":0,"max_hp_gain":0,"max_hp_loss":0,"event_name":"Designer","floor":48,"gold_loss":90,"cards_upgraded":["Loop"]}],"is_beta":false,"boss_relics":[{"not_picked":["Pandora\u0027s Box","Orrery"],"picked":"Eternal Feather"},{"not_picked":["Lizard Tail","Fusion Hammer"],"picked":"FrozenCore"}],"items_purged_floors":[30,38],"is_endless":false,"potions_floor_spawned":[2,5,10,11,14,22,23,27,35,36,47],"ascension_level":0}