{"gold_per_floor":[118,118,37,51,71,71,102,120,196,196,53,95,95],"floor_reached":13,"playtime":608,"items_purged":["Strike_G"],"score":144,"play_id":"528f902f-4bed-4581-96d6-34fb9b570bea","local_time":"20191027121103","is_ascension_mode":true,"campfire_choices":[{"data":"Well Laid Plans","floor":6,"key":"SMITH"},{"data":"Poisoned Stab","floor":10,"key":"SMITH"}],"neow_cost":"NONE","seed_source_timestamp":101451116561300,"circlet_count":0,"master_deck":["AscendersBane","Strike_G","Strike_G","Strike_G","Defend_G","Defend_G","Defend_G","Defend_G","Defend_G","Survivor","Neutralize","Flying Knee","Poisoned Stab+1","Well Laid Plans+1","Bouncing Flask","Quick Slash","Dagger Spray","Footwork","Noxious Fumes"],"relics":["Ring of the Snake","Mango","Letter Opener","CeramicFish"],"potions_floor_usage":[7,8],"damage_taken":[{"damage":1,"enemies":"2 Louse","floor":1,"turns":3},{"damage":3,"enemies":"Jaw Worm","floor":4,"turns":4},{"damage":0,"enemies":"Cultist","floor":5,"turns":4},{"damage":32,"enemies":"Gremlin Nob","floor":7,"turns":4},{"damage":0,"enemies":"2 Fungi Beasts","floor":8,"turns":3},{"damage":24,"enemies":"3 Sentries","floor":12,"turns":10},{"damage":14,"enemies":"Lots of Slimes","floor":13,"turns":1}],"seed_played":"6930416752222050699","potions_obtained":[{"floor":1,"key":"Explosive Potion"},{"floor":4,"key":"LiquidMemories"}],"is_trial":false,"path_per_floor":["M","?","$","M","M","R","E","M","T","R","$","E","M"],"character_chosen":"THE_SILENT","items_purchased":["Well Laid Plans","Footwork"],"campfire_rested":0,"item_purchase_floors":[3,11],"current_hp_per_floor":[62,55,55,52,52,52,34,34,34,34,34,10,0],"gold":95,"neow_bonus":"THREE_CARDS","is_prod":false,"is_daily":false,"chose_seed":false,"campfire_upgraded":2,"win_rate":0,"timestamp":1572174663,"path_taken":["M","?","$","M","M","R","E","M","T","R","$","E","M"],"build_version":"2019-10-25-V3","purchased_purges":1,"victory":false,"max_hp_per_floor":[70,70,70,70,70,70,84,84,84,84,84,84,84],"card_choices":[{"not_picked":["Escape Plan","Acrobatics"],"picked":"Flying Knee","floor":0},{"not_picked":["Expertise","Deadly Poison"],"picked":"Poisoned Stab","floor":1},{"not_picked":["Acrobatics","Concentrate"],"picked":"Bouncing Flask","floor":4},{"not_picked":["Dodge and Roll","Accuracy"],"picked":"Quick Slash","floor":5},{"not_picked":["Masterful Stab","Blade Dance","Sucker Punch"],"picked":"SKIP","floor":7},{"not_picked":["PiercingWail","Finisher"],"picked":"Dagger Spray","floor":8},{"not_picked":["Riddle With Holes","After Image"],"picked":"Noxious Fumes","floor":12}],"player_experience":574888,"relics_obtained":[{"floor":7,"key":"Mango"},{"floor":9,"key":"Letter Opener"},{"floor":12,"key":"CeramicFish"}],"event_choices":[{"cards_removed":["Strike_G"],"damage_healed":0,"gold_gain":0,"player_choice":"Card Removal","damage_taken":7,"max_hp_gain":0,"max_hp_loss":0,"event_name":"Golden Wing","floor":2,"gold_loss":0}],"is_beta":true,"boss_relics":[],"items_purged_floors":[11],"is_endless":false,"potions_floor_spawned":[1,4],"killed_by":"Lots of Slimes","ascension_level":11}