{"gold_per_floor":[115,265,275,285,285,285,285,305,305,322,332,407,432,443,443,443],"floor_reached":16,"playtime":477,"items_purged":[],"score":208,"play_id":"1cf56c7b-e005-49f6-9fee-d6af2a441db1","local_time":"20191001210451","is_ascension_mode":true,"campfire_choices":[{"data":"Beam Cell","floor":7,"key":"SMITH"},{"floor":15,"key":"REST"}],"neow_cost":"NONE","seed_source_timestamp":1799923169700100,"circlet_count":0,"master_deck":["AscendersBane","Strike_B","Strike_B","Strike_B","Strike_B","Defend_B","Defend_B","Defend_B","Defend_B","Zap","Dualcast","Beam Cell+1","Doubt","Ball Lightning","Reboot","Hologram","Ball Lightning","Conserve Battery","Leap","Go for the Eyes","Ball Lightning"],"relics":["Cracked Core","Bag of Marbles","Emotion Chip","Prayer Wheel"],"potions_floor_usage":[8,13,14],"damage_taken":[{"damage":2,"enemies":"Jaw Worm","floor":1,"turns":4},{"damage":3,"enemies":"2 Louse","floor":3,"turns":3},{"damage":9,"enemies":"Small Slimes","floor":4,"turns":3},{"damage":5,"enemies":"Gremlin Gang","floor":8,"turns":3},{"damage":3,"enemies":"Looter","floor":10,"turns":3},{"damage":6,"enemies":"2 Fungi Beasts","floor":11,"turns":3},{"damage":36,"enemies":"Gremlin Nob","floor":13,"turns":4},{"damage":5,"enemies":"Lots of Slimes","floor":14,"turns":5},{"damage":24,"enemies":"The Guardian","floor":16,"turns":5}],"seed_played":"5420801162537597128","potions_obtained":[{"floor":1,"key":"Strength Potion"},{"floor":3,"key":"Regen Potion"},{"floor":10,"key":"Dexterity Potion"},{"floor":14,"key":"SpeedPotion"}],"is_trial":false,"path_per_floor":["M","?","M","M","?","?","R","M","T","M","M","?","E","M","R","B"],"character_chosen":"DEFECT","items_purchased":[],"campfire_rested":1,"item_purchase_floors":[],"current_hp_per_floor":[62,62,59,50,55,55,55,50,50,47,41,30,6,1,23,0],"gold":443,"neow_bonus":"RANDOM_COMMON_RELIC","is_prod":false,"is_daily":false,"chose_seed":false,"campfire_upgraded":1,"win_rate":0,"timestamp":1569989091,"path_taken":["M","?","M","M","?","?","R","M","T","?","M","?","E","M","R","BOSS"],"build_version":"2019-07-17","purchased_purges":0,"victory":false,"max_hp_per_floor":[71,71,71,71,76,76,76,76,76,76,76,76,76,76,76,76],"card_choices":[{"not_picked":["Auto Shields","Hologram"],"picked":"Beam Cell","floor":1},{"not_picked":["Hello World","Recycle"],"picked":"Ball Lightning","floor":3},{"not_picked":["Chaos","Steam","Stack"],"picked":"SKIP","floor":4},{"not_picked":["Redo","Fusion"],"picked":"Hologram","floor":8},{"not_picked":["Skim","Gash"],"picked":"Ball Lightning","floor":10},{"not_picked":["Hyperbeam","Compile Driver"],"picked":"Conserve Battery","floor":11},{"not_picked":["Heatsinks","Rebound"],"picked":"Leap","floor":13},{"not_picked":["Streamline","Ball Lightning"],"picked":"Go for the Eyes","floor":14},{"not_picked":["Beam Cell","Turbo"],"picked":"Ball Lightning","floor":14}],"player_experience":811718,"relics_obtained":[{"floor":9,"key":"Emotion Chip"},{"floor":13,"key":"Prayer Wheel"}],"event_choices":[{"damage_healed":0,"gold_gain":150,"player_choice":"AGREE","damage_taken":0,"max_hp_gain":0,"max_hp_loss":0,"event_name":"Liars Game","floor":2,"gold_loss":0,"cards_obtained":["Doubt"]},{"damage_healed":0,"gold_gain":0,"player_choice":"Donut","damage_taken":0,"max_hp_gain":5,"max_hp_loss":0,"event_name":"Big Fish","floor":5,"gold_loss":0},{"damage_healed":0,"gold_gain":0,"player_choice":"1 cards matched","damage_taken":0,"max_hp_gain":0,"max_hp_loss":0,"event_name":"Match and Keep!","floor":6,"gold_loss":0,"cards_obtained":["Reboot"]},{"damage_healed":0,"gold_gain":75,"player_choice":"Gather Gold","damage_taken":11,"max_hp_gain":0,"max_hp_loss":0,"event_name":"World of Goop","floor":12,"gold_loss":0}],"is_beta":false,"boss_relics":[],"items_purged_floors":[],"is_endless":false,"potions_floor_spawned":[1,3,10,14],"killed_by":"The Guardian","ascension_level":20}