{"gold_per_floor":[119,139,155,171,171,203,203,203],"floor_reached":8,"playtime":314,"items_purged":[],"score":116,"play_id":"c2a4a4d8-550f-46f7-bced-3014fbf020d1","local_time":"20190719120151","is_ascension_mode":true,"campfire_choices":[],"neow_cost":"NONE","seed_source_timestamp":696709956733595,"circlet_count":0,"master_deck":["AscendersBane","Strike_B","Strike_B","Strike_B","Strike_B","Defend_B","Defend_B","Defend_B","Defend_B","Zap","Dualcast","Glacier","Coolheaded","Gash","Conserve Battery","Sunder+1","Gash"],"relics":["Cracked Core","Art of War"],"potions_floor_usage":[4],"damage_taken":[{"damage":2,"enemies":"Cultist","floor":1,"turns":4},{"damage":3,"enemies":"2 Louse","floor":2,"turns":2},{"damage":0,"enemies":"Jaw Worm","floor":3,"turns":4},{"damage":4,"enemies":"Lots of Slimes","floor":4,"turns":7},{"damage":36,"enemies":"Lagavulin","floor":6,"turns":9},{"damage":24,"enemies":"Gremlin Nob","floor":8,"turns":3}],"seed_played":"3668393693852058102","potions_obtained":[{"floor":1,"key":"SkillPotion"},{"floor":4,"key":"SpeedPotion"}],"is_trial":false,"path_per_floor":["M","M","M","M","?","E","?","E"],"character_chosen":"DEFECT","items_purchased":[],"campfire_rested":0,"item_purchase_floors":[],"current_hp_per_floor":[62,59,59,55,55,19,19,0],"gold":203,"neow_bonus":"THREE_CARDS","is_prod":false,"is_daily":false,"chose_seed":false,"campfire_upgraded":0,"win_rate":0,"timestamp":1563562911,"path_taken":["M","M","?","M","?","E","?","E"],"build_version":"2019-07-17","purchased_purges":0,"victory":false,"max_hp_per_floor":[71,71,71,71,71,71,71,71],"card_choices":[{"not_picked":["Cold Snap","Defragment"],"picked":"Glacier","floor":0},{"not_picked":["Stack","Steam"],"picked":"Coolheaded","floor":1},{"not_picked":["Cold Snap","Coolheaded"],"picked":"Gash","floor":2},{"not_picked":["Lockon","Coolheaded"],"picked":"Conserve Battery","floor":3},{"not_picked":["Fusion","Steam"],"picked":"Sunder","floor":4},{"not_picked":["Hologram","Auto Shields"],"picked":"Gash","floor":6}],"player_experience":693332,"relics_obtained":[{"floor":6,"key":"Art of War"}],"event_choices":[{"damage_healed":0,"gold_gain":0,"player_choice":"Grow","damage_taken":0,"max_hp_gain":0,"max_hp_loss":0,"event_name":"Living Wall","floor":5,"gold_loss":0,"cards_upgraded":["Sunder"]},{"damage_healed":0,"gold_gain":0,"player_choice":"0 cards matched","damage_taken":0,"max_hp_gain":0,"max_hp_loss":0,"event_name":"Match and Keep!","floor":7,"gold_loss":0,"cards_obtained":[]}],"is_beta":false,"boss_relics":[],"items_purged_floors":[],"is_endless":false,"potions_floor_spawned":[1,4],"killed_by":"Gremlin Nob","ascension_level":20}