{"gold_per_floor":[112,32,32,32,52,52,83,83,107,119,50,50,50,88,88,207,207,176,376,391,49,69,69,3,3],"floor_reached":25,"playtime":874,"items_purged":["Armaments+1"],"score":360,"play_id":"9d93b558-81f9-41a8-a50a-776424cf3c0b","local_time":"20190418191525","is_ascension_mode":true,"campfire_choices":[{"data":"Armaments","floor":6.0,"key":"SMITH"},{"data":"Bash","floor":8.0,"key":"SMITH"},{"data":"Shrug It Off","floor":13.0,"key":"SMITH"},{"floor":15.0,"key":"REST"},{"floor":23,"key":"REST"}],"neow_cost":"NONE","seed_source_timestamp":284758924368000,"circlet_count":0,"master_deck":["AscendersBane","Strike_R","Strike_R","Strike_R","Defend_R","Defend_R","Defend_R","Defend_R+1","Bash+1","Inflame","Pommel Strike","Inflame","Shrug It Off+1","Barricade","Shrug It Off","Apotheosis","Inflame"],"special_seed":0,"relics":["Burning Blood","NeowsBlessing","The Courier","Ancient Tea Set","Golden Idol","Regal Pillow","Empty Cage","Oddly Smooth Stone"],"potions_floor_usage":[16,22,22],"damage_taken":[{"damage":0.0,"enemies":"Cultist","floor":1.0,"turns":1.0},{"damage":3.0,"enemies":"2 Louse","floor":5.0,"turns":2.0},{"damage":0.0,"enemies":"3 Sentries","floor":7.0,"turns":2.0},{"damage":0.0,"enemies":"Small Slimes","floor":10.0,"turns":5.0},{"damage":39.0,"enemies":"Gremlin Nob","floor":14.0,"turns":5.0},{"damage":52,"enemies":"Slime Boss","floor":16,"turns":13},{"damage":41,"enemies":"2 Thieves","floor":18,"turns":5},{"damage":8,"enemies":"Chosen","floor":20,"turns":7},{"damage":25,"enemies":"Centurion and Healer","floor":22,"turns":11},{"damage":55,"enemies":"Sentry and Sphere","floor":25,"turns":7}],"seed_played":"-7590823751744907585","potions_obtained":[{"floor":1.0,"key":"Dexterity Potion"},{"floor":14.0,"key":"Explosive Potion"},{"floor":16,"key":"EssenceOfSteel"},{"floor":22,"key":"SneckoOil"}],"is_trial":false,"path_per_floor":["M","$","?","?","M","R","E","R","T","M","$","?","R","E","R","B",null,"M","?","M","$","M","R","$","M"],"character_chosen":"IRONCLAD","items_purchased":["Inflame","Inflame","Shrug It Off","Oddly Smooth Stone","Apotheosis","Inflame"],"campfire_rested":2,"item_purchase_floors":[2,11,11,21,21,24],"current_hp_per_floor":[78,78,71,55,58,58,64,64,64,70,70,50,50,17,56,10,63,28,28,26,26,7,46,46,0],"gold":3,"neow_bonus":"THREE_ENEMY_KILL","is_prod":false,"is_daily":false,"chose_seed":false,"campfire_upgraded":3,"win_rate":0,"timestamp":1555607725,"path_taken":["M","?","?","?","M","R","E","R","T","M","?","?","R","E","R","BOSS","M","?","?","$","M","R","$","M"],"build_version":"2019-01-23","purchased_purges":1,"victory":false,"max_hp_per_floor":[80,80,80,80,80,80,80,80,80,80,80,80,80,80,80,80,80,80,80,80,80,80,80,80,80],"card_choices":[{"not_picked":["Anger","Disarm"],"picked":"Spot Weakness","floor":1.0},{"not_picked":["Rampage","Clothesline"],"picked":"Armaments","floor":5.0},{"not_picked":["Rampage","Disarm","Warcry"],"picked":"SKIP","floor":7.0},{"not_picked":["Ghostly Armor","Clothesline"],"picked":"Pommel Strike","floor":10.0},{"not_picked":["Evolve","Armaments","Hemokinesis"],"picked":"SKIP","floor":14.0},{"not_picked":["Juggernaut","Offering"],"picked":"Barricade","floor":16},{"not_picked":["Flex","Sentinel","Dual Wield"],"picked":"SKIP","floor":18},{"not_picked":["Feel No Pain","True Grit+1"],"picked":"Shrug It Off","floor":20},{"not_picked":["Clash","Sword Boomerang","Pommel Strike"],"picked":"SKIP","floor":22}],"player_experience":421166,"relics_obtained":[{"floor":7.0,"key":"The Courier"},{"floor":9.0,"key":"Ancient Tea Set"},{"floor":14.0,"key":"Regal Pillow"}],"event_choices":[{"cards_removed":["Strike_R"],"damage_healed":0.0,"max_hp_gain":0.0,"max_hp_loss":0.0,"gold_gain":0.0,"event_name":"Golden Wing","player_choice":"Card Removal","floor":3.0,"gold_loss":0.0,"damage_taken":7.0},{"damage_healed":0.0,"max_hp_gain":0.0,"max_hp_loss":0.0,"gold_gain":0.0,"event_name":"Shining Light","player_choice":"Entered Light","floor":4.0,"gold_loss":0.0,"damage_taken":16.0,"cards_upgraded":["Spot Weakness","Defend_R"]},{"damage_healed":0.0,"max_hp_gain":0.0,"max_hp_loss":0.0,"gold_gain":0.0,"event_name":"Golden Idol","player_choice":"Take Damage","floor":12.0,"gold_loss":0.0,"damage_taken":20.0,"relics_obtained":["Golden Idol"]},{"damage_healed":0,"gold_gain":200,"player_choice":"Gold","damage_taken":0,"max_hp_gain":0,"max_hp_loss":0,"event_name":"Wheel of Change","floor":19,"gold_loss":0}],"is_beta":false,"boss_relics":[{"not_picked":["Runic Cube","Runic Dome"],"picked":"Empty Cage"}],"items_purged_floors":[21],"is_endless":false,"potions_floor_spawned":[1,14,16,22],"killed_by":"Sentry and Sphere","ascension_level":11}