{"gold_per_floor":[117,129,129,142,107,139,139,151,151,151],"floor_reached":10,"playtime":367,"items_purged":[],"score":136,"play_id":"c39cacb9-259b-426a-b4aa-421f42e4d4f5","local_time":"20190715204941","is_ascension_mode":true,"campfire_choices":[{"data":"Recycle","floor":7,"key":"SMITH"}],"neow_cost":"NONE","seed_source_timestamp":382726068445683,"circlet_count":0,"master_deck":["AscendersBane","Strike_B","Strike_B","Strike_B","Defend_B","Defend_B","Defend_B","Defend_B","Zap","Dualcast","Gash","Go for the Eyes","Leap","Recycle+1","Turbo"],"relics":["Runic Pyramid","Vajra","Cables"],"potions_floor_usage":[6,10,10],"damage_taken":[{"damage":12,"enemies":"2 Louse","floor":1,"turns":3},{"damage":3,"enemies":"Small Slimes","floor":2,"turns":3},{"damage":2,"enemies":"Jaw Worm","floor":4,"turns":3},{"damage":3,"enemies":"Lagavulin","floor":6,"turns":8},{"damage":48,"enemies":"Gremlin Gang","floor":8,"turns":6},{"damage":6,"enemies":"Lots of Slimes","floor":10,"turns":2}],"seed_played":"6267937260189741431","potions_obtained":[{"floor":2,"key":"SneckoOil"},{"floor":4,"key":"Fire Potion"},{"floor":8,"key":"EssenceOfSteel"}],"is_trial":false,"path_per_floor":["M","M","?","M","?","E","R","M","T","M"],"character_chosen":"DEFECT","items_purchased":[],"campfire_rested":0,"item_purchase_floors":[],"current_hp_per_floor":[52,49,42,40,57,54,54,6,6,0],"gold":151,"neow_bonus":"BOSS_RELIC","is_prod":false,"is_daily":false,"chose_seed":false,"campfire_upgraded":1,"win_rate":0,"timestamp":1563248981,"path_taken":["M","M","?","M","?","E","R","M","T","M"],"build_version":"2019-07-05","purchased_purges":0,"victory":false,"max_hp_per_floor":[71,71,71,71,71,71,71,71,71,71],"card_choices":[{"not_picked":["Rebound","Fusion"],"picked":"Gash","floor":1},{"not_picked":["Hello World","Hologram"],"picked":"Go for the Eyes","floor":2},{"not_picked":["Rebound","Redo"],"picked":"Leap","floor":4},{"not_picked":["Tempest","Coolheaded"],"picked":"Recycle","floor":6},{"not_picked":["Sweeping Beam","Beam Cell"],"picked":"Turbo","floor":8}],"player_experience":675977,"relics_obtained":[{"floor":6,"key":"Vajra"},{"floor":9,"key":"Cables"}],"event_choices":[{"cards_removed":["Strike_B"],"damage_healed":0,"gold_gain":0,"player_choice":"Card Removal","damage_taken":7,"max_hp_gain":0,"max_hp_loss":0,"event_name":"Golden Wing","floor":3,"gold_loss":0},{"damage_healed":17,"gold_gain":0,"player_choice":"Healed","damage_taken":0,"max_hp_gain":0,"max_hp_loss":0,"event_name":"The Cleric","floor":5,"gold_loss":35}],"is_beta":false,"boss_relics":[],"items_purged_floors":[],"is_endless":false,"potions_floor_spawned":[2,4,8],"killed_by":"Lots of Slimes","ascension_level":20}