{"gold_per_floor":[116,132,97,108,30,30,30,64,110,126,151,151,151,68,68,139,139,157,157,176,176,176,176,101,101],"floor_reached":25,"playtime":681,"items_purged":["Writhe"],"score":414,"play_id":"c76e3069-c781-4618-b31e-6e6567bab2df","local_time":"20191021163412","is_ascension_mode":true,"campfire_choices":[{"data":"Capacitor","floor":6,"key":"SMITH"},{"floor":12,"key":"REST"},{"data":"Consume","floor":15,"key":"SMITH"},{"floor":23,"key":"REST"}],"neow_cost":"NONE","seed_source_timestamp":776709002351600,"circlet_count":0,"master_deck":["AscendersBane","Strike_B","Strike_B","Strike_B","Defend_B","Defend_B","Defend_B","Defend_B","Zap","Dualcast","Ball Lightning","Conserve Battery","Consume+1","Capacitor+1","Hologram","Capacitor","Conserve Battery","Self Repair","Echo Form","Recycle"],"relics":["Cracked Core","Art of War","Oddly Smooth Stone","Strawberry","Centennial Puzzle","Snecko Eye","Regal Pillow"],"potions_floor_usage":[8,8,16,16],"damage_taken":[{"damage":12,"enemies":"Jaw Worm","floor":1,"turns":4},{"damage":0,"enemies":"2 Louse","floor":2,"turns":2},{"damage":6,"enemies":"Cultist","floor":4,"turns":3},{"damage":22,"enemies":"Gremlin Nob","floor":8,"turns":4},{"damage":11,"enemies":"Looter","floor":10,"turns":3},{"damage":28,"enemies":"3 Sentries","floor":11,"turns":6},{"damage":19,"enemies":"The Guardian","floor":16,"turns":8},{"damage":29,"enemies":"3 Byrds","floor":18,"turns":5},{"damage":30,"enemies":"2 Thieves","floor":20,"turns":4},{"damage":68,"enemies":"Book of Stabbing","floor":25,"turns":5}],"seed_played":"1502912311390016672","potions_obtained":[{"floor":2,"key":"Block Potion"},{"floor":7,"key":"Poison Potion"},{"floor":10,"key":"Weak Potion"},{"floor":11,"key":"Regen Potion"},{"floor":16,"key":"FairyPotion"}],"is_trial":false,"path_per_floor":["M","M","?","M","$","R","?","E","T","M","E","R","?","$","R","B",null,"M","?","M","?","?","R","$","E"],"character_chosen":"DEFECT","items_purchased":["Capacitor","Self Repair"],"campfire_rested":2,"item_purchase_floors":[5,14],"current_hp_per_floor":[52,52,69,63,63,63,63,41,48,37,9,32,37,37,37,40,72,57,57,34,10,10,51,51,0],"gold":101,"neow_bonus":"RANDOM_COMMON_RELIC","is_prod":false,"is_daily":false,"chose_seed":false,"campfire_upgraded":2,"win_rate":0,"timestamp":1571700852,"path_taken":["M","M","?","M","$","R","?","E","T","?","E","R","?","?","R","BOSS","M","?","?","?","?","R","$","E"],"build_version":"2019-07-17","purchased_purges":1,"victory":false,"max_hp_per_floor":[71,71,71,71,71,71,71,71,78,78,78,78,83,83,83,83,83,83,83,83,88,88,88,88,88],"card_choices":[{"not_picked":["Undo","Stack"],"picked":"Ball Lightning","floor":1},{"not_picked":["Beam Cell","Cold Snap"],"picked":"Conserve Battery","floor":2},{"not_picked":["Reinforced Body","Aggregate"],"picked":"Consume","floor":4},{"not_picked":["Tempest","Auto Shields"],"picked":"Hologram","floor":8},{"not_picked":["Reinforced Body","Streamline"],"picked":"Capacitor","floor":10},{"not_picked":["Auto Shields","Compile Driver"],"picked":"Conserve Battery","floor":11},{"not_picked":["Multi-Cast","Meteor Strike"],"picked":"Echo Form","floor":16},{"not_picked":["Cold Snap","Conserve Battery"],"picked":"Recycle","floor":18},{"not_picked":["Cold Snap","Barrage","Blizzard+1"],"picked":"SKIP","floor":20}],"player_experience":876983,"relics_obtained":[{"floor":8,"key":"Oddly Smooth Stone"},{"floor":9,"key":"Strawberry"},{"floor":11,"key":"Centennial Puzzle"}],"event_choices":[{"damage_healed":17,"gold_gain":0,"player_choice":"Healed","damage_taken":0,"max_hp_gain":0,"max_hp_loss":0,"event_name":"The Cleric","floor":3,"gold_loss":35},{"damage_healed":0,"gold_gain":0,"player_choice":"Got Potions","damage_taken":0,"max_hp_gain":0,"max_hp_loss":0,"event_name":"Lab","floor":7,"gold_loss":0},{"damage_healed":0,"gold_gain":0,"player_choice":"Donut","damage_taken":0,"max_hp_gain":5,"max_hp_loss":0,"event_name":"Big Fish","floor":13,"gold_loss":0},{"cards_removed":["Strike_B"],"damage_healed":0,"gold_gain":0,"player_choice":"Offered Basic","damage_taken":0,"max_hp_gain":0,"max_hp_loss":0,"event_name":"Bonfire Elementals","floor":19,"gold_loss":0},{"damage_healed":0,"gold_gain":0,"player_choice":"Shed Blood","damage_taken":29,"max_hp_gain":5,"max_hp_loss":0,"event_name":"Forgotten Altar","floor":21,"gold_loss":0},{"damage_healed":0,"gold_gain":0,"player_choice":"Opened","damage_taken":0,"relics_obtained":["Regal Pillow"],"max_hp_gain":0,"max_hp_loss":0,"event_name":"The Mausoleum","floor":22,"gold_loss":0,"cards_obtained":["Writhe"]}],"is_beta":false,"boss_relics":[{"not_picked":["FrozenCore","Velvet Choker"],"picked":"Snecko Eye"}],"items_purged_floors":[24],"is_endless":false,"potions_floor_spawned":[2,10,11,16],"killed_by":"Book of Stabbing","ascension_level":20}