{"gold_per_floor":[109,109,129,33,46,78,110,122,159,205,217,242,254,280,292,376,388,411,434,458,570,582,622,644,656,747,794,806,848,324,359,359,433,433,451,468,486,499,519,554,554,554,579,607,882,913,321,421,421,421,421,421,46,81,81],"floor_reached":56,"playtime":6555,"items_purged":["Strike_B","Regret"],"score":2300,"play_id":"d0348805-2461-4f32-86e8-692818dc72fb","local_time":"20190506185429","is_ascension_mode":true,"campfire_choices":[{"floor":8.0,"key":"REST"},{"floor":11.0,"key":"REST"},{"data":"Coolheaded","floor":15.0,"key":"SMITH"},{"floor":25,"key":"REST"},{"floor":32,"key":"RECALL"},{"floor":41,"key":"REST"},{"floor":49,"key":"REST"},{"floor":52,"key":"REST"}],"neow_cost":"NONE","seed_source_timestamp":0,"circlet_count":0,"master_deck":["AscendersBane","Strike_B+1","Defend_B","Defend_B","Defend_B","Defend_B","Zap","Dualcast","Rebound+1","Coolheaded+1","Go for the Eyes","Conserve Battery","Hologram","Sweeping Beam","Chill","Leap","Beam Cell","Echo Form","Barrage","Self Repair+1","Lockon+1","Genetic Algorithm","Glacier","Defragment","Self Repair+1","Hologram","White Noise+1","Seek","Body Slam","Body Slam","Madness","Madness","Echo Form","Double Energy","Stack","Headbutt+1","Self Repair","Machine Learning","Storm"],"special_seed":0,"relics":["Black Star","GremlinMask","Pen Nib","MawBank","Regal Pillow","Orichalcum","Du-Vu Doll","Fusion Hammer","Thread and Needle","Gremlin Horn","The Courier","Happy Flower","Mummified Hand","Incense Burner","Sundial","DataDisk","Bag of Preparation","PrismaticShard","Lantern","Singing Bowl","Gambling Chip","Ice Cream","Empty Cage","Juzu Bracelet","PreservedInsect","Torii","Symbiotic Virus","Potion Belt","StoneCalendar","Vajra","Anchor","Art of War","Pocketwatch","Runic Capacitor","Boot","Strawberry"],"potions_floor_usage":[27,29,33,39,44,44,50,50,50,50,55,55,55],"damage_taken":[{"damage":12.0,"enemies":"Jaw Worm","floor":1.0,"turns":3.0},{"damage":5.0,"enemies":"Cultist","floor":3.0,"turns":5.0},{"damage":1.0,"enemies":"Small Slimes","floor":5.0,"turns":7.0},{"damage":11.0,"enemies":"3 Sentries","floor":6.0,"turns":9.0},{"damage":17.0,"enemies":"Exordium Wildlife","floor":7.0,"turns":7.0},{"damage":2.0,"enemies":"Lagavulin","floor":10.0,"turns":10.0},{"damage":0.0,"enemies":"Blue Slaver","floor":12.0,"turns":5.0},{"damage":0.0,"enemies":"Looter","floor":14.0,"turns":3.0},{"damage":4.0,"enemies":"The Guardian","floor":16.0,"turns":13.0},{"damage":5.0,"enemies":"Shell Parasite","floor":18.0,"turns":5.0},{"damage":5.0,"enemies":"3 Byrds","floor":19.0,"turns":4.0},{"damage":12.0,"enemies":"Shelled Parasite and Fungi","floor":20.0,"turns":8.0},{"damage":24.0,"enemies":"Colosseum Slavers","floor":21.0,"turns":9.0},{"damage":20.0,"enemies":"Colosseum Nobs","floor":21.0,"turns":5.0},{"damage":26,"enemies":"Slavers","floor":23,"turns":9},{"damage":23,"enemies":"Snake Plant","floor":24,"turns":10},{"damage":0,"enemies":"Book of Stabbing","floor":27,"turns":8},{"damage":40,"enemies":"Gremlin Leader","floor":29,"turns":9},{"damage":12,"enemies":"Book of Stabbing","floor":31,"turns":10},{"damage":40,"enemies":"Automaton","floor":33,"turns":15},{"damage":0,"enemies":"3 Darklings","floor":35,"turns":5},{"damage":0,"enemies":"3 Shapes","floor":36,"turns":7},{"damage":0,"enemies":"Sphere and 2 Shapes","floor":37,"turns":7},{"damage":0,"enemies":"3 Darklings","floor":38,"turns":7},{"damage":0,"enemies":"Writhing Mass","floor":39,"turns":10},{"damage":2,"enemies":"Giant Head","floor":40,"turns":8},{"damage":4,"enemies":"Reptomancer","floor":44,"turns":6},{"damage":3,"enemies":"Nemesis","floor":46,"turns":5},{"damage":0,"enemies":"Mind Bloom Boss Battle","floor":48,"turns":3},{"damage":25,"enemies":"Time Eater","floor":50,"turns":13},{"damage":0,"enemies":"Shield and Spear","floor":54,"turns":5},{"damage":91,"enemies":"The Heart","floor":55,"turns":10}],"seed_played":"-8326384856924694206","potions_obtained":[{"floor":6.0,"key":"FocusPotion"},{"floor":7.0,"key":"SteroidPotion"},{"floor":12.0,"key":"Swift Potion"},{"floor":16.0,"key":"EntropicBrew"},{"floor":23,"key":"Dexterity Potion"},{"floor":24,"key":"Strength Potion"},{"floor":29,"key":"Energy Potion"},{"floor":31,"key":"Fire Potion"},{"floor":33,"key":"Swift Potion"},{"floor":37,"key":"Block Potion"},{"floor":39,"key":"Block Potion"},{"floor":44,"key":"Energy Potion"},{"floor":48,"key":"EntropicBrew"}],"is_trial":false,"path_per_floor":["M","?","M","$","M","E","M","R","T","E","R","M","?","M","R","B",null,"M","M","M","?","?","E","M","R","T","E","?","E","$","E","R","B",null,"M","M","M","M","M","E","R","?","T","E","?","E","$","?","R","B",null,"R","$","E","B",null],"character_chosen":"DEFECT","items_purchased":["Go for the Eyes","PowerPotion","PrismaticShard","Lantern","Singing Bowl","Double Energy","Stack","Vajra","Anchor","Art of War","EssenceOfSteel","Runic Capacitor","Self Repair","Machine Learning","Storm"],"campfire_rested":6,"item_purchase_floors":[4,4,30,30,30,47,47,47,47,47,47,53,53,53,53],"current_hp_per_floor":[52,52,47,47,46,35,18,39,39,37,71,71,50,50,50,46,65,60,55,63,49,49,43,40,71,71,71,71,61,61,71,71,71,71,73,75,75,77,77,79,79,65,65,79,79,81,81,81,81,81,81,81,81,90,58],"gold":81,"neow_bonus":"BOSS_RELIC","is_prod":false,"is_daily":false,"chose_seed":false,"campfire_upgraded":1,"win_rate":0,"timestamp":1557194069,"path_taken":["M","?","M","$","?","E","M","R","T","E","R","M","?","M","R","BOSS","M","M","M","?","?","E","M","R","T","E","?","E","$","E","R","BOSS","M","M","M","M","M","E","R","?","T","E","?","E","$","?","R","BOSS","R","$","E","BOSS"],"build_version":"2019-01-23","purchased_purges":2,"victory":true,"max_hp_per_floor":[71,71,71,71,71,71,71,71,71,71,71,71,71,71,71,71,71,71,71,71,71,71,71,71,71,71,71,71,71,71,71,71,71,71,73,75,75,77,77,79,79,79,79,79,79,81,81,81,81,81,81,81,81,90,90],"card_choices":[{"not_picked":["Fusion","Conserve Battery"],"picked":"Rebound","floor":1.0},{"not_picked":["Stack","Steam"],"picked":"Coolheaded","floor":3.0},{"not_picked":["Chill","Reprogram"],"picked":"Conserve Battery","floor":5.0},{"not_picked":["Chaos","Buffer"],"picked":"Hologram","floor":6.0},{"not_picked":["Melter","Barrage"],"picked":"Sweeping Beam","floor":7.0},{"not_picked":["Turbo","Storm"],"picked":"Chill","floor":10.0},{"not_picked":["Steam Power","Chill"],"picked":"Leap","floor":12.0},{"not_picked":["Redo","Rebound"],"picked":"Beam Cell","floor":14.0},{"not_picked":["All For One","Seek"],"picked":"Echo Form","floor":16.0},{"not_picked":["Go for the Eyes","Rebound"],"picked":"Barrage","floor":18.0},{"not_picked":["Conserve Battery","Cold Snap+1"],"picked":"Self Repair+1","floor":19.0},{"not_picked":["Thunder Strike","Ball Lightning"],"picked":"Lockon+1","floor":20.0},{"not_picked":["Heatsinks","Undo"],"picked":"Genetic Algorithm","floor":21.0},{"not_picked":["Beam Cell","Hologram"],"picked":"Defragment","floor":23},{"not_picked":["Streamline+1","Go for the Eyes","Barrage"],"picked":"SKIP","floor":24},{"not_picked":["Buffer","Hologram"],"picked":"Self Repair+1","floor":27},{"not_picked":["Redo","Melter"],"picked":"Hologram","floor":29},{"not_picked":["Wild Strike","Heatsinks+1"],"picked":"White Noise+1","floor":31},{"not_picked":["Magnetism","Metamorphosis"],"picked":"Seek","floor":33},{"not_picked":["Clothesline","Dodge and Roll","Ball Lightning"],"picked":"Singing Bowl","floor":35},{"not_picked":["Choke","Anger","Slice+1"],"picked":"Singing Bowl","floor":36},{"not_picked":["Go for the Eyes+1","Cleave"],"picked":"Body Slam","floor":37},{"not_picked":["Rupture","Deflect+1","Flex"],"picked":"Singing Bowl","floor":38},{"not_picked":["Perfected Strike","Sweeping Beam"],"picked":"Body Slam","floor":39},{"not_picked":["Choke","Warcry","Deflect+1"],"picked":"Singing Bowl","floor":40},{"not_picked":["Hello World","True Grit+1"],"picked":"Echo Form","floor":44},{"not_picked":["Slice","Fire Breathing","Poisoned Stab"],"picked":"Singing Bowl","floor":46},{"not_picked":["Slice","Poisoned Stab"],"picked":"Headbutt+1","floor":48},{"not_picked":["Eviscerate","Sweeping Beam","Turbo"],"picked":"Singing Bowl","floor":54}],"player_experience":408904,"relics_obtained":[{"floor":6.0,"key":"Pen Nib"},{"floor":6.0,"key":"MawBank"},{"floor":9.0,"key":"Regal Pillow"},{"floor":10.0,"key":"Orichalcum"},{"floor":10.0,"key":"Du-Vu Doll"},{"floor":21.0,"key":"Thread and Needle"},{"floor":21.0,"key":"Gremlin Horn"},{"floor":23,"key":"The Courier"},{"floor":23,"key":"Happy Flower"},{"floor":26,"key":"Mummified Hand"},{"floor":27,"key":"Incense Burner"},{"floor":27,"key":"Sundial"},{"floor":29,"key":"DataDisk"},{"floor":29,"key":"Bag of Preparation"},{"floor":31,"key":"Gambling Chip"},{"floor":31,"key":"Ice Cream"},{"floor":40,"key":"Juzu Bracelet"},{"floor":40,"key":"PreservedInsect"},{"floor":44,"key":"Torii"},{"floor":44,"key":"Symbiotic Virus"},{"floor":46,"key":"Potion Belt"},{"floor":46,"key":"StoneCalendar"},{"floor":48,"key":"Pocketwatch"},{"floor":54,"key":"Boot"},{"floor":54,"key":"Strawberry"}],"event_choices":[{"damage_healed":0.0,"max_hp_gain":0.0,"max_hp_loss":0.0,"gold_gain":0.0,"event_name":"FaceTrader","player_choice":"Trade","floor":2.0,"gold_loss":0.0,"damage_taken":0.0,"relics_obtained":["GremlinMask"]},{"damage_healed":0.0,"max_hp_gain":0.0,"max_hp_loss":0.0,"gold_gain":0.0,"event_name":"Shining Light","player_choice":"Entered Light","floor":13.0,"gold_loss":0.0,"damage_taken":21.0,"cards_upgraded":["Strike_B","Rebound"]},{"damage_healed":0.0,"max_hp_gain":0.0,"max_hp_loss":0.0,"gold_gain":0.0,"event_name":"Colosseum","player_choice":"Fight","floor":21.0,"gold_loss":0.0,"damage_taken":0.0},{"damage_healed":0.0,"max_hp_gain":0.0,"max_hp_loss":0.0,"gold_gain":0.0,"event_name":"Colosseum","player_choice":"Fought Nobs","floor":21.0,"gold_loss":0.0,"damage_taken":0.0},{"damage_healed":0.0,"max_hp_gain":0.0,"max_hp_loss":0.0,"gold_gain":0.0,"event_name":"The Library","player_choice":"Read","floor":22.0,"gold_loss":0.0,"damage_taken":0.0,"cards_obtained":["Glacier"]},{"damage_healed":0,"gold_gain":0,"player_choice":"0 cards matched","damage_taken":0,"max_hp_gain":0,"max_hp_loss":0,"event_name":"Match and Keep!","floor":28,"gold_loss":0,"cards_obtained":[]},{"damage_healed":0,"gold_gain":0,"player_choice":"Embrace Madness","damage_taken":14,"max_hp_gain":0,"max_hp_loss":0,"event_name":"Winding Halls","floor":42,"gold_loss":0,"cards_obtained":["Madness","Madness"]},{"damage_healed":0,"gold_gain":275,"player_choice":"Desecrate","damage_taken":0,"max_hp_gain":0,"max_hp_loss":0,"event_name":"Golden Shrine","floor":45,"gold_loss":0,"cards_obtained":["Regret"]},{"damage_healed":0,"gold_gain":0,"player_choice":"Fight","damage_taken":0,"max_hp_gain":0,"max_hp_loss":0,"event_name":"MindBloom","floor":48,"gold_loss":0}],"is_beta":false,"boss_relics":[{"not_picked":["Lizard Tail","Orrery"],"picked":"Fusion Hammer"},{"not_picked":["Nuclear Battery","Pandora\u0027s Box"],"picked":"Empty Cage"}],"items_purged_floors":[30,47],"is_endless":false,"potions_floor_spawned":[6,7,12,16,19,23,24,29,31,33,36,37,39,44,48],"ascension_level":15}