{"gold_per_floor":[109,109,109,109,66,97,97,112,112,112,125,125,143,143,143,220,220,230,230,145,159,159,159,189,189,189,207,164,80,80,113,113,113],"floor_reached":33,"playtime":845,"items_purged":[],"score":608,"play_id":"1d226fd7-07e8-4a91-b555-0e34e5ef6177","local_time":"20190804131805","is_ascension_mode":true,"campfire_choices":[{"data":"Sunder","floor":7,"key":"SMITH"},{"data":"Doom and Gloom","floor":10,"key":"SMITH"},{"data":"Steam Power","floor":12,"key":"SMITH"},{"data":"Hologram","floor":15,"key":"SMITH"},{"data":"Undo","floor":23,"key":"SMITH"},{"data":"Genetic Algorithm","floor":25,"key":"SMITH"},{"floor":30,"key":"REST"},{"floor":32,"key":"REST"}],"neow_cost":"NONE","seed_source_timestamp":217545015739200,"circlet_count":0,"master_deck":["AscendersBane","Strike_B","Strike_B","Strike_B","Strike_B","Defend_B+1","Defend_B","Defend_B","Defend_B","Zap+1","Dualcast","Sunder+1","Doom and Gloom+1","Ball Lightning","Undo+1","Steam Power+1","Hologram+1","Electrodynamics+1","Genetic Algorithm+1","Ball Lightning","Hologram","Coolheaded","Pain","Echo Form+1","Gash","Self Repair+1","Self Repair+1","Hologram"],"relics":["Cracked Core","NeowsBlessing","Frozen Egg 2","Meat on the Bone","Orrery","Dodecahedron","WarpedTongs","Bottled Lightning","Kunai","Question Card"],"potions_floor_usage":[16,21,24,33],"damage_taken":[{"damage":0,"enemies":"Jaw Worm","floor":1,"turns":1},{"damage":0,"enemies":"Gremlin Nob","floor":6,"turns":1},{"damage":0,"enemies":"Small Slimes","floor":8,"turns":1},{"damage":0,"enemies":"2 Louse","floor":11,"turns":2},{"damage":10,"enemies":"Red Slaver","floor":13,"turns":3},{"damage":35,"enemies":"The Guardian","floor":16,"turns":13},{"damage":26,"enemies":"Chosen","floor":18,"turns":5},{"damage":6,"enemies":"3 Byrds","floor":21,"turns":3},{"damage":44,"enemies":"Slavers","floor":24,"turns":3},{"damage":8,"enemies":"Centurion and Healer","floor":27,"turns":6},{"damage":41,"enemies":"Gremlin Leader","floor":31,"turns":6},{"damage":65,"enemies":"Automaton","floor":33,"turns":6}],"seed_played":"-8520516223574770564","potions_obtained":[{"floor":1,"key":"Weak Potion"},{"floor":4,"key":"Regen Potion"},{"floor":16,"key":"Block Potion"},{"floor":31,"key":"EssenceOfSteel"}],"is_trial":false,"path_per_floor":["M","?","?","?","$","E","R","M","T","R","M","R","M","$","R","B",null,"M","?","?","M","?","R","E","R","T","M","$","$","R","E","R","B"],"character_chosen":"DEFECT","items_purchased":["Doom and Gloom","Self Repair+1","Self Repair+1"],"campfire_rested":2,"item_purchase_floors":[5,28,29],"current_hp_per_floor":[64,43,48,48,48,48,48,48,48,48,48,48,50,50,50,27,64,50,50,50,44,44,44,21,21,21,25,25,25,47,38,60,0],"gold":113,"neow_bonus":"THREE_ENEMY_KILL","is_prod":false,"is_daily":false,"chose_seed":false,"campfire_upgraded":6,"win_rate":0,"timestamp":1564949885,"path_taken":["M","?","?","?","$","E","R","?","T","R","M","R","M","$","R","BOSS","M","?","?","M","?","R","E","R","T","?","?","$","R","E","R","BOSS"],"build_version":"2019-07-17","purchased_purges":0,"victory":false,"max_hp_per_floor":[71,71,76,76,76,76,76,76,76,76,76,76,76,76,76,76,76,76,76,76,76,76,76,76,76,76,76,76,76,76,76,76,76],"card_choices":[{"not_picked":["Storm","Gash"],"picked":"Sunder","floor":1},{"not_picked":["Cold Snap","Coolheaded"],"picked":"Ball Lightning","floor":6},{"not_picked":["Beam Cell","Coolheaded"],"picked":"Undo","floor":8},{"not_picked":["Turbo","Redo"],"picked":"Steam Power","floor":11},{"not_picked":["Darkness","Turbo"],"picked":"Hologram","floor":13},{"not_picked":["Thunder Strike","Amplify"],"picked":"Electrodynamics+1","floor":16},{"not_picked":["Seek","Streamline"],"picked":"Genetic Algorithm","floor":17},{"not_picked":["Darkness","Gash"],"picked":"Ball Lightning","floor":17},{"not_picked":["Reprogram","Streamline"],"picked":"Hologram","floor":17},{"not_picked":["Recycle","Beam Cell","Darkness"],"picked":"SKIP","floor":18},{"not_picked":["Sweeping Beam","Gash"],"picked":"Coolheaded","floor":21},{"not_picked":["Steam","Ball Lightning"],"picked":"Echo Form+1","floor":24},{"not_picked":["Aggregate","Sweeping Beam"],"picked":"Gash","floor":27},{"not_picked":["Beam Cell","Scrape"],"picked":"Hologram","floor":31}],"player_experience":714305,"relics_obtained":[{"floor":6,"key":"Frozen Egg 2"},{"floor":9,"key":"Meat on the Bone"},{"floor":24,"key":"Bottled Lightning"},{"floor":26,"key":"Kunai"},{"floor":31,"key":"Question Card"}],"event_choices":[{"damage_healed":0,"gold_gain":0,"player_choice":"Entered Light","damage_taken":21,"max_hp_gain":0,"max_hp_loss":0,"event_name":"Shining Light","floor":2,"gold_loss":0,"cards_upgraded":["Zap","Defend_B"]},{"damage_healed":0,"gold_gain":0,"player_choice":"Donut","damage_taken":0,"max_hp_gain":5,"max_hp_loss":0,"event_name":"Big Fish","floor":3,"gold_loss":0},{"damage_healed":0,"gold_gain":0,"player_choice":"Got Potions","damage_taken":0,"max_hp_gain":0,"max_hp_loss":0,"event_name":"Lab","floor":4,"gold_loss":0},{"damage_healed":0,"gold_gain":0,"player_choice":"Ignored","damage_taken":0,"max_hp_gain":0,"max_hp_loss":0,"event_name":"Vampires","floor":19,"gold_loss":0},{"damage_healed":0,"gold_gain":0,"player_choice":"Obtained Relic","damage_taken":0,"relics_obtained":["Dodecahedron"],"max_hp_gain":0,"max_hp_loss":0,"event_name":"Addict","floor":20,"gold_loss":85},{"damage_healed":0,"gold_gain":0,"player_choice":"Rummage","damage_taken":0,"relics_obtained":["WarpedTongs"],"max_hp_gain":0,"max_hp_loss":0,"event_name":"Accursed Blacksmith","floor":22,"gold_loss":0,"cards_obtained":["Pain"]}],"is_beta":false,"boss_relics":[{"not_picked":["Astrolabe","White Beast Statue"],"picked":"Orrery"}],"items_purged_floors":[],"is_endless":false,"potions_floor_spawned":[1,11,16,18,31],"killed_by":"Automaton","ascension_level":20}