{"gold_per_floor":[112,56,71,221,221,221,246,246,318,335,359,359,378,405,405,405],"floor_reached":16,"playtime":446,"items_purged":[],"score":266,"play_id":"8a1f8c8b-3946-4fd6-90e3-891a5e686541","local_time":"20190815213116","is_ascension_mode":true,"campfire_choices":[{"data":"Chill","floor":6,"key":"SMITH"},{"data":"Conserve Battery","floor":8,"key":"SMITH"},{"data":"Sunder","floor":12,"key":"SMITH"},{"data":"Creative AI","floor":15,"key":"SMITH"}],"neow_cost":"NONE","seed_source_timestamp":126968181406000,"circlet_count":0,"master_deck":["AscendersBane","Strike_B","Strike_B","Strike_B","Strike_B","Defend_B","Defend_B","Defend_B","Defend_B","Zap","Dualcast","Cold Snap","Sweeping Beam","Chill+1","Conserve Battery+1","Sunder+1","Creative AI+1","Undo","Hologram"],"relics":["Cracked Core","NeowsBlessing","Ornamental Fan","The Courier","Odd Mushroom","Meat on the Bone"],"potions_floor_usage":[14,16],"damage_taken":[{"damage":0,"enemies":"2 Louse","floor":1,"turns":1},{"damage":0,"enemies":"Cultist","floor":3,"turns":1},{"damage":0,"enemies":"Gremlin Nob","floor":7,"turns":1},{"damage":9,"enemies":"Jaw Worm","floor":10,"turns":4},{"damage":4,"enemies":"The Mushroom Lair","floor":11,"turns":5},{"damage":0,"enemies":"2 Fungi Beasts","floor":13,"turns":2},{"damage":12,"enemies":"Lagavulin","floor":14,"turns":7},{"damage":43,"enemies":"The Guardian","floor":16,"turns":13}],"seed_played":"-1165417466114720437","potions_obtained":[{"floor":7,"key":"EssenceOfSteel"},{"floor":10,"key":"AttackPotion"}],"is_trial":false,"path_per_floor":["M","$","M","?","?","R","E","R","T","M","?","R","M","E","R","B"],"character_chosen":"DEFECT","items_purchased":["Sweeping Beam"],"campfire_rested":0,"item_purchase_floors":[2],"current_hp_per_floor":[64,64,64,64,64,64,64,64,64,55,51,51,51,39,39,0],"gold":405,"neow_bonus":"THREE_ENEMY_KILL","is_prod":false,"is_daily":false,"chose_seed":false,"campfire_upgraded":4,"win_rate":0,"timestamp":1565929876,"path_taken":["M","$","M","?","?","R","E","R","T","?","?","R","M","E","R","BOSS"],"build_version":"2019-07-17","purchased_purges":0,"victory":false,"max_hp_per_floor":[71,71,71,71,71,71,71,71,71,71,71,71,71,71,71,71],"card_choices":[{"not_picked":["Compile Driver","Undo"],"picked":"Cold Snap","floor":1},{"not_picked":["Double Energy","Turbo"],"picked":"Chill","floor":3},{"not_picked":["Ball Lightning","Hello World"],"picked":"Conserve Battery","floor":7},{"not_picked":["Gash","Doom and Gloom"],"picked":"Sunder","floor":10},{"not_picked":["Steam Power","Steam"],"picked":"Creative AI","floor":11},{"not_picked":["Streamline","Stack"],"picked":"Undo","floor":13},{"not_picked":["Barrage","Turbo"],"picked":"Hologram","floor":14}],"player_experience":728203,"relics_obtained":[{"floor":7,"key":"Ornamental Fan"},{"floor":9,"key":"The Courier"},{"floor":11,"key":"Odd Mushroom"},{"floor":14,"key":"Meat on the Bone"}],"event_choices":[{"damage_healed":0,"gold_gain":150,"player_choice":"AGREE","damage_taken":0,"max_hp_gain":0,"max_hp_loss":0,"event_name":"Liars Game","floor":4,"gold_loss":0,"cards_obtained":["Doubt"]},{"cards_removed":["Doubt"],"damage_healed":0,"gold_gain":0,"player_choice":"Purged","damage_taken":0,"max_hp_gain":0,"max_hp_loss":0,"event_name":"Purifier","floor":5,"gold_loss":0},{"damage_healed":0,"gold_gain":0,"player_choice":"Fought Mushrooms","damage_taken":0,"max_hp_gain":0,"max_hp_loss":0,"event_name":"Mushrooms","floor":11,"gold_loss":0}],"is_beta":false,"boss_relics":[],"items_purged_floors":[],"is_endless":false,"potions_floor_spawned":[7,10,11],"killed_by":"The Guardian","ascension_level":20}