{"gold_per_floor":[110,57,57,57,57,57,88,51,78,78,78,78,116,137,137,137],"floor_reached":16,"playtime":244,"items_purged":[],"score":308,"play_id":"f4d9a0ab-1abf-42c8-b5cd-804cf513af10","local_time":"20190826180038","is_ascension_mode":true,"campfire_choices":[{"data":"Zap","floor":6,"key":"SMITH"},{"floor":11,"key":"REST"},{"data":"Defragment","floor":15,"key":"SMITH"}],"neow_cost":"NONE","seed_source_timestamp":1064933145073000,"circlet_count":0,"master_deck":["AscendersBane","Strike_B","Strike_B","Strike_B","Strike_B","Defend_B","Defend_B","Defend_B","Defend_B","Zap+1","Dualcast","Rebound+1","Streamline","Defragment+1","Ball Lightning","Gash"],"relics":["Cracked Core","NeowsBlessing","Golden Idol","Dream Catcher","Art of War","Orichalcum","Smiling Mask"],"potions_floor_usage":[16],"damage_taken":[{"damage":0,"enemies":"Small Slimes","floor":1,"turns":1},{"damage":0,"enemies":"Gremlin Nob","floor":7,"turns":1},{"damage":0,"enemies":"3 Sentries","floor":13,"turns":1},{"damage":3,"enemies":"Jaw Worm","floor":14,"turns":3},{"damage":43,"enemies":"Slime Boss","floor":16,"turns":7}],"seed_played":"2596145429635167356","potions_obtained":[{"floor":7,"key":"Regen Potion"},{"floor":14,"key":"PowerPotion"}],"is_trial":false,"path_per_floor":["M","$","?","?","?","R","E","$","T","?","R","$","E","M","R","B"],"character_chosen":"DEFECT","items_purchased":["Poison Potion","Defragment"],"campfire_rested":1,"item_purchase_floors":[2,8],"current_hp_per_floor":[64,64,69,69,43,43,43,43,43,17,39,39,39,36,36,0],"gold":137,"neow_bonus":"THREE_ENEMY_KILL","is_prod":false,"is_daily":false,"chose_seed":false,"campfire_upgraded":2,"win_rate":0,"timestamp":1566867638,"path_taken":["M","$","?","?","?","R","E","$","T","?","R","$","E","M","R","BOSS"],"build_version":"2019-07-17","purchased_purges":0,"victory":false,"max_hp_per_floor":[71,71,76,76,76,76,76,76,76,76,76,76,76,76,76,76],"card_choices":[{"not_picked":["Turbo","Recycle"],"picked":"Rebound","floor":1},{"not_picked":["Stack","Force Field"],"picked":"Streamline","floor":7},{"not_picked":["Conserve Battery","Beam Cell"],"picked":"Ball Lightning","floor":11},{"not_picked":["Darkness","Storm"],"picked":"Gash","floor":13},{"not_picked":["BootSequence","Go for the Eyes","Turbo"],"picked":"SKIP","floor":14}],"player_experience":747261,"relics_obtained":[{"floor":7,"key":"Dream Catcher"},{"floor":9,"key":"Art of War"},{"floor":13,"key":"Smiling Mask"}],"event_choices":[{"damage_healed":0,"gold_gain":0,"player_choice":"Donut","damage_taken":0,"max_hp_gain":5,"max_hp_loss":0,"event_name":"Big Fish","floor":3,"gold_loss":0},{"damage_healed":0,"gold_gain":0,"player_choice":"Grow","damage_taken":0,"max_hp_gain":0,"max_hp_loss":0,"event_name":"Living Wall","floor":4,"gold_loss":0,"cards_upgraded":["Rebound"]},{"damage_healed":0,"gold_gain":0,"player_choice":"Take Damage","damage_taken":26,"relics_obtained":["Golden Idol"],"max_hp_gain":0,"max_hp_loss":0,"event_name":"Golden Idol","floor":5,"gold_loss":0},{"damage_healed":0,"gold_gain":0,"player_choice":"Success","damage_taken":26,"relics_obtained":["Orichalcum"],"max_hp_gain":0,"max_hp_loss":0,"event_name":"Scrap Ooze","floor":10,"gold_loss":0}],"is_beta":false,"boss_relics":[],"items_purged_floors":[],"is_endless":false,"potions_floor_spawned":[7,14],"killed_by":"Slime Boss","ascension_level":20}