{"gold_per_floor":[110,185,196,196,53,53,53,27,50,88,107,107,107,142,142,142],"floor_reached":16,"playtime":538,"items_purged":[],"score":138,"play_id":"f56922e2-5c75-4c89-96ab-0db67e802c56","local_time":"20190922021544","is_ascension_mode":true,"campfire_choices":[{"data":"Perseverance","floor":6,"key":"SMITH"},{"floor":15,"key":"REST"}],"neow_cost":"NONE","seed_source_timestamp":692903033430300,"circlet_count":0,"master_deck":["Strike_P","Strike_P","Strike_P","Strike_P","Defend_P","Defend_P","Defend_P","Defend_P","Eruption","Vigilance","Perseverance+1","CutThroughFate","FlyingSleeves","Unraveling+1"],"relics":["PureWater","Sling","Golden Idol","Orichalcum","Matryoshka","CaptainsWheel"],"potions_floor_usage":[10],"damage_taken":[{"damage":2,"enemies":"Jaw Worm","floor":1,"turns":3},{"damage":0,"enemies":"2 Louse","floor":3,"turns":2},{"damage":5,"enemies":"3 Sentries","floor":10,"turns":7},{"damage":0,"enemies":"Small Slimes","floor":11,"turns":2},{"damage":26,"enemies":"Gremlin Nob","floor":14,"turns":5},{"damage":31,"enemies":"Hexaghost","floor":16,"turns":9}],"seed_played":"-3943523188284606272","potions_obtained":[{"floor":1,"key":"SkillPotion"},{"floor":3,"key":"FearPotion"},{"floor":10,"key":"Energy Potion"}],"is_trial":false,"path_per_floor":["M","?","M","?","$","R","?","$","T","E","M","?","?","E","R","B"],"character_chosen":"WATCHER","items_purchased":["Sling","FlyingSleeves"],"campfire_rested":1,"item_purchase_floors":[5,8],"current_hp_per_floor":[63,52,52,57,57,57,38,38,38,33,33,33,33,7,29,0],"gold":142,"neow_bonus":"TEN_PERCENT_HP_BONUS","is_prod":false,"is_daily":false,"chose_seed":false,"campfire_upgraded":1,"win_rate":0,"timestamp":1569111344,"path_taken":["M","?","M","?","$","R","?","?","T","E","?","?","?","E","R","BOSS"],"build_version":"2019-09-20","purchased_purges":0,"victory":false,"max_hp_per_floor":[71,71,71,76,76,76,76,76,76,76,76,76,76,76,76,76],"card_choices":[{"not_picked":["DeceiveReality","Tantrum"],"picked":"Perseverance","floor":1},{"not_picked":["Protect","Swivel"],"picked":"CutThroughFate","floor":3},{"not_picked":["SashWhip","Prostrate"],"picked":"Unraveling","floor":10},{"not_picked":["EmptyBody","FlyingSleeves","Collect"],"picked":"SKIP","floor":11},{"not_picked":["JustLucky","ForeignInfluence","EmptyFist"],"picked":"SKIP","floor":14}],"player_experience":471155,"relics_obtained":[{"floor":9,"key":"Orichalcum"},{"floor":10,"key":"Matryoshka"},{"floor":14,"key":"CaptainsWheel"}],"event_choices":[{"damage_healed":0,"gold_gain":75,"player_choice":"Gather Gold","damage_taken":11,"max_hp_gain":0,"max_hp_loss":0,"event_name":"World of Goop","floor":2,"gold_loss":0},{"damage_healed":0,"gold_gain":0,"player_choice":"Donut","damage_taken":0,"max_hp_gain":5,"max_hp_loss":0,"event_name":"Big Fish","floor":4,"gold_loss":0},{"damage_healed":0,"gold_gain":0,"player_choice":"Take Damage","damage_taken":19,"relics_obtained":["Golden Idol"],"max_hp_gain":0,"max_hp_loss":0,"event_name":"Golden Idol","floor":7,"gold_loss":0},{"damage_healed":0,"gold_gain":0,"player_choice":"Grow","damage_taken":0,"max_hp_gain":0,"max_hp_loss":0,"event_name":"Living Wall","floor":12,"gold_loss":0,"cards_upgraded":["Unraveling"]},{"damage_healed":0,"gold_gain":0,"player_choice":"Ignored","damage_taken":0,"max_hp_gain":0,"max_hp_loss":0,"event_name":"Liars Game","floor":13,"gold_loss":0}],"is_beta":true,"boss_relics":[],"items_purged_floors":[],"is_endless":false,"potions_floor_spawned":[1,3,10],"killed_by":"Hexaghost","ascension_level":6}