{"gold_per_floor":[115,134,148,148,162,194,194,194,194,229,5,31,48,61,61,135,135,151,151,165,182,196,223,223,223],"floor_reached":25,"playtime":1444,"items_purged":[],"score":464,"play_id":"be6f0b03-9fc4-443e-81fd-b14d6096724f","local_time":"20190604192029","is_ascension_mode":true,"campfire_choices":[{"data":"Sunder","floor":8,"key":"SMITH"},{"floor":15,"key":"REST"},{"floor":24,"key":"REST"}],"neow_cost":"NONE","seed_source_timestamp":1766054487880691,"circlet_count":0,"master_deck":["AscendersBane","Defend_B","Defend_B","Defend_B","Defend_B","Zap","Dualcast","Doom and Gloom","Sunder+1","Genetic Algorithm","Cold Snap","Hologram","Undo","Auto Shields","Creative AI","Coolheaded","Bite","Bite","Bite","Bite","Bite","Genetic Algorithm","Normality"],"relics":["Cracked Core","Oddly Smooth Stone","WarpedTongs","Ancient Tea Set","PreservedInsect","Blue Candle","ClockworkSouvenir","Bag of Preparation","Cursed Key","Lantern"],"potions_floor_usage":[6,16,21],"damage_taken":[{"damage":16,"enemies":"2 Louse","floor":1,"turns":3},{"damage":0,"enemies":"Cultist","floor":2,"turns":3},{"damage":0,"enemies":"Small Slimes","floor":3,"turns":2},{"damage":2,"enemies":"Exordium Wildlife","floor":5,"turns":2},{"damage":9,"enemies":"3 Sentries","floor":6,"turns":4},{"damage":20,"enemies":"Lagavulin","floor":10,"turns":4},{"damage":8,"enemies":"Gremlin Nob","floor":12,"turns":3},{"damage":0,"enemies":"Exordium Thugs","floor":13,"turns":4},{"damage":0,"enemies":"Gremlin Gang","floor":14,"turns":5},{"damage":5,"enemies":"The Guardian","floor":16,"turns":9},{"damage":20,"enemies":"Shell Parasite","floor":18,"turns":10},{"damage":0,"enemies":"Spheric Guardian","floor":20,"turns":11},{"damage":17,"enemies":"Snake Plant","floor":21,"turns":12},{"damage":37,"enemies":"3 Cultists","floor":22,"turns":7},{"damage":58,"enemies":"Gremlin Leader","floor":25,"turns":4}],"seed_played":"7657007725322311487","potions_obtained":[{"floor":3,"key":"Weak Potion"},{"floor":5,"key":"PowerPotion"},{"floor":10,"key":"FearPotion"},{"floor":12,"key":"Fire Potion"},{"floor":20,"key":"FearPotion"}],"is_trial":false,"path_per_floor":["M","M","M","?","M","E","?","R","T","E","$","E","M","M","R","B",null,"M","?","M","M","M","T","R","E"],"character_chosen":"DEFECT","items_purchased":["ClockworkSouvenir"],"campfire_rested":2,"item_purchase_floors":[11],"current_hp_per_floor":[48,48,48,48,46,37,37,37,37,17,17,9,9,9,30,25,60,40,40,49,49,26,26,40,0],"gold":223,"neow_bonus":"RANDOM_COMMON_RELIC","is_prod":false,"is_daily":false,"chose_seed":false,"campfire_upgraded":1,"win_rate":0,"timestamp":1559701229,"path_taken":["M","M","M","?","?","E","?","R","T","E","?","E","M","M","R","BOSS","M","?","M","M","M","?","R","E"],"build_version":"2019-01-23","purchased_purges":0,"victory":false,"max_hp_per_floor":[71,71,71,71,71,71,71,71,71,71,71,71,71,71,71,71,71,71,49,49,49,49,49,49,49],"card_choices":[{"not_picked":["Go for the Eyes","Skim"],"picked":"Doom and Gloom","floor":1},{"not_picked":["Sweeping Beam","Turbo"],"picked":"Sunder","floor":2},{"not_picked":["Beam Cell","Redo"],"picked":"Genetic Algorithm","floor":3},{"not_picked":["Conserve Battery","Turbo"],"picked":"Cold Snap","floor":5},{"not_picked":["Thunder Strike","Compile Driver"],"picked":"Hologram","floor":6},{"not_picked":["Stack","Leap"],"picked":"Undo","floor":10},{"not_picked":["Static Discharge","Leap"],"picked":"Auto Shields","floor":12},{"not_picked":["Scrape","Go for the Eyes","Recycle"],"picked":"SKIP","floor":13},{"not_picked":["Beam Cell","Melter","Skim"],"picked":"SKIP","floor":14},{"not_picked":["Multi-Cast","Core Surge"],"picked":"Creative AI","floor":16},{"not_picked":["Hologram","Gash+1"],"picked":"Coolheaded","floor":18},{"not_picked":["Hologram","Ball Lightning","Turbo"],"picked":"SKIP","floor":20},{"not_picked":["Steam","Beam Cell"],"picked":"Genetic Algorithm","floor":21},{"not_picked":["FTL","Sweeping Beam","Leap"],"picked":"SKIP","floor":22}],"player_experience":574736,"relics_obtained":[{"floor":6,"key":"Ancient Tea Set"},{"floor":9,"key":"PreservedInsect"},{"floor":10,"key":"Blue Candle"},{"floor":12,"key":"Bag of Preparation"},{"floor":23,"key":"Lantern"}],"event_choices":[{"damage_healed":0,"gold_gain":0,"player_choice":"Rummage","damage_taken":0,"relics_obtained":["WarpedTongs"],"max_hp_gain":0,"max_hp_loss":0,"event_name":"Accursed Blacksmith","floor":4,"gold_loss":0,"cards_obtained":["Pain"]},{"cards_removed":["Pain"],"damage_healed":0,"gold_gain":0,"player_choice":"Forget","damage_taken":0,"max_hp_gain":0,"max_hp_loss":0,"event_name":"Living Wall","floor":7,"gold_loss":0},{"damage_healed":0,"gold_gain":0,"player_choice":"Became a vampire","damage_taken":0,"max_hp_gain":0,"max_hp_loss":22,"event_name":"Vampires","floor":19,"gold_loss":0,"cards_obtained":["Bite","Bite","Bite","Bite","Bite"]}],"is_beta":false,"boss_relics":[{"not_picked":["Velvet Choker","Coffee Dripper"],"picked":"Cursed Key"}],"items_purged_floors":[],"is_endless":false,"potions_floor_spawned":[3,5,10,12,14,20],"killed_by":"Gremlin Leader","ascension_level":19}