{"gold_per_floor":[114,58,58,108,118,118,143,143,143,143,156,172,190,218,218,295,295,308,308,281,294,329,329],"floor_reached":23,"playtime":966,"items_purged":[],"score":452,"play_id":"1eef4410-d7da-452a-adac-cbcfe17147c9","local_time":"20190805173310","is_ascension_mode":true,"campfire_choices":[{"floor":6,"key":"REST"},{"data":"Zap","floor":10,"key":"SMITH"},{"floor":15,"key":"REST"}],"neow_cost":"NONE","seed_source_timestamp":319129699907400,"circlet_count":0,"master_deck":["AscendersBane","Strike_B","Strike_B","Strike_B","Strike_B","Defend_B","Defend_B","Defend_B","Defend_B","Zap+1","Dualcast","Ball Lightning","Hologram","Capacitor","Reboot","Hologram","All For One","Go for the Eyes","Ghostly","Ghostly","Ghostly","Double Energy","BootSequence"],"relics":["FrozenCore","NeowsBlessing","Dead Branch","StoneCalendar","Matryoshka","Strawberry","Incense Burner","Bag of Marbles","Red Mask"],"potions_floor_usage":[14,16,18],"damage_taken":[{"damage":0,"enemies":"Small Slimes","floor":1,"turns":1},{"damage":0,"enemies":"Cultist","floor":5,"turns":1},{"damage":0,"enemies":"Lagavulin","floor":7,"turns":1},{"damage":7,"enemies":"Jaw Worm","floor":11,"turns":2},{"damage":8,"enemies":"Exordium Wildlife","floor":12,"turns":4},{"damage":7,"enemies":"Large Slime","floor":13,"turns":5},{"damage":14,"enemies":"3 Sentries","floor":14,"turns":5},{"damage":30,"enemies":"The Guardian","floor":16,"turns":7},{"damage":33,"enemies":"Chosen","floor":18,"turns":5},{"damage":0,"enemies":"2 Thieves","floor":20,"turns":5},{"damage":1,"enemies":"Centurion and Healer","floor":21,"turns":6},{"damage":0,"enemies":"Masked Bandits","floor":22,"turns":5},{"damage":32,"enemies":"Gremlin Leader","floor":23,"turns":7}],"seed_played":"-5372988920792718088","potions_obtained":[{"floor":5,"key":"AttackPotion"},{"floor":16,"key":"Swift Potion"},{"floor":20,"key":"GamblersBrew"},{"floor":22,"key":"Energy Potion"}],"is_trial":false,"path_per_floor":["M","$","?","?","M","R","E","T","T","R","M","M","M","E","R","B",null,"M","?","M","M","?","E"],"character_chosen":"DEFECT","items_purchased":["Poison Potion"],"campfire_rested":2,"item_purchase_floors":[2],"current_hp_per_floor":[64,64,46,46,46,67,67,67,74,74,67,59,52,38,61,31,66,33,33,33,32,32,0],"gold":329,"neow_bonus":"THREE_ENEMY_KILL","is_prod":false,"is_daily":false,"chose_seed":false,"campfire_upgraded":1,"win_rate":0,"timestamp":1565051590,"path_taken":["M","$","?","?","?","R","E","?","T","R","M","M","?","E","R","BOSS","M","?","M","M","?","E"],"build_version":"2019-07-17","purchased_purges":0,"victory":false,"max_hp_per_floor":[71,71,71,71,71,71,71,71,78,78,78,78,78,78,78,78,78,78,39,39,39,39,39],"card_choices":[{"not_picked":["Stack","Rebound"],"picked":"Ball Lightning","floor":1},{"not_picked":["Turbo","Rebound","Barrage"],"picked":"SKIP","floor":5},{"not_picked":["Barrage","Rip and Tear"],"picked":"Hologram","floor":7},{"not_picked":["FTL","Go for the Eyes"],"picked":"Capacitor","floor":11},{"not_picked":["Static Discharge","Scrape"],"picked":"Reboot","floor":12},{"not_picked":["Rip and Tear","Coolheaded"],"picked":"Hologram","floor":13},{"not_picked":["Reprogram","Steam","Reinforced Body"],"picked":"SKIP","floor":14},{"not_picked":["Amplify","Thunder Strike"],"picked":"All For One","floor":16},{"not_picked":["Redo","Coolheaded"],"picked":"Go for the Eyes","floor":18},{"not_picked":["Beam Cell","Skim+1"],"picked":"Double Energy","floor":20},{"not_picked":["Turbo","Melter","Cold Snap"],"picked":"SKIP","floor":21},{"not_picked":["Hologram","Redo"],"picked":"BootSequence","floor":22}],"player_experience":715345,"relics_obtained":[{"floor":7,"key":"StoneCalendar"},{"floor":8,"key":"Matryoshka"},{"floor":9,"key":"Strawberry"},{"floor":9,"key":"Incense Burner"},{"floor":14,"key":"Bag of Marbles"},{"floor":22,"key":"Red Mask"}],"event_choices":[{"damage_healed":0,"gold_gain":0,"player_choice":"Success","damage_taken":18,"relics_obtained":["Dead Branch"],"max_hp_gain":0,"max_hp_loss":0,"event_name":"Scrap Ooze","floor":3,"gold_loss":0},{"damage_healed":0,"gold_gain":50,"player_choice":"Pray","damage_taken":0,"max_hp_gain":0,"max_hp_loss":0,"event_name":"Golden Shrine","floor":4,"gold_loss":0},{"damage_healed":0,"gold_gain":0,"player_choice":"Became a Ghost","damage_taken":0,"max_hp_gain":0,"max_hp_loss":39,"event_name":"Ghosts","floor":19,"gold_loss":0,"cards_obtained":["Ghostly","Ghostly","Ghostly"]},{"damage_healed":0,"gold_gain":0,"player_choice":"Fought Bandits","damage_taken":0,"max_hp_gain":0,"max_hp_loss":0,"event_name":"Masked Bandits","floor":22,"gold_loss":0}],"is_beta":false,"boss_relics":[{"not_picked":["Black Star","Busted Crown"],"picked":"FrozenCore"}],"items_purged_floors":[],"is_endless":false,"potions_floor_spawned":[5,13,16,20,22],"killed_by":"Gremlin Leader","ascension_level":20}