{"gold_per_floor":[116,116,127,145,157,157,45,75,75,75,150,177,188,188,188,263,263,281,261,276,293,130,157,168,168,191,204,233,248,248,276,276,355,355,371,371,371,388,388,388,428,461,487,542,190,227,275,275,275,275,275,275,275,40,85,85],"floor_reached":56,"playtime":3395,"items_purged":["Strike_B","Scrape"],"score":2075,"play_id":"d9045678-c502-4c92-8497-bc89eeb5fa56","local_time":"20191005114512","is_ascension_mode":true,"campfire_choices":[{"data":"Barrage","floor":6.0,"key":"SMITH"},{"floor":10.0,"key":"REST"},{"data":"Dualcast","floor":15.0,"key":"SMITH"},{"floor":25.0,"key":"REST"},{"floor":30.0,"key":"REST"},{"data":"Defragment","floor":32.0,"key":"SMITH"},{"floor":40.0,"key":"REST"},{"floor":49.0,"key":"RECALL"},{"floor":53.0,"key":"REST"}],"neow_cost":"NONE","seed_source_timestamp":0,"circlet_count":0,"master_deck":["AscendersBane","Defend_B","Defend_B","Defend_B","Defend_B","Zap+1","Dualcast+1","Cold Snap","Barrage+1","Coolheaded+1","FTL","Gash","Ball Lightning","Genetic Algorithm","All For One","Steam Power+1","Melter","FTL+1","Defragment+1","Hologram","Glacier","Self Repair","Gash","Glacier","All For One","Leap+1","Glacier+1","HandOfGreed","Go for the Eyes","Beam Cell","Gash","Turbo","Hologram+1","Turbo","Hologram","Force Field"],"special_seed":0,"relics":["Cracked Core","PreservedInsect","DataDisk","Mercury Hourglass","Empty Cage","Bag of Preparation","Happy Flower","Incense Burner","Cables","Fusion Hammer","Bird Faced Urn","Prayer Wheel","ClockworkSouvenir","FossilizedHelix","Runic Capacitor","Oddly Smooth Stone"],"potions_floor_usage":[56],"damage_taken":[{"damage":3.0,"enemies":"Small Slimes","floor":1.0,"turns":3.0},{"damage":0.0,"enemies":"Cultist","floor":3.0,"turns":3.0},{"damage":3.0,"enemies":"2 Louse","floor":4.0,"turns":2.0},{"damage":4.0,"enemies":"Blue Slaver","floor":5.0,"turns":3.0},{"damage":5.0,"enemies":"Lagavulin","floor":8.0,"turns":7.0},{"damage":4.0,"enemies":"3 Sentries","floor":12.0,"turns":4.0},{"damage":8.0,"enemies":"Exordium Thugs","floor":13.0,"turns":2.0},{"damage":19.0,"enemies":"The Guardian","floor":16.0,"turns":11.0},{"damage":19.0,"enemies":"2 Thieves","floor":18.0,"turns":4.0},{"damage":0.0,"enemies":"Chosen","floor":20.0,"turns":2.0},{"damage":5.0,"enemies":"3 Cultists","floor":21.0,"turns":4.0},{"damage":0.0,"enemies":"Gremlin Leader","floor":23.0,"turns":4.0},{"damage":24.0,"enemies":"Snake Plant","floor":24.0,"turns":4.0},{"damage":0.0,"enemies":"Centurion and Healer","floor":27.0,"turns":4.0},{"damage":27.0,"enemies":"Slavers","floor":28.0,"turns":4.0},{"damage":0.0,"enemies":"Sentry and Sphere","floor":29.0,"turns":4.0},{"damage":5.0,"enemies":"Book of Stabbing","floor":31.0,"turns":5.0},{"damage":14.0,"enemies":"Automaton","floor":33.0,"turns":9.0},{"damage":15.0,"enemies":"3 Shapes","floor":35.0,"turns":5.0},{"damage":13.0,"enemies":"3 Darklings","floor":38.0,"turns":9.0},{"damage":5.0,"enemies":"Sphere and 2 Shapes","floor":41.0,"turns":6.0},{"damage":0.0,"enemies":"Reptomancer","floor":42.0,"turns":4.0},{"damage":6.0,"enemies":"Nemesis","floor":44.0,"turns":7.0},{"damage":17.0,"enemies":"Jaw Worm Horde","floor":46.0,"turns":5.0},{"damage":2.0,"enemies":"2 Orb Walkers","floor":47.0,"turns":4.0},{"damage":4.0,"enemies":"Donu and Deca","floor":50.0,"turns":12.0},{"damage":57.0,"enemies":"Time Eater","floor":51.0,"turns":15.0},{"damage":44.0,"enemies":"Shield and Spear","floor":55.0,"turns":8.0},{"damage":40,"enemies":"The Heart","floor":56,"turns":6}],"seed_played":"6978173265126279281","potions_obtained":[{"floor":4.0,"key":"PowerPotion"},{"floor":8.0,"key":"Ancient Potion"},{"floor":12.0,"key":"Poison Potion"},{"floor":18.0,"key":"Regen Potion"},{"floor":19.0,"key":"PowerPotion"},{"floor":20.0,"key":"Dexterity Potion"},{"floor":38.0,"key":"GamblersBrew"},{"floor":41.0,"key":"Ancient Potion"}],"is_trial":false,"path_per_floor":["M","?","M","M","M","R","$","E","T","R","?","E","M","?","R","B",null,"M","?","M","M","$","E","M","R","T","M","E","M","R","E","R","B",null,"M","?","?","M","?","R","M","E","T","E","$","M","?","$","R","B","B",null,"R","$","E","B"],"character_chosen":"DEFECT","items_purchased":["Gash","Scrape","Defragment","ClockworkSouvenir","Gash","Runic Capacitor","Hologram"],"campfire_rested":5,"item_purchase_floors":[7,7,22,45,45,54,54],"current_hp_per_floor":[61,61,61,58,54,54,54,49,49,70,59,55,47,47,47,28,60,41,41,46,41,41,41,17,38,38,38,11,18,39,41,41,34,62,54,54,54,48,48,69,71,71,71,71,71,63,71,71,71,71,25,60,71,71,38,0],"gold":85,"neow_bonus":"UPGRADE_CARD","is_prod":false,"is_daily":false,"chose_seed":false,"campfire_upgraded":3,"win_rate":0,"timestamp":1570301112,"path_taken":["M","?","M","?","M","R","$","E","T","R","?","E","M","?","R","BOSS","M","?","M","M","$","E","M","R","T","?","E","M","R","E","R","BOSS","M","?","?","M","?","R","M","E","T","E","$","M","?","?","R","BOSS","BOSS","R","$","E","BOSS"],"build_version":"2019-07-17","purchased_purges":2,"victory":false,"max_hp_per_floor":[71,71,71,71,71,71,71,71,71,71,71,71,71,71,71,71,71,71,71,71,71,71,71,71,71,71,71,71,71,71,71,71,71,71,71,71,71,71,71,71,71,71,71,71,71,71,71,71,71,71,71,71,71,71,71,71],"card_choices":[{"not_picked":["FTL","Doom and Gloom"],"picked":"Cold Snap","floor":1.0},{"not_picked":["Go for the Eyes","Coolheaded"],"picked":"Barrage","floor":3.0},{"not_picked":["Go for the Eyes","Turbo"],"picked":"Coolheaded","floor":4.0},{"not_picked":["Turbo","Go for the Eyes"],"picked":"FTL","floor":5.0},{"not_picked":["Tempest","Meteor Strike","Double Energy"],"picked":"SKIP","floor":8.0},{"not_picked":["Streamline","Multi-Cast"],"picked":"Ball Lightning","floor":12.0},{"not_picked":["Redo","Turbo"],"picked":"Genetic Algorithm","floor":13.0},{"not_picked":["Creative AI","Amplify"],"picked":"All For One","floor":16.0},{"not_picked":["Compile Driver","Chill"],"picked":"Steam Power+1","floor":18.0},{"not_picked":["Barrage","Sweeping Beam"],"picked":"Melter","floor":20.0},{"not_picked":["Rebound","Sweeping Beam"],"picked":"FTL+1","floor":21.0},{"not_picked":["Skim","Auto Shields"],"picked":"Hologram","floor":23.0},{"not_picked":["Barrage","Force Field"],"picked":"Gash","floor":24.0},{"not_picked":["Heatsinks","Steam"],"picked":"Glacier","floor":27.0},{"not_picked":["Compile Driver","Conserve Battery"],"picked":"Self Repair","floor":28.0},{"not_picked":["Chaos","Cold Snap"],"picked":"Gash","floor":29.0},{"not_picked":["Stack","Creative AI"],"picked":"Glacier","floor":31.0},{"not_picked":["Biased Cognition","Fission"],"picked":"All For One","floor":33.0},{"not_picked":["FTL","Compile Driver"],"picked":"Leap+1","floor":35.0},{"not_picked":["Turbo","Rebound+1"],"picked":"Glacier+1","floor":38.0},{"not_picked":["Transmutation","Dramatic Entrance"],"picked":"HandOfGreed","floor":39.0},{"not_picked":["Turbo","Streamline"],"picked":"Go for the Eyes","floor":41.0},{"not_picked":["Blizzard","Cold Snap","Steam"],"picked":"SKIP","floor":42.0},{"not_picked":["Turbo","Hello World"],"picked":"Beam Cell","floor":44.0},{"not_picked":["Cold Snap+1","White Noise"],"picked":"Turbo","floor":46.0},{"not_picked":["Streamline","Ball Lightning"],"picked":"Hologram+1","floor":46.0},{"not_picked":["Cold Snap","Blizzard"],"picked":"Turbo","floor":47.0},{"not_picked":["BootSequence+1","Sweeping Beam"],"picked":"Force Field","floor":55.0}],"player_experience":822598,"relics_obtained":[{"floor":8.0,"key":"PreservedInsect"},{"floor":9.0,"key":"DataDisk"},{"floor":12.0,"key":"Mercury Hourglass"},{"floor":23.0,"key":"Bag of Preparation"},{"floor":26.0,"key":"Happy Flower"},{"floor":28.0,"key":"Incense Burner"},{"floor":31.0,"key":"Cables"},{"floor":42.0,"key":"Bird Faced Urn"},{"floor":44.0,"key":"Prayer Wheel"},{"floor":47.0,"key":"FossilizedHelix"},{"floor":55.0,"key":"Oddly Smooth Stone"}],"event_choices":[{"cards_removed":["Strike_B"],"damage_healed":0.0,"max_hp_gain":0.0,"max_hp_loss":0.0,"gold_gain":0.0,"event_name":"Purifier","player_choice":"Purged","floor":2.0,"gold_loss":0.0,"damage_taken":0.0},{"damage_healed":0.0,"max_hp_gain":0.0,"max_hp_loss":0.0,"gold_gain":75.0,"event_name":"World of Goop","player_choice":"Gather Gold","floor":11.0,"gold_loss":0.0,"damage_taken":11.0},{"damage_healed":0.0,"max_hp_gain":0.0,"max_hp_loss":0.0,"gold_gain":0.0,"event_name":"Upgrade Shrine","player_choice":"Upgraded","floor":14.0,"gold_loss":0.0,"damage_taken":0.0,"cards_upgraded":["Coolheaded"]},{"damage_healed":0.0,"max_hp_gain":0.0,"max_hp_loss":0.0,"gold_gain":0.0,"event_name":"The Woman in Blue","player_choice":"Bought 1 Potion","floor":19.0,"gold_loss":0.0,"damage_taken":0.0},{"damage_healed":0.0,"max_hp_gain":0.0,"max_hp_loss":0.0,"gold_gain":0.0,"event_name":"Tomb of Lord Red Mask","player_choice":"Ignored","floor":36.0,"gold_loss":0.0,"damage_taken":0.0},{"cards_removed":["Gash"],"damage_healed":0.0,"max_hp_gain":0.0,"max_hp_loss":0.0,"gold_gain":0.0,"event_name":"Falling","player_choice":"Removed Attack","floor":37.0,"gold_loss":0.0,"damage_taken":0.0},{"damage_healed":0.0,"max_hp_gain":0.0,"max_hp_loss":0.0,"gold_gain":0.0,"event_name":"SensoryStone","player_choice":"Memory 1","floor":39.0,"gold_loss":0.0,"damage_taken":0.0},{"damage_healed":0.0,"max_hp_gain":0.0,"max_hp_loss":0.0,"gold_gain":0.0,"event_name":"Mysterious Sphere","player_choice":"Fight","floor":47.0,"gold_loss":0.0,"damage_taken":0.0}],"is_beta":false,"boss_relics":[{"not_picked":["Coffee Dripper","Ectoplasm"],"picked":"Empty Cage"},{"not_picked":["Snecko Eye","FrozenCore"],"picked":"Fusion Hammer"}],"items_purged_floors":[22,45],"is_endless":false,"potions_floor_spawned":[4,8,12,18,20,38,41,42,46],"killed_by":"The Heart","ascension_level":20}