{"gold_per_floor":[117,117,132,132,156,156,197,197,197,197,197,212,83,122,122,218,218,181,200,220,220],"floor_reached":21,"playtime":810,"items_purged":[],"score":378,"play_id":"b1605103-2322-4a19-998a-a65bec856f5a","local_time":"20190810222244","is_ascension_mode":true,"campfire_choices":[{"floor":6,"key":"REST"},{"floor":10,"key":"REST"},{"data":"Seek","floor":15,"key":"SMITH"}],"neow_cost":"NONE","seed_source_timestamp":768660902100700,"circlet_count":0,"master_deck":["AscendersBane","Zap","Dualcast","Cold Snap","Hologram","Cold Snap","Rainbow+1","Seek+1","BootSequence","Capacitor","Hologram","Creative AI","Hologram","Tempest","Fusion","Hello World","Defragment","Go for the Eyes","All For One","Darkness","Steam","Recycle+1"],"relics":["White Beast Statue","Golden Idol","StoneCalendar","Dead Branch","WingedGreaves","Pandora\u0027s Box"],"potions_floor_usage":[3,7,16,16,18,21,21],"damage_taken":[{"damage":9,"enemies":"Jaw Worm","floor":1,"turns":5},{"damage":5,"enemies":"Small Slimes","floor":3,"turns":5},{"damage":1,"enemies":"2 Louse","floor":5,"turns":4},{"damage":2,"enemies":"Lagavulin","floor":7,"turns":10},{"damage":6,"enemies":"Exordium Wildlife","floor":12,"turns":3},{"damage":16,"enemies":"3 Sentries","floor":14,"turns":7},{"damage":47,"enemies":"Hexaghost","floor":16,"turns":9},{"damage":4,"enemies":"2 Thieves","floor":18,"turns":5},{"damage":15,"enemies":"3 Byrds","floor":19,"turns":3},{"damage":15,"enemies":"Snake Plant","floor":20,"turns":7},{"damage":23,"enemies":"Centurion and Healer","floor":21,"turns":3}],"seed_played":"-4521796444947778635","potions_obtained":[{"floor":1,"key":"Weak Potion"},{"floor":3,"key":"FocusPotion"},{"floor":5,"key":"SpeedPotion"},{"floor":7,"key":"Poison Potion"},{"floor":12,"key":"PowerPotion"},{"floor":16,"key":"SkillPotion"},{"floor":18,"key":"Strength Potion"},{"floor":19,"key":"Strength Potion"},{"floor":20,"key":"FocusPotion"}],"is_trial":false,"path_per_floor":["M","?","M","$","M","R","E","?","T","R","?","M","$","E","R","B",null,"M","M","M","M"],"character_chosen":"DEFECT","items_purchased":["BootSequence","Capacitor"],"campfire_rested":2,"item_purchase_floors":[13,13],"current_hp_per_floor":[55,31,26,26,25,46,44,44,44,65,70,64,64,48,48,1,57,53,38,23,0],"gold":220,"neow_bonus":"BOSS_RELIC","is_prod":false,"is_daily":false,"chose_seed":false,"campfire_upgraded":1,"win_rate":0,"timestamp":1565500964,"path_taken":["M","?","M","$","M","R","E","?","T","R","?","?","$","E","R","BOSS","M","M","M","M"],"build_version":"2019-07-17","purchased_purges":0,"victory":false,"max_hp_per_floor":[71,71,71,71,71,71,71,71,71,71,76,76,76,76,76,76,76,76,76,76,76],"card_choices":[{"not_picked":["Stack","Go for the Eyes"],"picked":"Cold Snap","floor":1},{"not_picked":["Sweeping Beam","Rebound"],"picked":"Hologram","floor":3},{"not_picked":["Leap","Steam"],"picked":"Cold Snap","floor":5},{"not_picked":["Barrage","Streamline"],"picked":"Rainbow","floor":7},{"not_picked":["Beam Cell","Blizzard"],"picked":"Seek","floor":12},{"not_picked":["Storm","Conserve Battery"],"picked":"Hologram","floor":14},{"not_picked":["Thunder Strike","Reboot"],"picked":"Creative AI","floor":16},{"not_picked":["Rebound","Streamline","Tempest"],"picked":"SKIP","floor":18},{"not_picked":["Barrage","Redo"],"picked":"Steam","floor":19},{"not_picked":["Melter","Lockon"],"picked":"Recycle+1","floor":20}],"player_experience":723040,"relics_obtained":[{"floor":7,"key":"StoneCalendar"},{"floor":9,"key":"Dead Branch"},{"floor":14,"key":"WingedGreaves"}],"event_choices":[{"damage_healed":0,"gold_gain":0,"player_choice":"Take Damage","damage_taken":24,"relics_obtained":["Golden Idol"],"max_hp_gain":0,"max_hp_loss":0,"event_name":"Golden Idol","floor":2,"gold_loss":0},{"damage_healed":0,"gold_gain":0,"player_choice":"Grow","damage_taken":0,"max_hp_gain":0,"max_hp_loss":0,"event_name":"Living Wall","floor":8,"gold_loss":0,"cards_upgraded":["Rainbow"]},{"damage_healed":0,"gold_gain":0,"player_choice":"Donut","damage_taken":0,"max_hp_gain":5,"max_hp_loss":0,"event_name":"Big Fish","floor":11,"gold_loss":0}],"is_beta":false,"boss_relics":[{"not_picked":["Lizard Tail","Runic Pyramid"],"picked":"Pandora\u0027s Box"}],"items_purged_floors":[],"is_endless":false,"potions_floor_spawned":[1,3,5,7,12,14,16,18,19,20],"killed_by":"Centurion and Healer","ascension_level":20}