{"gold_per_floor":[114,125,139,158,168,168,203,203,277,277,189,217,230,302,302,373,373,391,403,403,417,417],"floor_reached":22,"playtime":1232,"items_purged":[],"score":396,"play_id":"12935faf-0102-4c8a-b93f-60d4ff66ec74","local_time":"20190907155616","is_ascension_mode":true,"campfire_choices":[{"data":"Barrage","floor":6,"key":"SMITH"},{"data":"Zap","floor":8,"key":"SMITH"},{"data":"Undo","floor":10,"key":"SMITH"},{"floor":15,"key":"DIG"}],"neow_cost":"NONE","seed_source_timestamp":2093282140538600,"circlet_count":0,"master_deck":["AscendersBane","Strike_B+1","Strike_B","Strike_B+1","Strike_B","Defend_B","Defend_B","Defend_B","Defend_B","Zap+1","Dualcast","Self Repair","Self Repair","Coolheaded","Barrage+1","Compile Driver","Undo+1","Creative AI","Core Surge+1","Barrage+1","Core Surge+1","Leap+1","Self Repair","RitualDagger+1"],"relics":["Cracked Core","Whetstone","Singing Bowl","Molten Egg 2","Shovel","Juzu Bracelet","Nuclear Battery"],"potions_floor_usage":[7,22,22],"damage_taken":[{"damage":7,"enemies":"Jaw Worm","floor":1,"turns":2},{"damage":0,"enemies":"Small Slimes","floor":2,"turns":2},{"damage":1,"enemies":"Cultist","floor":3,"turns":3},{"damage":9,"enemies":"Blue Slaver","floor":4,"turns":5},{"damage":21,"enemies":"Large Slime","floor":5,"turns":6},{"damage":32,"enemies":"Gremlin Nob","floor":7,"turns":4},{"damage":16,"enemies":"Lagavulin","floor":12,"turns":7},{"damage":4,"enemies":"Gremlin Gang","floor":13,"turns":39},{"damage":29,"enemies":"The Guardian","floor":16,"turns":17},{"damage":29,"enemies":"Shell Parasite","floor":18,"turns":10},{"damage":8,"enemies":"Spheric Guardian","floor":19,"turns":4},{"damage":41,"enemies":"Snake Plant","floor":21,"turns":6},{"damage":27,"enemies":"Centurion and Healer","floor":22,"turns":4}],"seed_played":"2140033945640964003","potions_obtained":[{"floor":1,"key":"Strength Potion"},{"floor":5,"key":"Regen Potion"},{"floor":13,"key":"Poison Potion"}],"is_trial":false,"path_per_floor":["M","M","M","M","M","R","E","R","T","R","$","E","M","?","R","B",null,"M","M","?","M","M"],"character_chosen":"DEFECT","items_purchased":["Creative AI"],"campfire_rested":0,"item_purchase_floors":[11],"current_hp_per_floor":[57,64,70,68,61,61,48,48,48,48,48,46,63,63,63,41,64,49,55,49,24,0],"gold":417,"neow_bonus":"RANDOM_COMMON_RELIC","is_prod":false,"is_daily":false,"chose_seed":false,"campfire_upgraded":3,"win_rate":0,"timestamp":1567896976,"path_taken":["M","M","M","M","M","R","E","R","T","R","$","E","M","?","R","BOSS","M","M","?","M","M"],"build_version":"2019-07-17","purchased_purges":0,"victory":false,"max_hp_per_floor":[71,71,71,71,71,71,71,71,71,71,71,71,71,71,71,71,71,71,71,71,73,73],"card_choices":[{"not_picked":["Beam Cell","Cold Snap"],"picked":"Self Repair","floor":1},{"not_picked":["Go for the Eyes","Rebound"],"picked":"Self Repair","floor":2},{"not_picked":["Hello World","Stack"],"picked":"Coolheaded","floor":3},{"not_picked":["Steam","Hologram"],"picked":"Barrage","floor":4},{"not_picked":["Lockon","Stack"],"picked":"Compile Driver","floor":5},{"not_picked":["Sunder","Melter"],"picked":"Undo","floor":7},{"not_picked":["Hello World","Gash+1"],"picked":"Core Surge+1","floor":12},{"not_picked":["Heatsinks","Chill"],"picked":"Barrage+1","floor":13},{"not_picked":["Machine Learning","Amplify"],"picked":"Core Surge+1","floor":16},{"not_picked":["Undo","Fusion"],"picked":"Leap+1","floor":18},{"not_picked":["Beam Cell+1","Darkness+1"],"picked":"Self Repair","floor":19},{"not_picked":["Redo+1","Gash+1","Sweeping Beam+1"],"picked":"Singing Bowl","floor":21}],"player_experience":795882,"relics_obtained":[{"floor":7,"key":"Singing Bowl"},{"floor":9,"key":"Molten Egg 2"},{"floor":12,"key":"Shovel"},{"floor":15,"key":"Juzu Bracelet"}],"event_choices":[{"damage_healed":0,"gold_gain":72,"player_choice":"Gained Gold","damage_taken":0,"max_hp_gain":0,"max_hp_loss":0,"event_name":"Golden Wing","floor":14,"gold_loss":0},{"damage_healed":0,"gold_gain":0,"player_choice":"Joined the Cult","damage_taken":6,"max_hp_gain":0,"max_hp_loss":0,"event_name":"Nest","floor":20,"gold_loss":0,"cards_obtained":["RitualDagger"]}],"is_beta":false,"boss_relics":[{"not_picked":["Ectoplasm","Eternal Feather"],"picked":"Nuclear Battery"}],"items_purged_floors":[],"is_endless":false,"potions_floor_spawned":[1,5,13,16,18,21],"killed_by":"Centurion and Healer","ascension_level":20}