{"gold_per_floor":[119,196,215,290,57,92,92,124,124,136,91,125,142,159,159,235,235,252,266,66,82,132,132],"floor_reached":23,"playtime":631,"items_purged":[],"score":418,"play_id":"e69a3695-bb86-4c12-ba79-125f3c584784","local_time":"20190717144549","is_ascension_mode":true,"campfire_choices":[{"data":"Streamline","floor":7,"key":"SMITH"},{"data":"Force Field","floor":10,"key":"SMITH"},{"data":"Creative AI","floor":15,"key":"SMITH"}],"neow_cost":"NONE","seed_source_timestamp":533430622188343,"circlet_count":0,"master_deck":["AscendersBane","Strike_B","Strike_B","Strike_B","Strike_B","Defend_B","Defend_B","Defend_B","Defend_B","Zap","Dualcast","Streamline+1","Gash","Electrodynamics","Cold Snap","Creative AI+1","Force Field+1","Coolheaded","Hologram","Cold Snap","Core Surge","Rebound","Ball Lightning+1","Conserve Battery","Reprogram+1"],"relics":["Cracked Core","Vajra","Pear","FossilizedHelix","MawBank","Pantograph","Fusion Hammer","Orichalcum"],"potions_floor_usage":[6,8,12,16,19,23],"damage_taken":[{"damage":2,"enemies":"Jaw Worm","floor":1,"turns":4},{"damage":0,"enemies":"Small Slimes","floor":3,"turns":2},{"damage":13,"enemies":"3 Sentries","floor":6,"turns":3},{"damage":21,"enemies":"Lagavulin","floor":8,"turns":5},{"damage":10,"enemies":"Gremlin Nob","floor":12,"turns":4},{"damage":0,"enemies":"Cultist","floor":13,"turns":3},{"damage":0,"enemies":"2 Fungi Beasts","floor":14,"turns":2},{"damage":8,"enemies":"Slime Boss","floor":16,"turns":11},{"damage":23,"enemies":"Chosen","floor":18,"turns":6},{"damage":2,"enemies":"3 Byrds","floor":19,"turns":2},{"damage":36,"enemies":"Snake Plant","floor":21,"turns":5},{"damage":11,"enemies":"Gremlin Leader","floor":23,"turns":2}],"seed_played":"-4707620866602013650","potions_obtained":[{"floor":1,"key":"Explosive Potion"},{"floor":12,"key":"Fire Potion"},{"floor":14,"key":"Explosive Potion"},{"floor":16,"key":"SkillPotion"}],"is_trial":false,"path_per_floor":["M","?","M","?","$","E","R","E","T","R","$","E","M","M","R","B",null,"M","M","$","M","?","E"],"character_chosen":"DEFECT","items_purchased":["Electrodynamics","FocusPotion","Cold Snap","AttackPotion","Conserve Battery","Orichalcum"],"campfire_rested":0,"item_purchase_floors":[5,5,5,11,20,20],"current_hp_per_floor":[62,62,62,51,51,48,48,27,27,27,27,17,17,17,17,34,69,46,44,44,8,8,0],"gold":132,"neow_bonus":"RANDOM_COMMON_RELIC","is_prod":false,"is_daily":false,"chose_seed":false,"campfire_upgraded":3,"win_rate":0,"timestamp":1563399949,"path_taken":["M","?","M","?","$","E","R","E","T","R","$","E","M","?","R","BOSS","M","M","$","M","?","E"],"build_version":"2019-07-05","purchased_purges":0,"victory":false,"max_hp_per_floor":[71,71,71,71,71,81,81,81,81,81,81,81,81,81,81,81,81,81,81,81,81,81,81],"card_choices":[{"not_picked":["Steam Power","Barrage"],"picked":"Streamline","floor":1},{"not_picked":["Steam","Rebound"],"picked":"Gash","floor":3},{"not_picked":["Hello World","Reinforced Body"],"picked":"Creative AI","floor":6},{"not_picked":["Cold Snap","Heatsinks"],"picked":"Force Field","floor":8},{"not_picked":["Stack","Barrage"],"picked":"Coolheaded","floor":12},{"not_picked":["Tempest","Go for the Eyes"],"picked":"Hologram","floor":13},{"not_picked":["Sweeping Beam","Steam"],"picked":"Cold Snap","floor":14},{"not_picked":["Machine Learning","Electrodynamics"],"picked":"Core Surge","floor":16},{"not_picked":["Lockon","Double Energy"],"picked":"Rebound","floor":18},{"not_picked":["Sweeping Beam+1","Redo"],"picked":"Ball Lightning+1","floor":19},{"not_picked":["Steam","Rebound"],"picked":"Reprogram+1","floor":21}],"player_experience":681954,"relics_obtained":[{"floor":6,"key":"Pear"},{"floor":8,"key":"FossilizedHelix"},{"floor":9,"key":"MawBank"},{"floor":12,"key":"Pantograph"}],"event_choices":[{"damage_healed":0,"gold_gain":77,"player_choice":"Gained Gold","damage_taken":0,"max_hp_gain":0,"max_hp_loss":0,"event_name":"Golden Wing","floor":2,"gold_loss":0},{"damage_healed":0,"gold_gain":75,"player_choice":"Gather Gold","damage_taken":11,"max_hp_gain":0,"max_hp_loss":0,"event_name":"World of Goop","floor":4,"gold_loss":0},{"damage_healed":0,"gold_gain":50,"player_choice":"Stole From Cult","damage_taken":0,"max_hp_gain":0,"max_hp_loss":0,"event_name":"Nest","floor":22,"gold_loss":0}],"is_beta":false,"boss_relics":[{"not_picked":["Empty Cage","Busted Crown"],"picked":"Fusion Hammer"}],"items_purged_floors":[],"is_endless":false,"potions_floor_spawned":[1,12,14,16],"killed_by":"Gremlin Leader","ascension_level":20}