{"gold_per_floor":[115,134,209,209,225,225,241,255,280,319,343,3,3,21,21,114,114,129,142,142,84,84,84,84],"floor_reached":24,"playtime":952,"items_purged":[],"score":421,"play_id":"8c2d2870-2e8a-4f90-a99b-7a0f93fe8269","local_time":"20190823214558","is_ascension_mode":true,"campfire_choices":[{"floor":6,"key":"REST"},{"floor":13,"key":"REST"},{"data":"Capacitor","floor":15,"key":"SMITH"},{"data":"Ghostly","floor":23,"key":"SMITH"}],"neow_cost":"NONE","seed_source_timestamp":818543488385200,"circlet_count":0,"master_deck":["AscendersBane","Defend_B","Defend_B","Defend_B","Defend_B","Zap","Dualcast","Conserve Battery","Conserve Battery","Go for the Eyes","Core Surge","Genetic Algorithm","Capacitor+1","Glacier","Creative AI","Hologram","Go for the Eyes+1","Ghostly+1","Ghostly","Ghostly","Conserve Battery","Bite","Bite","Bite","Bite","Bite"],"relics":["Cracked Core","DataDisk","Golden Idol","Vajra","Pen Nib","Pocketwatch","Philosopher\u0027s Stone"],"potions_floor_usage":[10,16,24],"damage_taken":[{"damage":5,"enemies":"2 Louse","floor":1,"turns":2},{"damage":2,"enemies":"Small Slimes","floor":2,"turns":4},{"damage":5,"enemies":"Jaw Worm","floor":5,"turns":4},{"damage":6,"enemies":"Looter","floor":7,"turns":4},{"damage":8,"enemies":"Blue Slaver","floor":8,"turns":3},{"damage":1,"enemies":"Lagavulin","floor":10,"turns":7},{"damage":0,"enemies":"3 Louse","floor":11,"turns":4},{"damage":10,"enemies":"Large Slime","floor":14,"turns":6},{"damage":6,"enemies":"The Guardian","floor":16,"turns":17},{"damage":0,"enemies":"Chosen","floor":18,"turns":8},{"damage":2,"enemies":"Spheric Guardian","floor":19,"turns":8},{"damage":35,"enemies":"Gremlin Leader","floor":24,"turns":8}],"seed_played":"-3068493498658852614","potions_obtained":[{"floor":5,"key":"Strength Potion"},{"floor":7,"key":"SkillPotion"},{"floor":16,"key":"Poison Potion"},{"floor":18,"key":"SkillPotion"}],"is_trial":false,"path_per_floor":["M","M","?","?","M","R","M","M","T","E","M","$","R","M","R","B",null,"M","M","?","$","?","R","E"],"character_chosen":"DEFECT","items_purchased":["Pocketwatch","Conserve Battery"],"campfire_rested":2,"item_purchase_floors":[12,21],"current_hp_per_floor":[59,57,46,22,17,38,32,24,24,23,23,23,44,34,34,28,60,60,58,35,35,24,24,0],"gold":84,"neow_bonus":"RANDOM_COMMON_RELIC","is_prod":false,"is_daily":false,"chose_seed":false,"campfire_upgraded":2,"win_rate":0,"timestamp":1566621958,"path_taken":["M","M","?","?","M","R","M","M","T","E","M","$","R","M","R","BOSS","M","M","?","$","?","R","E"],"build_version":"2019-07-17","purchased_purges":0,"victory":false,"max_hp_per_floor":[71,71,71,71,71,71,71,71,71,71,71,71,71,71,71,71,71,71,71,35,35,24,24,24],"card_choices":[{"not_picked":["Go for the Eyes","Recycle"],"picked":"Conserve Battery","floor":1},{"not_picked":["Streamline","Beam Cell"],"picked":"Conserve Battery","floor":2},{"not_picked":["Steam","Tempest"],"picked":"Go for the Eyes","floor":5},{"not_picked":["Scrape","BootSequence","Leap"],"picked":"SKIP","floor":7},{"not_picked":["Compile Driver","Storm"],"picked":"Core Surge","floor":8},{"not_picked":["Coolheaded","Hologram"],"picked":"Genetic Algorithm","floor":10},{"not_picked":["Streamline","Steam"],"picked":"Capacitor","floor":11},{"not_picked":["Conserve Battery","Chill"],"picked":"Glacier","floor":14},{"not_picked":["Electrodynamics","All For One"],"picked":"Creative AI","floor":16},{"not_picked":["Steam","Chill"],"picked":"Hologram","floor":18},{"not_picked":["Rebound","Fusion"],"picked":"Go for the Eyes+1","floor":19}],"player_experience":742196,"relics_obtained":[{"floor":9,"key":"Vajra"},{"floor":10,"key":"Pen Nib"}],"event_choices":[{"damage_healed":0,"gold_gain":75,"player_choice":"Gather Gold","damage_taken":11,"max_hp_gain":0,"max_hp_loss":0,"event_name":"World of Goop","floor":3,"gold_loss":0},{"damage_healed":0,"gold_gain":0,"player_choice":"Take Damage","damage_taken":24,"relics_obtained":["Golden Idol"],"max_hp_gain":0,"max_hp_loss":0,"event_name":"Golden Idol","floor":4,"gold_loss":0},{"damage_healed":0,"gold_gain":0,"player_choice":"Became a Ghost","damage_taken":0,"max_hp_gain":0,"max_hp_loss":36,"event_name":"Ghosts","floor":20,"gold_loss":0,"cards_obtained":["Ghostly","Ghostly","Ghostly"]},{"damage_healed":0,"gold_gain":0,"player_choice":"Became a vampire","damage_taken":0,"max_hp_gain":0,"max_hp_loss":11,"event_name":"Vampires","floor":22,"gold_loss":0,"cards_obtained":["Bite","Bite","Bite","Bite","Bite"]}],"is_beta":false,"boss_relics":[{"not_picked":["Eternal Feather","White Beast Statue"],"picked":"Philosopher\u0027s Stone"}],"items_purged_floors":[],"is_endless":false,"potions_floor_spawned":[5,7,16,18],"killed_by":"Gremlin Leader","ascension_level":20}