{"gold_per_floor":[111,111,130,143,143,178,190,217,229,266,228,240],"floor_reached":12,"playtime":201,"items_purged":[],"score":176,"play_id":"2bcd8a64-0351-4a94-8c73-09c475d9b287","local_time":"20190815214845","is_ascension_mode":true,"campfire_choices":[{"data":"Lockon","floor":7,"key":"SMITH"}],"neow_cost":"NONE","seed_source_timestamp":128262942550800,"circlet_count":0,"master_deck":["AscendersBane","Strike_B","Strike_B","Strike_B","Defend_B","Defend_B","Defend_B","Defend_B","Zap","Dualcast","Hologram","Lockon+1","Barrage","Electrodynamics","Sweeping Beam"],"relics":["Cracked Core","NeowsBlessing","FaceOfCleric","MawBank","Juzu Bracelet","The Courier"],"potions_floor_usage":[6,10],"damage_taken":[{"damage":0,"enemies":"Jaw Worm","floor":1,"turns":1},{"damage":0,"enemies":"Cultist","floor":3,"turns":1},{"damage":0,"enemies":"2 Louse","floor":4,"turns":1},{"damage":32,"enemies":"Lagavulin","floor":6,"turns":6},{"damage":3,"enemies":"Blue Slaver","floor":8,"turns":2},{"damage":32,"enemies":"Gremlin Nob","floor":10,"turns":4},{"damage":15,"enemies":"3 Louse","floor":12,"turns":1}],"seed_played":"-9200042366199342082","potions_obtained":[{"floor":3,"key":"Regen Potion"},{"floor":8,"key":"Block Potion"},{"floor":10,"key":"SpeedPotion"}],"is_trial":false,"path_per_floor":["M","?","M","M","?","E","R","M","T","E","?","M"],"character_chosen":"DEFECT","items_purchased":[],"campfire_rested":0,"item_purchase_floors":[],"current_hp_per_floor":[64,64,65,66,59,43,43,41,41,10,10,0],"gold":240,"neow_bonus":"THREE_ENEMY_KILL","is_prod":false,"is_daily":false,"chose_seed":false,"campfire_upgraded":1,"win_rate":0,"timestamp":1565930925,"path_taken":["M","?","?","M","?","E","R","M","T","E","?","M"],"build_version":"2019-07-17","purchased_purges":0,"victory":false,"max_hp_per_floor":[71,71,72,73,73,74,74,75,75,76,76,76],"card_choices":[{"not_picked":["Leap","Stack"],"picked":"Hologram","floor":1},{"not_picked":["Skim","Chill"],"picked":"Lockon","floor":3},{"not_picked":["Turbo","Storm"],"picked":"Barrage","floor":4},{"not_picked":["Buffer","Compile Driver"],"picked":"Electrodynamics","floor":6},{"not_picked":["Streamline","Go for the Eyes","Sweeping Beam"],"picked":"SKIP","floor":8},{"not_picked":["Redo","Blizzard"],"picked":"Sweeping Beam","floor":10}],"player_experience":729467,"relics_obtained":[{"floor":6,"key":"MawBank"},{"floor":9,"key":"Juzu Bracelet"},{"floor":10,"key":"The Courier"}],"event_choices":[{"damage_healed":0,"gold_gain":0,"player_choice":"Trade","damage_taken":0,"relics_obtained":["FaceOfCleric"],"max_hp_gain":0,"max_hp_loss":0,"event_name":"FaceTrader","floor":2,"gold_loss":0},{"cards_removed":["Strike_B"],"damage_healed":0,"gold_gain":0,"player_choice":"Card Removal","damage_taken":7,"max_hp_gain":0,"max_hp_loss":0,"event_name":"Golden Wing","floor":5,"gold_loss":0},{"damage_healed":0,"gold_gain":0,"player_choice":"Left Gold","damage_taken":0,"max_hp_gain":0,"max_hp_loss":0,"event_name":"World of Goop","floor":11,"gold_loss":50}],"is_beta":false,"boss_relics":[],"items_purged_floors":[],"is_endless":false,"potions_floor_spawned":[3,8,10],"killed_by":"3 Louse","ascension_level":20}