{"gold_per_floor":[115,126,143,108,122,122,148,148,174,249,249,268,51,64,64,142,142,160,171,371,386,403,403],"floor_reached":23,"playtime":769,"items_purged":["Strike_B"],"score":390,"play_id":"117de7dd-7dbb-417c-ad52-52cd78a006dc","local_time":"20190619162719","is_ascension_mode":true,"campfire_choices":[{"data":"Sunder","floor":6,"key":"SMITH"},{"data":"Hyperbeam","floor":8,"key":"SMITH"},{"floor":11,"key":"REST"},{"data":"Static Discharge","floor":15,"key":"SMITH"}],"neow_cost":"NONE","seed_source_timestamp":395898678036034,"circlet_count":0,"master_deck":["AscendersBane","Strike_B+1","Strike_B+1","Strike_B","Defend_B","Defend_B","Defend_B","Defend_B","Zap","Dualcast","Conserve Battery","Sunder+1","Capacitor","Self Repair","Hyperbeam+1","Coolheaded","Static Discharge+1","Ball Lightning","Double Energy","Electrodynamics","Conserve Battery","Ball Lightning","Coolheaded","Barrage"],"relics":["Cracked Core","Whetstone","Happy Flower","Oddly Smooth Stone","Runic Pyramid"],"potions_floor_usage":[7,16,23],"damage_taken":[{"damage":11,"enemies":"Small Slimes","floor":1,"turns":4},{"damage":19,"enemies":"Jaw Worm","floor":2,"turns":4},{"damage":0,"enemies":"Cultist","floor":3,"turns":4},{"damage":6,"enemies":"Looter","floor":5,"turns":4},{"damage":40,"enemies":"Gremlin Nob","floor":7,"turns":5},{"damage":0,"enemies":"Large Slime","floor":12,"turns":6},{"damage":0,"enemies":"Gremlin Gang","floor":14,"turns":1},{"damage":26,"enemies":"The Guardian","floor":16,"turns":10},{"damage":6,"enemies":"3 Byrds","floor":18,"turns":3},{"damage":11,"enemies":"2 Thieves","floor":19,"turns":3},{"damage":11,"enemies":"Snake Plant","floor":21,"turns":3},{"damage":18,"enemies":"Sentry and Sphere","floor":22,"turns":6},{"damage":31,"enemies":"Book of Stabbing","floor":23,"turns":3}],"seed_played":"5780912548037916188","potions_obtained":[{"floor":2,"key":"Explosive Potion"},{"floor":5,"key":"Weak Potion"},{"floor":7,"key":"Poison Potion"},{"floor":16,"key":"AttackPotion"}],"is_trial":false,"path_per_floor":["M","M","M","?","M","R","E","R","T","?","R","M","$","M","R","B",null,"M","M","?","M","M","E"],"character_chosen":"DEFECT","items_purchased":["Static Discharge","Ball Lightning"],"campfire_rested":1,"item_purchase_floors":[13,13],"current_hp_per_floor":[53,34,34,51,45,45,12,12,12,1,22,29,29,29,29,10,56,50,46,46,42,31,0],"gold":403,"neow_bonus":"RANDOM_COMMON_RELIC","is_prod":false,"is_daily":false,"chose_seed":false,"campfire_upgraded":3,"win_rate":0,"timestamp":1560986839,"path_taken":["M","M","M","?","M","R","E","R","T","?","R","M","$","M","R","BOSS","M","M","?","?","M","E"],"build_version":"2019-01-23","purchased_purges":1,"victory":false,"max_hp_per_floor":[71,71,71,71,71,71,71,71,71,71,71,71,71,71,71,71,71,71,71,71,71,71,71],"card_choices":[{"not_picked":["Double Energy","Turbo"],"picked":"Conserve Battery","floor":1},{"not_picked":["Consume","Hologram"],"picked":"Sunder","floor":2},{"not_picked":["Undo","Turbo"],"picked":"Capacitor","floor":3},{"not_picked":["Streamline","Compile Driver"],"picked":"Self Repair","floor":5},{"not_picked":["Go for the Eyes","Steam"],"picked":"Hyperbeam","floor":7},{"not_picked":["Streamline","Redo"],"picked":"Coolheaded","floor":12},{"not_picked":["Steam","Sweeping Beam"],"picked":"Double Energy","floor":14},{"not_picked":["Biased Cognition","Amplify"],"picked":"Electrodynamics","floor":16},{"not_picked":["Streamline","Fusion"],"picked":"Conserve Battery","floor":18},{"not_picked":["Sweeping Beam","Hello World"],"picked":"Ball Lightning","floor":19},{"not_picked":["Double Energy","Leap"],"picked":"Coolheaded","floor":21},{"not_picked":["Ball Lightning","Chaos"],"picked":"Barrage","floor":22}],"player_experience":613634,"relics_obtained":[{"floor":7,"key":"Happy Flower"},{"floor":9,"key":"Oddly Smooth Stone"}],"event_choices":[{"damage_healed":17,"gold_gain":0,"player_choice":"Healed","damage_taken":0,"max_hp_gain":0,"max_hp_loss":0,"event_name":"The Cleric","floor":4,"gold_loss":35},{"damage_healed":0,"gold_gain":75,"player_choice":"Gather Gold","damage_taken":11,"max_hp_gain":0,"max_hp_loss":0,"event_name":"World of Goop","floor":10,"gold_loss":0},{"damage_healed":0,"gold_gain":250,"player_choice":"Bet on Owner","damage_taken":0,"max_hp_gain":0,"max_hp_loss":0,"event_name":"The Joust","floor":20,"gold_loss":50}],"is_beta":false,"boss_relics":[{"not_picked":["Runic Dome","Empty Cage"],"picked":"Runic Pyramid"}],"items_purged_floors":[13],"is_endless":false,"potions_floor_spawned":[2,5,7,16,21],"killed_by":"Book of Stabbing","ascension_level":20}