{"gold_per_floor":[110,110,121,13,28,56,76,76,100,100,135,148,162,312,312,391,391,404,324,2,2,2],"floor_reached":22,"playtime":639,"items_purged":["Doubt"],"score":388,"play_id":"13452737-7ae1-4cf3-97da-9e82253ef1dc","local_time":"20190718173905","is_ascension_mode":true,"campfire_choices":[{"data":"Reinforced Body","floor":8,"key":"SMITH"},{"floor":10,"key":"REST"},{"floor":15,"key":"REST"}],"neow_cost":"NONE","seed_source_timestamp":630217516589840,"circlet_count":0,"master_deck":["AscendersBane","Strike_B","Strike_B","Strike_B","Strike_B","Defend_B","Defend_B","Defend_B","Defend_B","Zap","Dualcast","Rebound","Sweeping Beam","Reinforced Body+1","Static Discharge+1","Gash","Self Repair","Gash","Gash","Genetic Algorithm","Cold Snap","Glacier","Buffer","Cold Snap","Reinforced Body","Hello World"],"relics":["Cracked Core","NeowsBlessing","Art of War","Juzu Bracelet","Oddly Smooth Stone","Inserter","DataDisk"],"potions_floor_usage":[6,11,12,16,18],"damage_taken":[{"damage":0,"enemies":"Cultist","floor":1,"turns":1},{"damage":0,"enemies":"Small Slimes","floor":3,"turns":1},{"damage":0,"enemies":"Jaw Worm","floor":5,"turns":1},{"damage":33,"enemies":"3 Sentries","floor":6,"turns":5},{"damage":17,"enemies":"Lots of Slimes","floor":7,"turns":4},{"damage":32,"enemies":"Gremlin Nob","floor":11,"turns":4},{"damage":0,"enemies":"Red Slaver","floor":12,"turns":2},{"damage":12,"enemies":"Looter","floor":13,"turns":3},{"damage":31,"enemies":"Hexaghost","floor":16,"turns":10},{"damage":30,"enemies":"3 Byrds","floor":18,"turns":7},{"damage":24,"enemies":"2 Thieves","floor":19,"turns":4},{"damage":22,"enemies":"Snake Plant","floor":22,"turns":3}],"seed_played":"8124230183046324217","potions_obtained":[{"floor":3,"key":"LiquidBronze"},{"floor":7,"key":"FocusPotion"},{"floor":11,"key":"Block Potion"},{"floor":13,"key":"Explosive Potion"}],"is_trial":false,"path_per_floor":["M","?","M","$","M","E","M","R","T","R","E","M","M","?","R","B",null,"M","M","$","?","M"],"character_chosen":"DEFECT","items_purchased":["Gash","AttackPotion","DataDisk","Hello World"],"campfire_rested":2,"item_purchase_floors":[4,4,20,20],"current_hp_per_floor":[64,64,64,64,64,38,28,28,28,49,24,24,19,19,40,16,57,34,17,17,17,0],"gold":2,"neow_bonus":"THREE_ENEMY_KILL","is_prod":false,"is_daily":false,"chose_seed":false,"campfire_upgraded":1,"win_rate":0,"timestamp":1563496745,"path_taken":["M","?","?","?","M","E","M","R","T","R","E","M","M","?","R","BOSS","M","M","$","?","M"],"build_version":"2019-07-17","purchased_purges":1,"victory":false,"max_hp_per_floor":[71,71,71,71,71,71,71,71,71,71,71,71,71,71,71,71,71,71,71,71,71,71],"card_choices":[{"not_picked":["Hologram","Beam Cell"],"picked":"Rebound","floor":1},{"not_picked":["Heatsinks","Reprogram"],"picked":"Static Discharge","floor":3},{"not_picked":["Streamline","Cold Snap"],"picked":"Self Repair","floor":5},{"not_picked":["Force Field","White Noise"],"picked":"Gash","floor":6},{"not_picked":["Chaos","Hello World"],"picked":"Gash","floor":7},{"not_picked":["Multi-Cast","Redo"],"picked":"Genetic Algorithm","floor":11},{"not_picked":["Redo","Ball Lightning"],"picked":"Cold Snap","floor":12},{"not_picked":["Rip and Tear","Turbo"],"picked":"Glacier","floor":13},{"not_picked":["Reboot","Machine Learning"],"picked":"Buffer","floor":16},{"not_picked":["Leap","Conserve Battery"],"picked":"Cold Snap","floor":18},{"not_picked":["Leap","Fusion"],"picked":"Reinforced Body","floor":19}],"player_experience":691332,"relics_obtained":[{"floor":6,"key":"Art of War"},{"floor":9,"key":"Juzu Bracelet"},{"floor":11,"key":"Oddly Smooth Stone"}],"event_choices":[{"damage_healed":0,"gold_gain":0,"player_choice":"2 cards matched","damage_taken":0,"max_hp_gain":0,"max_hp_loss":0,"event_name":"Match and Keep!","floor":2,"gold_loss":0,"cards_obtained":["Sweeping Beam","Reinforced Body"]},{"damage_healed":0,"gold_gain":150,"player_choice":"AGREE","damage_taken":0,"max_hp_gain":0,"max_hp_loss":0,"event_name":"Liars Game","floor":14,"gold_loss":0,"cards_obtained":["Doubt"]},{"damage_healed":0,"gold_gain":0,"player_choice":"Upgraded","damage_taken":0,"max_hp_gain":0,"max_hp_loss":0,"event_name":"Upgrade Shrine","floor":21,"gold_loss":0,"cards_upgraded":["Static Discharge"]}],"is_beta":false,"boss_relics":[{"not_picked":["Astrolabe","Velvet Choker"],"picked":"Inserter"}],"items_purged_floors":[20],"is_endless":false,"potions_floor_spawned":[3,5,7,11,13],"killed_by":"Snake Plant","ascension_level":20}