{"gold_per_floor":[109,128,147,159,159,192,207,207,207,207,221,252,264,284,284,389,389,405,418,434,434,447,461,66,66,66,100,100,100,110,143,143,242,242,262,262,262,281,293,293,321,334,334,359,58,90,101,118,118,118],"floor_reached":51,"playtime":2643,"items_purged":["Decay"],"score":817,"play_id":"dcfea7c2-9378-420e-be65-fa1589977782","local_time":"20190311214457","is_ascension_mode":false,"campfire_choices":[{"data":"Defragment","floor":10,"key":"SMITH"},{"floor":15,"key":"REST"},{"data":"Coolheaded","floor":25,"key":"SMITH"},{"data":"Electrodynamics","floor":28,"key":"SMITH"},{"floor":32,"key":"REST"},{"data":"RitualDagger","floor":40,"key":"SMITH"},{"floor":49,"key":"REST"}],"neow_cost":"NONE","seed_source_timestamp":853128436956839,"circlet_count":0,"master_deck":["Strike_B","Strike_B","Strike_B","Strike_B","Defend_B","Defend_B","Defend_B","Defend_B","Zap","Dualcast","Defragment+1","Beam Cell","Conserve Battery","Gash","Beam Cell","Conserve Battery","Glacier","Electrodynamics+1","Glacier","Coolheaded+1","Reinforced Body+1","Melter","Defragment+1","Loop","White Noise+1","RitualDagger+1","Cold Snap+1","Creative AI","Defragment+1","Apotheosis","Discovery+1","Mayhem","Storm","Conserve Battery+1","Seek","Coolheaded+1","Heatsinks","Coolheaded+1"],"relics":["Cracked Core","NeowsBlessing","Blood Vial","Vajra","Sundial","Ginger","Sozu","Matryoshka","Tiny Chest","DollysMirror","Happy Flower","Lantern","Potion Belt","Girya","Cursed Key","Oddly Smooth Stone","MawBank","Gremlin Horn","Bottled Tornado","Anchor"],"potions_floor_usage":[6,16,16,18],"damage_taken":[{"damage":0,"enemies":"Small Slimes","floor":1,"turns":1},{"damage":0,"enemies":"Jaw Worm","floor":2,"turns":1},{"damage":0,"enemies":"2 Louse","floor":3,"turns":1},{"damage":5,"enemies":"Blue Slaver","floor":4,"turns":3},{"damage":15,"enemies":"Gremlin Nob","floor":6,"turns":5},{"damage":1,"enemies":"3 Louse","floor":7,"turns":3},{"damage":5,"enemies":"Lots of Slimes","floor":11,"turns":3},{"damage":18,"enemies":"3 Sentries","floor":12,"turns":7},{"damage":11,"enemies":"Large Slime","floor":13,"turns":5},{"damage":15,"enemies":"Gremlin Gang","floor":14,"turns":5},{"damage":19,"enemies":"Hexaghost","floor":16,"turns":12},{"damage":0,"enemies":"Chosen","floor":18,"turns":4},{"damage":0,"enemies":"Spheric Guardian","floor":19,"turns":7},{"damage":1,"enemies":"Chosen and Byrds","floor":20,"turns":6},{"damage":6,"enemies":"Sentry and Sphere","floor":22,"turns":6},{"damage":1,"enemies":"3 Cultists","floor":23,"turns":5},{"damage":16,"enemies":"Gremlin Leader","floor":27,"turns":8},{"damage":26,"enemies":"Snake Plant","floor":30,"turns":4},{"damage":20,"enemies":"Book of Stabbing","floor":31,"turns":5},{"damage":19,"enemies":"Collector","floor":33,"turns":15},{"damage":13,"enemies":"3 Darklings","floor":35,"turns":5},{"damage":2,"enemies":"Orb Walker","floor":38,"turns":3},{"damage":1,"enemies":"Sphere and 2 Shapes","floor":39,"turns":4},{"damage":0,"enemies":"Nemesis","floor":41,"turns":9},{"damage":0,"enemies":"Transient","floor":42,"turns":5},{"damage":0,"enemies":"Spire Growth","floor":44,"turns":5},{"damage":4,"enemies":"Giant Head","floor":46,"turns":7},{"damage":38,"enemies":"4 Shapes","floor":47,"turns":4},{"damage":23,"enemies":"Jaw Worm Horde","floor":48,"turns":4},{"damage":5,"enemies":"Time Eater","floor":50,"turns":13}],"seed_played":"9150632966210099019","potions_obtained":[{"floor":1,"key":"Block Potion"},{"floor":3,"key":"Weak Potion"},{"floor":6,"key":"LiquidBronze"},{"floor":12,"key":"FearPotion"},{"floor":13,"key":"Fire Potion"}],"is_trial":false,"path_per_floor":["M","M","M","M","?","E","M","?","T","R","M","E","M","M","R","B",null,"M","M","M","?","M","M","$","R","T","E","R","?","M","E","R","B",null,"M","?","?","M","M","R","E","M","T","M","$","E","M","M","R","B",null],"character_chosen":"DEFECT","items_purchased":["Tiny Chest","DollysMirror","Loop","Bottled Tornado"],"campfire_rested":3,"item_purchase_floors":[24,24,24,45],"current_hp_per_floor":[75,75,75,70,58,45,46,51,51,51,48,32,23,10,34,17,80,80,80,79,79,74,75,75,75,75,61,61,55,31,13,37,20,80,67,57,57,57,58,58,60,62,62,64,64,62,26,5,29,26],"gold":118,"neow_bonus":"THREE_ENEMY_KILL","is_prod":false,"is_daily":false,"chose_seed":false,"campfire_upgraded":4,"win_rate":0.0,"timestamp":1552365897,"path_taken":["M","M","M","M","?","E","M","?","T","R","M","E","M","M","R","BOSS","M","M","M","?","M","M","$","R","T","E","R","?","M","E","R","BOSS","M","?","?","?","M","R","E","M","T","M","$","E","M","M","R","BOSS"],"build_version":"2019-01-23","purchased_purges":1,"victory":true,"max_hp_per_floor":[75,75,75,75,75,75,75,80,80,80,80,80,80,80,80,80,80,80,80,80,80,80,80,80,80,80,80,80,80,80,80,80,80,80,80,80,80,80,80,80,80,80,80,80,80,80,80,80,80,80],"card_choices":[{"not_picked":["Stack","Scrape"],"picked":"Defragment","floor":1},{"not_picked":["Leap","Skim"],"picked":"Beam Cell","floor":2},{"not_picked":["FTL","Barrage"],"picked":"Conserve Battery","floor":3},{"not_picked":["Streamline","Steam"],"picked":"Gash","floor":4},{"not_picked":["Skim","Fission","Darkness"],"picked":"SKIP","floor":6},{"not_picked":["Steam Power","Chaos"],"picked":"Beam Cell","floor":7},{"not_picked":["Leap","Compile Driver"],"picked":"Conserve Battery","floor":11},{"not_picked":["Redo","Fusion"],"picked":"Glacier","floor":12},{"not_picked":["Chaos","Streamline","Conserve Battery"],"picked":"SKIP","floor":13},{"not_picked":["Force Field","Lockon","Auto Shields"],"picked":"SKIP","floor":14},{"not_picked":["Machine Learning","Rainbow"],"picked":"Electrodynamics","floor":16},{"not_picked":["Compile Driver","Chaos"],"picked":"Glacier","floor":18},{"not_picked":["Sweeping Beam","Reinforced Body"],"picked":"Coolheaded","floor":19},{"not_picked":["Force Field","Leap+1"],"picked":"Reinforced Body+1","floor":20},{"not_picked":["Go for the Eyes","Redo"],"picked":"Melter","floor":22},{"not_picked":["Sweeping Beam","Melter","Streamline"],"picked":"SKIP","floor":23},{"not_picked":["Leap","Sweeping Beam"],"picked":"White Noise+1","floor":27},{"not_picked":["Compile Driver+1","Go for the Eyes","Sweeping Beam"],"picked":"SKIP","floor":30},{"not_picked":["Barrage","Aggregate"],"picked":"Cold Snap+1","floor":31},{"not_picked":["Amplify","Rainbow"],"picked":"Creative AI","floor":33},{"not_picked":["Chill","Conserve Battery+1"],"picked":"Defragment+1","floor":35},{"not_picked":["Dark Shackles","Enlightenment"],"picked":"Apotheosis","floor":36},{"not_picked":["Deep Breath","Trip"],"picked":"Discovery","floor":36},{"not_picked":["Metamorphosis","Good Instincts"],"picked":"Mayhem","floor":36},{"not_picked":["Rip and Tear","Go for the Eyes"],"picked":"Storm","floor":38},{"not_picked":["Sweeping Beam","Redo","Go for the Eyes"],"picked":"SKIP","floor":39},{"not_picked":["Hologram","Gash+1"],"picked":"Conserve Battery+1","floor":41},{"not_picked":["Reprogram","Streamline+1"],"picked":"Seek","floor":42},{"not_picked":["Sweeping Beam+1","Go for the Eyes+1"],"picked":"Coolheaded+1","floor":44},{"not_picked":["Machine Learning","Sweeping Beam+1"],"picked":"Heatsinks","floor":46},{"not_picked":["Streamline+1","Melter+1"],"picked":"Coolheaded+1","floor":47},{"not_picked":["Go for the Eyes+1","Barrage+1","Redo"],"picked":"SKIP","floor":48}],"player_experience":8950,"relics_obtained":[{"floor":6,"key":"Vajra"},{"floor":9,"key":"Sundial"},{"floor":12,"key":"Ginger"},{"floor":26,"key":"Happy Flower"},{"floor":26,"key":"Lantern"},{"floor":27,"key":"Potion Belt"},{"floor":31,"key":"Girya"},{"floor":41,"key":"Oddly Smooth Stone"},{"floor":43,"key":"MawBank"},{"floor":43,"key":"Gremlin Horn"},{"floor":46,"key":"Anchor"}],"event_choices":[{"damage_healed":0,"gold_gain":0,"player_choice":"Success","damage_taken":12,"relics_obtained":["Blood Vial"],"max_hp_gain":0,"max_hp_loss":0,"event_name":"Scrap Ooze","floor":5,"gold_loss":0},{"damage_healed":0,"gold_gain":0,"player_choice":"Donut","damage_taken":0,"max_hp_gain":5,"max_hp_loss":0,"event_name":"Big Fish","floor":8,"gold_loss":0},{"damage_healed":0,"gold_gain":0,"player_choice":"Opened","damage_taken":0,"relics_obtained":["Matryoshka"],"max_hp_gain":0,"max_hp_loss":0,"event_name":"The Mausoleum","floor":21,"gold_loss":0},{"damage_healed":0,"gold_gain":0,"player_choice":"Joined the Cult","damage_taken":6,"max_hp_gain":0,"max_hp_loss":0,"event_name":"Nest","floor":29,"gold_loss":0,"cards_obtained":["RitualDagger"]},{"damage_healed":0,"gold_gain":0,"player_choice":"Memory 3","damage_taken":10,"max_hp_gain":0,"max_hp_loss":0,"event_name":"SensoryStone","floor":36,"gold_loss":0},{"damage_healed":0,"gold_gain":0,"player_choice":"Upgraded","damage_taken":0,"max_hp_gain":0,"max_hp_loss":0,"event_name":"Upgrade Shrine","floor":37,"gold_loss":0,"cards_upgraded":["Discovery"]}],"is_beta":false,"boss_relics":[{"not_picked":["FrozenCore","Velvet Choker"],"picked":"Sozu"},{"not_picked":["White Beast Statue","Coffee Dripper"],"picked":"Cursed Key"}],"items_purged_floors":[45],"is_endless":false,"potions_floor_spawned":[1,3,6,12,13,18,19,22,33,38,39,44,46,48],"ascension_level":0}