{"gold_per_floor":[117,137,137,147,167,167,201,201,201,117,267,267,280,280,280,359,359,375,394,411,411,29,29,4,4],"floor_reached":25,"playtime":766,"items_purged":[],"score":401,"play_id":"fcddac6f-5dc6-46ed-94d0-1a2a14fe132c","local_time":"20191011124000","is_ascension_mode":true,"campfire_choices":[{"data":"Go for the Eyes","floor":6,"key":"SMITH"},{"data":"Streamline","floor":8,"key":"SMITH"},{"data":"Static Discharge","floor":15,"key":"SMITH"},{"floor":23,"key":"REST"}],"neow_cost":"NONE","seed_source_timestamp":41092526716300,"circlet_count":0,"master_deck":["AscendersBane","Strike_B","Defend_B","Defend_B","Defend_B","Defend_B","Zap","Dualcast","Machine Learning","Streamline+1","Go for the Eyes+1","Reinforced Body","Auto Shields","Static Discharge+1","Loop","All For One","Beam Cell+1","Gash+1","Storm+1","Hologram","Capacitor","Defragment","Hologram","Undo","Gash"],"relics":["Cracked Core","NlothsMask","Strawberry","Spirit Poop","Astrolabe","Letter Opener"],"potions_floor_usage":[5,7,16,16,19],"damage_taken":[{"damage":9,"enemies":"Jaw Worm","floor":1,"turns":4},{"damage":2,"enemies":"Cultist","floor":2,"turns":4},{"damage":7,"enemies":"2 Louse","floor":4,"turns":3},{"damage":12,"enemies":"Looter","floor":5,"turns":3},{"damage":13,"enemies":"Lagavulin","floor":7,"turns":7},{"damage":9,"enemies":"Red Slaver","floor":13,"turns":4},{"damage":20,"enemies":"Hexaghost","floor":16,"turns":9},{"damage":13,"enemies":"Chosen","floor":18,"turns":5},{"damage":25,"enemies":"2 Thieves","floor":19,"turns":4},{"damage":9,"enemies":"Centurion and Healer","floor":20,"turns":5},{"damage":45,"enemies":"3 Cultists","floor":25,"turns":4}],"seed_played":"8089457073033644980","potions_obtained":[{"floor":2,"key":"Poison Potion"},{"floor":4,"key":"Weak Potion"},{"floor":5,"key":"Fruit Juice"},{"floor":13,"key":"SpeedPotion"},{"floor":14,"key":"Block Potion"},{"floor":16,"key":"Poison Potion"},{"floor":19,"key":"Dexterity Potion"}],"is_trial":false,"path_per_floor":["M","M","?","M","M","R","E","R","T","$","?","?","M","?","R","B",null,"M","M","M","?","$","R","$","M"],"character_chosen":"DEFECT","items_purchased":["Loop","Letter Opener","Hologram","Undo","Gash"],"campfire_rested":1,"item_purchase_floors":[10,22,22,22,24],"current_hp_per_floor":[55,53,53,46,39,39,33,33,33,33,33,33,24,24,24,4,63,50,25,16,16,16,40,40,0],"gold":4,"neow_bonus":"ONE_RANDOM_RARE_CARD","is_prod":false,"is_daily":false,"chose_seed":false,"campfire_upgraded":3,"win_rate":0,"timestamp":1570822800,"path_taken":["M","M","?","M","?","R","E","R","T","?","?","?","?","?","R","BOSS","M","?","M","?","$","R","?","M"],"build_version":"2019-07-17","purchased_purges":0,"victory":false,"max_hp_per_floor":[71,71,71,71,76,76,83,83,83,83,83,83,83,83,83,83,83,83,83,83,83,83,83,83,83],"card_choices":[{"not_picked":["Steam","Blizzard"],"picked":"Streamline","floor":1},{"not_picked":["Turbo","Hello World"],"picked":"Go for the Eyes","floor":2},{"not_picked":["Stack","Consume"],"picked":"Reinforced Body","floor":4},{"not_picked":["Streamline","Lockon"],"picked":"Auto Shields","floor":5},{"not_picked":["Streamline","Redo"],"picked":"Static Discharge","floor":7},{"not_picked":["Blizzard","Leap","Recycle"],"picked":"SKIP","floor":13},{"not_picked":["Reboot","Amplify"],"picked":"All For One","floor":16},{"not_picked":["Turbo","Fusion"],"picked":"Hologram","floor":18},{"not_picked":["Barrage","Streamline"],"picked":"Capacitor","floor":19},{"not_picked":["Beam Cell","Creative AI"],"picked":"Defragment","floor":20}],"player_experience":844678,"relics_obtained":[{"floor":7,"key":"Strawberry"}],"event_choices":[{"damage_healed":0,"gold_gain":0,"player_choice":"Trade","damage_taken":0,"relics_obtained":["NlothsMask"],"max_hp_gain":0,"max_hp_loss":0,"event_name":"FaceTrader","floor":3,"gold_loss":0},{"damage_healed":0,"gold_gain":150,"player_choice":"AGREE","damage_taken":0,"max_hp_gain":0,"max_hp_loss":0,"event_name":"Liars Game","floor":11,"gold_loss":0,"cards_obtained":["Doubt"]},{"cards_removed":["Doubt"],"damage_healed":0,"gold_gain":0,"player_choice":"Offered Curse","damage_taken":0,"relics_obtained":["Spirit Poop"],"max_hp_gain":0,"max_hp_loss":0,"event_name":"Bonfire Elementals","floor":12,"gold_loss":0},{"damage_healed":0,"gold_gain":0,"player_choice":"Got Potions","damage_taken":0,"max_hp_gain":0,"max_hp_loss":0,"event_name":"Lab","floor":14,"gold_loss":0},{"damage_healed":0,"gold_gain":0,"player_choice":"0 cards matched","damage_taken":0,"max_hp_gain":0,"max_hp_loss":0,"event_name":"Match and Keep!","floor":21,"gold_loss":0,"cards_obtained":[]}],"is_beta":false,"boss_relics":[{"not_picked":["Tiny House","Busted Crown"],"picked":"Astrolabe"}],"items_purged_floors":[],"is_endless":false,"potions_floor_spawned":[2,4,5,13,16,19],"killed_by":"3 Cultists","ascension_level":20}