{"gold_per_floor":[146,75,95,113,194,194,194,194,194,159,190,200,212,243,243,321,321,335,335,354,368,443,443,478,478,503,521,521,521,554,92,92,166,166,185,201,201,212,225,225,235,235,235,457,484,495,530,541,541,541,541,541,16,45,45],"floor_reached":56,"playtime":5772,"items_purged":["Rebound"],"score":1962,"play_id":"d419d1c5-82ae-4f79-ab0a-b0be55673380","local_time":"20190427160133","is_ascension_mode":true,"campfire_choices":[{"data":"Zap","floor":6.0,"key":"SMITH"},{"data":"Dualcast","floor":8.0,"key":"SMITH"},{"data":"Blizzard","floor":15.0,"key":"SMITH"},{"floor":23.0,"key":"REST"},{"floor":25.0,"key":"REST"},{"floor":29.0,"key":"REST"},{"data":"Defragment","floor":32.0,"key":"SMITH"},{"floor":40.0,"key":"RECALL"},{"data":"Hello World","floor":42.0,"key":"SMITH"},{"data":"Loop","floor":49.0,"key":"SMITH"},{"floor":52,"key":"REST"}],"neow_cost":"NONE","seed_source_timestamp":0,"circlet_count":0,"master_deck":["AscendersBane","Zap+1","Dualcast+1","Leap","Self Repair","Glacier","Glacier","Core Surge","Genetic Algorithm","Blizzard+1","Cold Snap","Echo Form","Coolheaded","Ball Lightning","Reprogram","Ball Lightning","Sunder","Sunder","Hello World+1","Undo","White Noise","Glacier","Loop+1","Blizzard","Defragment+1","Coolheaded","Core Surge","Blizzard","Hologram+1","Undo+1","Glacier","Stack+1","Core Surge","Self Repair+1","Blizzard"],"special_seed":0,"relics":["Cracked Core","Tiny Chest","Gremlin Horn","Orichalcum","Ice Cream","Pandora\u0027s Box","Nilry\u0027s Codex","Dodecahedron","Anchor","Red Mask","Calipers","Snecko Eye","Mummified Hand","Happy Flower","Mango","Frozen Egg 2","Strange Spoon","Strawberry","Ginger"],"potions_floor_usage":[55,55],"damage_taken":[{"damage":0.0,"enemies":"Cultist","floor":1.0,"turns":3.0},{"damage":0.0,"enemies":"2 Louse","floor":3.0,"turns":4.0},{"damage":0.0,"enemies":"Small Slimes","floor":4.0,"turns":4.0},{"damage":16.0,"enemies":"Lagavulin","floor":11.0,"turns":8.0},{"damage":0.0,"enemies":"Exordium Thugs","floor":12.0,"turns":5.0},{"damage":0.0,"enemies":"2 Fungi Beasts","floor":13.0,"turns":3.0},{"damage":5.0,"enemies":"Gremlin Nob","floor":14.0,"turns":6.0},{"damage":37.0,"enemies":"Slime Boss","floor":16.0,"turns":13.0},{"damage":2.0,"enemies":"Spheric Guardian","floor":18.0,"turns":5.0},{"damage":17.0,"enemies":"Shell Parasite","floor":20.0,"turns":7.0},{"damage":38.0,"enemies":"3 Cultists","floor":21.0,"turns":7.0},{"damage":19.0,"enemies":"Slavers","floor":24.0,"turns":10.0},{"damage":10.0,"enemies":"Snecko","floor":27.0,"turns":6.0},{"damage":0.0,"enemies":"Masked Bandits","floor":30.0,"turns":2.0},{"damage":11.0,"enemies":"Champ","floor":33.0,"turns":18.0},{"damage":0.0,"enemies":"Orb Walker","floor":35.0,"turns":7.0},{"damage":9.0,"enemies":"3 Darklings","floor":36.0,"turns":12.0},{"damage":1.0,"enemies":"Spire Growth","floor":38.0,"turns":6.0},{"damage":0.0,"enemies":"Transient","floor":39.0,"turns":5.0},{"damage":0.0,"enemies":"3 Darklings","floor":41.0,"turns":5.0},{"damage":0.0,"enemies":"Giant Head","floor":45.0,"turns":8.0},{"damage":7.0,"enemies":"Sphere and 2 Shapes","floor":46.0,"turns":8.0},{"damage":0.0,"enemies":"Reptomancer","floor":47.0,"turns":7.0},{"damage":9.0,"enemies":"Writhing Mass","floor":48.0,"turns":8.0},{"damage":20,"enemies":"Donu and Deca","floor":50,"turns":9},{"damage":31,"enemies":"Shield and Spear","floor":54,"turns":14},{"damage":72,"enemies":"The Heart","floor":55,"turns":14}],"seed_played":"3695436039803752118","potions_obtained":[{"floor":1.0,"key":"SteroidPotion"},{"floor":3.0,"key":"GamblersBrew"},{"floor":11.0,"key":"EssenceOfSteel"},{"floor":12.0,"key":"EssenceOfSteel"},{"floor":14.0,"key":"SteroidPotion"},{"floor":30.0,"key":"Dexterity Potion"},{"floor":39.0,"key":"SteroidPotion"}],"is_trial":false,"path_per_floor":["M","$","M","M","T","R","?","R","T","?","E","M","M","E","R","B",null,"M","?","M","M","?","R","E","R","T","M","?","R","?","$","R","B",null,"M","M","?","M","M","R","M","R","T","?","E","M","E","M","R","B",null,"R","$","E","B",null],"character_chosen":"DEFECT","items_purchased":["Self Repair","Calipers","Blizzard","Defragment","Coolheaded","Strange Spoon","Strawberry","Self Repair+1","Blizzard"],"campfire_rested":4,"item_purchase_floors":[2,31,31,31,31,53,53,53,53],"current_hp_per_floor":[68,68,75,75,75,75,60,60,60,75,66,73,75,75,75,45,68,75,59,56,18,11,33,28,50,50,54,54,75,75,75,75,75,75,75,75,75,75,75,75,75,75,75,75,89,82,89,87,87,74,85,89,96,96,41],"gold":45,"neow_bonus":"RANDOM_COMMON_RELIC","is_prod":false,"is_daily":false,"chose_seed":false,"campfire_upgraded":6,"win_rate":0,"timestamp":1556406093,"path_taken":["M","?","M","M","?","R","?","R","T","?","E","M","?","E","R","BOSS","M","?","M","M","?","R","E","R","T","?","?","R","?","$","R","BOSS","M","M","?","?","?","R","M","R","T","?","E","M","E","M","R","BOSS","R","$","E","BOSS"],"build_version":"2019-01-23","purchased_purges":1,"victory":true,"max_hp_per_floor":[75,75,75,75,75,75,75,75,75,75,75,75,75,75,75,75,75,75,75,75,75,75,75,75,75,75,75,75,75,75,75,75,75,75,75,75,75,75,75,75,75,75,75,75,89,89,89,89,89,89,89,89,96,96,96],"card_choices":[{"not_picked":["Steam Power","Force Field"],"picked":"Leap","floor":1.0},{"not_picked":["Conserve Battery","Force Field"],"picked":"Glacier","floor":3.0},{"not_picked":["Rip and Tear","Fusion"],"picked":"Glacier","floor":4.0},{"not_picked":["Recycle","Sweeping Beam"],"picked":"Core Surge","floor":11.0},{"not_picked":["Hello World","Chaos"],"picked":"Genetic Algorithm","floor":12.0},{"not_picked":["Compile Driver","Redo"],"picked":"Blizzard","floor":13.0},{"not_picked":["Ball Lightning","Barrage"],"picked":"Cold Snap","floor":14.0},{"not_picked":["Thunder Strike","Buffer"],"picked":"Echo Form","floor":16.0},{"not_picked":["Conserve Battery","Sweeping Beam"],"picked":"Hello World","floor":18.0},{"not_picked":["Stack","Compile Driver"],"picked":"Undo","floor":20.0},{"not_picked":["Gash","Lockon","Sweeping Beam"],"picked":"SKIP","floor":21.0},{"not_picked":["Reprogram","Hello World"],"picked":"White Noise","floor":24.0},{"not_picked":["Reinforced Body","Beam Cell"],"picked":"Glacier","floor":27.0},{"not_picked":["Ball Lightning+1","White Noise"],"picked":"Loop","floor":30.0},{"not_picked":["Electrodynamics","Reboot"],"picked":"Core Surge","floor":33.0},{"not_picked":["Sunder","Beam Cell+1","White Noise"],"picked":"SKIP","floor":35.0},{"not_picked":["Cold Snap","Aggregate"],"picked":"Blizzard","floor":36.0},{"not_picked":["Stack","Cold Snap"],"picked":"Hologram+1","floor":38.0},{"not_picked":["Auto Shields","Go for the Eyes","Sweeping Beam"],"picked":"SKIP","floor":39.0},{"not_picked":["Conserve Battery","Redo"],"picked":"Undo+1","floor":41.0},{"not_picked":["Hologram+1","Chill"],"picked":"Glacier","floor":45.0},{"not_picked":["Recycle","Go for the Eyes+1"],"picked":"Stack+1","floor":46.0},{"not_picked":["Steam","Coolheaded"],"picked":"Core Surge","floor":47.0},{"not_picked":["Compile Driver","Rebound","Go for the Eyes"],"picked":"SKIP","floor":48.0},{"not_picked":["Sweeping Beam","Leap","Redo"],"picked":"SKIP","floor":54}],"player_experience":331058,"relics_obtained":[{"floor":5.0,"key":"Gremlin Horn"},{"floor":11.0,"key":"Orichalcum"},{"floor":14.0,"key":"Ice Cream"},{"floor":19.0,"key":"Nilry\u0027s Codex"},{"floor":24.0,"key":"Dodecahedron"},{"floor":26.0,"key":"Anchor"},{"floor":30.0,"key":"Red Mask"},{"floor":43.0,"key":"Happy Flower"},{"floor":45.0,"key":"Mango"},{"floor":47.0,"key":"Frozen Egg 2"},{"floor":54,"key":"Ginger"}],"event_choices":[{"damage_healed":0.0,"max_hp_gain":0.0,"max_hp_loss":0.0,"gold_gain":0.0,"event_name":"Shining Light","player_choice":"Entered Light","floor":7.0,"gold_loss":0.0,"damage_taken":15.0,"cards_upgraded":["Strike_B","Strike_B"]},{"damage_healed":18.0,"max_hp_gain":0.0,"max_hp_loss":0.0,"gold_gain":0.0,"event_name":"The Cleric","player_choice":"Healed","floor":10.0,"gold_loss":35.0,"damage_taken":0.0},{"damage_healed":0.0,"max_hp_gain":0.0,"max_hp_loss":0.0,"gold_gain":0.0,"event_name":"Cursed Tome","player_choice":"Obtained Book","floor":19.0,"gold_loss":0.0,"damage_taken":16.0},{"damage_healed":0.0,"max_hp_gain":0.0,"max_hp_loss":0.0,"gold_gain":75.0,"event_name":"FaceTrader","player_choice":"Touch","floor":22.0,"gold_loss":0.0,"damage_taken":7.0},{"cards_removed":["Reprogram"],"damage_healed":0.0,"max_hp_gain":0.0,"max_hp_loss":0.0,"gold_gain":0.0,"event_name":"Back to Basics","player_choice":"Elegance","floor":28.0,"gold_loss":0.0,"damage_taken":0.0},{"damage_healed":0.0,"max_hp_gain":0.0,"max_hp_loss":0.0,"gold_gain":0.0,"event_name":"Masked Bandits","player_choice":"Fought Bandits","floor":30.0,"gold_loss":0.0,"damage_taken":0.0},{"damage_healed":0.0,"max_hp_gain":0.0,"max_hp_loss":0.0,"gold_gain":0.0,"event_name":"WeMeetAgain","player_choice":"Gave Potion","floor":37.0,"gold_loss":0.0,"damage_taken":0.0,"relics_obtained":["Mummified Hand"]},{"damage_healed":0.0,"max_hp_gain":0.0,"max_hp_loss":0.0,"gold_gain":222.0,"event_name":"Tomb of Lord Red Mask","player_choice":"Wore Mask","floor":44.0,"gold_loss":0.0,"damage_taken":0.0}],"is_beta":false,"boss_relics":[{"not_picked":["Tiny House","Ectoplasm"],"picked":"Pandora\u0027s Box"},{"not_picked":["Empty Cage","Runic Dome"],"picked":"Snecko Eye"}],"items_purged_floors":[53],"is_endless":false,"potions_floor_spawned":[1,3,11,12,14,30,39,45,47,54],"ascension_level":13}