{"gold_per_floor":[111,131,151,151,151,179,179,205,205,216,227,239,239,50,50,126,126,136,136,136,136,116,146,157,157],"floor_reached":25,"playtime":1082,"items_purged":["Pain"],"score":487,"play_id":"0984568e-42dc-479e-9e0f-6f2f2d207c3f","local_time":"20191002212016","is_ascension_mode":true,"campfire_choices":[{"floor":7,"key":"REST"},{"floor":13,"key":"REST"},{"floor":15,"key":"REST"}],"neow_cost":"NONE","seed_source_timestamp":1886642980837300,"circlet_count":0,"master_deck":["AscendersBane","Defend_B+1","Defend_B+1","Defend_B+1","Defend_B+1","Zap","Dualcast","Machine Learning","Melter","Doom and Gloom","Coolheaded","Coolheaded","Recycle","Glacier","Self Repair+1","Ball Lightning","Buffer+1","Bite","Bite","Bite","Bite","Bite","Coolheaded+1","Undo"],"relics":["Cracked Core","WarpedTongs","Du-Vu Doll","Frozen Egg 2","Incense Burner","Snecko Eye","Gremlin Horn"],"potions_floor_usage":[6,8,10,12],"damage_taken":[{"damage":4,"enemies":"2 Louse","floor":1,"turns":3},{"damage":1,"enemies":"Cultist","floor":2,"turns":3},{"damage":8,"enemies":"Small Slimes","floor":3,"turns":4},{"damage":21,"enemies":"3 Sentries","floor":6,"turns":5},{"damage":13,"enemies":"Lagavulin","floor":8,"turns":7},{"damage":31,"enemies":"Exordium Wildlife","floor":10,"turns":4},{"damage":12,"enemies":"Exordium Thugs","floor":11,"turns":4},{"damage":4,"enemies":"Looter","floor":12,"turns":3},{"damage":28,"enemies":"Slime Boss","floor":16,"turns":7},{"damage":0,"enemies":"Chosen","floor":18,"turns":5},{"damage":20,"enemies":"Slavers","floor":23,"turns":6},{"damage":32,"enemies":"3 Byrds","floor":24,"turns":9},{"damage":71,"enemies":"Book of Stabbing","floor":25,"turns":7}],"seed_played":"3040879543270445772","potions_obtained":[{"floor":1,"key":"Poison Potion"},{"floor":2,"key":"PowerPotion"},{"floor":8,"key":"Fruit Juice"},{"floor":11,"key":"Weak Potion"},{"floor":18,"key":"SteroidPotion"},{"floor":22,"key":"Dexterity Potion"}],"is_trial":false,"path_per_floor":["M","M","M","?","?","E","R","E","T","M","M","M","R","$","R","B",null,"M","$","?","?","?","E","M","E"],"character_chosen":"DEFECT","items_purchased":["Self Repair+1","Ball Lightning"],"campfire_rested":3,"item_purchase_floors":[14,14],"current_hp_per_floor":[60,59,51,56,56,35,57,44,44,18,6,2,26,26,50,32,69,79,79,56,56,56,52,52,0],"gold":157,"neow_bonus":"ONE_RANDOM_RARE_CARD","is_prod":false,"is_daily":false,"chose_seed":false,"campfire_upgraded":0,"win_rate":0,"timestamp":1570076416,"path_taken":["M","M","M","?","?","E","R","E","T","?","M","M","R","?","R","BOSS","M","$","?","?","?","E","?","E"],"build_version":"2019-07-17","purchased_purges":1,"victory":false,"max_hp_per_floor":[71,71,71,76,76,76,76,76,76,81,81,81,81,81,81,81,81,81,81,56,56,56,56,56,56],"card_choices":[{"not_picked":["Stack","Redo"],"picked":"Melter","floor":1},{"not_picked":["Darkness","Rebound"],"picked":"Doom and Gloom","floor":2},{"not_picked":["Gash","Capacitor"],"picked":"Coolheaded","floor":3},{"not_picked":["Sweeping Beam","Streamline"],"picked":"Coolheaded","floor":6},{"not_picked":["White Noise","Gash","Storm"],"picked":"SKIP","floor":8},{"not_picked":["Stack","Steam"],"picked":"Recycle","floor":10},{"not_picked":["Compile Driver","Amplify","Rebound"],"picked":"SKIP","floor":11},{"not_picked":["FTL","Rebound"],"picked":"Glacier","floor":12},{"not_picked":["Amplify","Multi-Cast"],"picked":"Buffer+1","floor":16},{"not_picked":["Reprogram","Aggregate","Conserve Battery"],"picked":"SKIP","floor":18},{"not_picked":["Cold Snap","Turbo"],"picked":"Coolheaded+1","floor":23},{"not_picked":["Stack","Barrage"],"picked":"Undo","floor":24}],"player_experience":814393,"relics_obtained":[{"floor":6,"key":"Du-Vu Doll"},{"floor":8,"key":"Frozen Egg 2"},{"floor":9,"key":"Incense Burner"},{"floor":23,"key":"Gremlin Horn"}],"event_choices":[{"damage_healed":0,"gold_gain":0,"player_choice":"Donut","damage_taken":0,"max_hp_gain":5,"max_hp_loss":0,"event_name":"Big Fish","floor":4,"gold_loss":0},{"damage_healed":0,"gold_gain":0,"player_choice":"Rummage","damage_taken":0,"relics_obtained":["WarpedTongs"],"max_hp_gain":0,"max_hp_loss":0,"event_name":"Accursed Blacksmith","floor":5,"gold_loss":0,"cards_obtained":["Pain"]},{"damage_healed":0,"gold_gain":0,"player_choice":"Became a vampire","damage_taken":0,"max_hp_gain":0,"max_hp_loss":25,"event_name":"Vampires","floor":20,"gold_loss":0,"cards_obtained":["Bite","Bite","Bite","Bite","Bite"]},{"damage_healed":0,"gold_gain":0,"player_choice":"Simplicity","damage_taken":0,"max_hp_gain":0,"max_hp_loss":0,"event_name":"Back to Basics","floor":21,"gold_loss":0,"cards_upgraded":["Defend_B","Defend_B","Defend_B","Defend_B"]},{"damage_healed":0,"gold_gain":0,"player_choice":"Bought 1 Potion","damage_taken":0,"max_hp_gain":0,"max_hp_loss":0,"event_name":"The Woman in Blue","floor":22,"gold_loss":0}],"is_beta":false,"boss_relics":[{"not_picked":["Lizard Tail","White Beast Statue"],"picked":"Snecko Eye"}],"items_purged_floors":[14],"is_endless":false,"potions_floor_spawned":[1,2,8,11,18],"killed_by":"Book of Stabbing","ascension_level":20}