{"gold_per_floor":[19,29,29,39,39,39,50,84,111,111,111,111,111,111,111,206,206,230,214,129,129,129,129,149,174,174,124,139,152,152],"floor_reached":30,"playtime":1438,"items_purged":["Writhe"],"score":460,"play_id":"216f8ef2-949c-4415-882b-28ccbb0b4576","local_time":"20191027123634","is_ascension_mode":true,"campfire_choices":[{"data":"Coolheaded","floor":6.0,"key":"SMITH"},{"data":"Conserve Battery","floor":11.0,"key":"SMITH"},{"floor":13.0,"key":"REST"},{"data":"Leap","floor":15.0,"key":"SMITH"},{"floor":23.0,"key":"REST"}],"neow_cost":"NO_GOLD","seed_source_timestamp":0,"circlet_count":0,"master_deck":["AscendersBane","Strike_B","Strike_B","Strike_B+1","Defend_B","Defend_B","Defend_B","Defend_B","Zap+1","Dualcast","Coolheaded+1","Ball Lightning","Leap+1","FTL+1","Conserve Battery+1","Echo Form","Capacitor","Undo","Conserve Battery+1","Self Repair","BootSequence+1","Glacier","Genetic Algorithm"],"special_seed":0,"relics":["Cracked Core","Calipers","Whetstone","Blood Vial","Golden Idol","Runic Pyramid","Smiling Mask","Boot","Dodecahedron"],"potions_floor_usage":[],"damage_taken":[{"damage":8.0,"enemies":"Small Slimes","floor":1.0,"turns":4.0},{"damage":0.0,"enemies":"2 Louse","floor":2.0,"turns":4.0},{"damage":0.0,"enemies":"Cultist","floor":4.0,"turns":3.0},{"damage":21.0,"enemies":"Exordium Thugs","floor":7.0,"turns":5.0},{"damage":25.0,"enemies":"Gremlin Nob","floor":8.0,"turns":4.0},{"damage":19.0,"enemies":"The Guardian","floor":16.0,"turns":14.0},{"damage":21.0,"enemies":"Shell Parasite","floor":18.0,"turns":5.0},{"damage":17.0,"enemies":"2 Thieves","floor":19.0,"turns":4.0},{"damage":12.0,"enemies":"Snecko","floor":24.0,"turns":7.0},{"damage":13.0,"enemies":"Shelled Parasite and Fungi","floor":25.0,"turns":10.0},{"damage":1,"enemies":"Centurion and Healer","floor":28,"turns":10},{"damage":48,"enemies":"3 Cultists","floor":29,"turns":8},{"damage":25,"enemies":"Cultist and Chosen","floor":30,"turns":5}],"seed_played":"2163702637551177972","potions_obtained":[{"floor":2.0,"key":"Energy Potion"},{"floor":4.0,"key":"Weak Potion"},{"floor":18.0,"key":"PowerPotion"},{"floor":24.0,"key":"LiquidBronze"},{"floor":29,"key":"Dexterity Potion"}],"is_trial":false,"path_per_floor":["M","M","?","M","?","R","M","E","T","?","R","?","R","?","R","B",null,"M","M","?","?","?","R","M","M","T","$","M","M","M"],"character_chosen":"DEFECT","items_purchased":[],"campfire_rested":2,"item_purchase_floors":[],"current_hp_per_floor":[56,56,56,56,49,49,28,3,3,3,3,8,30,30,30,13,60,41,26,26,26,26,48,38,34,34,34,49,17,0],"gold":152,"neow_bonus":"ONE_RARE_RELIC","is_prod":false,"is_daily":false,"chose_seed":false,"campfire_upgraded":3,"win_rate":0,"timestamp":1572204994,"path_taken":["M","M","?","M","?","R","M","E","T","?","R","?","R","?","R","BOSS","M","?","?","?","?","R","M","?","T","$","M","M","M"],"build_version":"2019-07-17","purchased_purges":1,"victory":false,"max_hp_per_floor":[71,71,71,71,71,71,71,71,71,71,71,76,76,76,76,76,76,76,76,76,76,76,76,76,76,76,76,76,76,76],"card_choices":[{"not_picked":["Rebound","Turbo"],"picked":"Coolheaded","floor":1.0},{"not_picked":["Coolheaded","Gash"],"picked":"Ball Lightning","floor":2.0},{"not_picked":["Steam","Hyperbeam"],"picked":"Leap","floor":4.0},{"not_picked":["Aggregate","Hologram"],"picked":"FTL","floor":7.0},{"not_picked":["Heatsinks","Meteor Strike"],"picked":"Conserve Battery","floor":8.0},{"not_picked":["Seek","Thunder Strike"],"picked":"Echo Form","floor":16.0},{"not_picked":["Streamline","Coolheaded"],"picked":"Capacitor","floor":18.0},{"not_picked":["Hello World","Compile Driver+1"],"picked":"Undo","floor":19.0},{"not_picked":["Turbo","Gash"],"picked":"Self Repair","floor":24.0},{"not_picked":["Hello World+1","Stack"],"picked":"BootSequence+1","floor":25.0},{"not_picked":["Rebound","Conserve Battery+1"],"picked":"Glacier","floor":28},{"not_picked":["Tempest","Leap"],"picked":"Genetic Algorithm","floor":29}],"player_experience":904617,"relics_obtained":[{"floor":8.0,"key":"Whetstone"},{"floor":9.0,"key":"Blood Vial"},{"floor":26.0,"key":"Dodecahedron"}],"event_choices":[{"damage_healed":0.0,"max_hp_gain":0.0,"max_hp_loss":0.0,"gold_gain":0.0,"event_name":"Living Wall","player_choice":"Grow","floor":3.0,"gold_loss":0.0,"damage_taken":0.0,"cards_upgraded":["Zap"]},{"cards_removed":["Strike_B"],"damage_healed":0.0,"max_hp_gain":0.0,"max_hp_loss":0.0,"gold_gain":0.0,"event_name":"Golden Wing","player_choice":"Card Removal","floor":5.0,"gold_loss":0.0,"damage_taken":7.0},{"damage_healed":0.0,"max_hp_gain":0.0,"max_hp_loss":0.0,"gold_gain":0.0,"event_name":"Golden Idol","player_choice":"Take Wound","floor":10.0,"gold_loss":0.0,"damage_taken":0.0,"relics_obtained":["Golden Idol"],"cards_obtained":["Injury"]},{"damage_healed":0.0,"max_hp_gain":5.0,"max_hp_loss":0.0,"gold_gain":0.0,"event_name":"Big Fish","player_choice":"Donut","floor":12.0,"gold_loss":0.0,"damage_taken":0.0},{"cards_removed":["Injury"],"damage_healed":0.0,"max_hp_gain":0.0,"max_hp_loss":0.0,"gold_gain":0.0,"event_name":"Fountain of Cleansing","player_choice":"Removed Curses","floor":14.0,"gold_loss":0.0,"damage_taken":0.0},{"damage_healed":0.0,"max_hp_gain":0.0,"max_hp_loss":0.0,"gold_gain":0.0,"event_name":"Addict","player_choice":"Obtained Relic","floor":20.0,"gold_loss":85.0,"damage_taken":0.0,"relics_obtained":["Smiling Mask"]},{"damage_healed":0.0,"max_hp_gain":0.0,"max_hp_loss":0.0,"gold_gain":0.0,"event_name":"The Mausoleum","player_choice":"Opened","floor":21.0,"gold_loss":0.0,"damage_taken":0.0,"relics_obtained":["Boot"],"cards_obtained":["Writhe"]},{"damage_healed":0.0,"max_hp_gain":0.0,"max_hp_loss":0.0,"gold_gain":0.0,"event_name":"Duplicator","player_choice":"Copied","floor":22.0,"gold_loss":0.0,"damage_taken":0.0,"cards_obtained":["Conserve Battery"]}],"is_beta":false,"boss_relics":[{"not_picked":["Empty Cage","Coffee Dripper"],"picked":"Runic Pyramid"}],"items_purged_floors":[27],"is_endless":false,"potions_floor_spawned":[2,4,7,18,24,29],"killed_by":"Cultist and Chosen","ascension_level":20}