{"gold_per_floor":[112,127,146,146,163,163,189,189,189,221,231,245,259,286,286,383,383,398,413,423,274,293,293,318,318,364,394,410,423,438,56,56,157,157,167,186,186,114,130,156,156,183,183,197,525,545,545,545,545,545,545,545,86,118,118],"floor_reached":56,"playtime":4973,"items_purged":["Strike_B","Strike_B","Strike_B"],"score":1529,"play_id":"4135cdcb-85e6-40b6-8b8a-2415a7553098","local_time":"20190329142409","is_ascension_mode":true,"campfire_choices":[{"data":"Defragment","floor":6,"key":"SMITH"},{"data":"Streamline","floor":8,"key":"SMITH"},{"data":"Echo Form","floor":15,"key":"SMITH"},{"data":"Loop","floor":23,"key":"SMITH"},{"data":"Biased Cognition","floor":25,"key":"SMITH"},{"data":"Defragment","floor":32,"key":"SMITH"},{"data":"Coolheaded","floor":41,"key":"SMITH"},{"floor":47,"key":"RECALL"},{"floor":49,"key":"REST"},{"data":"Defragment","floor":52,"key":"SMITH"}],"neow_cost":"NONE","seed_source_timestamp":734267493834266,"circlet_count":0,"master_deck":["Strike_B","Defend_B","Defend_B","Defend_B","Defend_B","Zap","Dualcast","Self Repair","Glacier","Defragment+1","Streamline+1","Self Repair","Rebound","Sweeping Beam","Echo Form+1","Seek","Undo+1","Coolheaded+1","Loop+1","Biased Cognition+1","Glacier","Streamline+1","Defragment+1","Echo Form","Sunder+1","Conserve Battery+1","Self Repair","White Noise+1","Conserve Battery+1","Cold Snap+1","Defragment+1","Go for the Eyes+1","Madness","Madness"],"relics":["Cracked Core","Lantern","Sundial","Letter Opener","Potion Belt","Velvet Choker","Meat on the Bone","PreservedInsect","Kunai","OrangePellets","Sozu","Blue Candle","Bottled Tornado","Molten Egg 2","Old Coin","Bronze Scales","Runic Capacitor","Orichalcum"],"potions_floor_usage":[5,20,24,39,42,55,55,55],"damage_taken":[{"damage":7,"enemies":"Jaw Worm","floor":1,"turns":3},{"damage":0,"enemies":"Cultist","floor":2,"turns":4},{"damage":3,"enemies":"2 Louse","floor":3,"turns":6},{"damage":21,"enemies":"Gremlin Gang","floor":5,"turns":7},{"damage":11,"enemies":"3 Sentries","floor":7,"turns":11},{"damage":23,"enemies":"Gremlin Nob","floor":10,"turns":5},{"damage":8,"enemies":"Large Slime","floor":11,"turns":6},{"damage":11,"enemies":"Looter","floor":12,"turns":2},{"damage":2,"enemies":"Gremlin Gang","floor":13,"turns":6},{"damage":24,"enemies":"3 Sentries","floor":14,"turns":7},{"damage":34,"enemies":"Slime Boss","floor":16,"turns":10},{"damage":20,"enemies":"Chosen","floor":18,"turns":8},{"damage":17,"enemies":"2 Thieves","floor":19,"turns":5},{"damage":0,"enemies":"Sentry and Sphere","floor":20,"turns":7},{"damage":11,"enemies":"Centurion and Healer","floor":22,"turns":7},{"damage":22,"enemies":"Gremlin Leader","floor":24,"turns":9},{"damage":19,"enemies":"Book of Stabbing","floor":27,"turns":9},{"damage":12,"enemies":"Snake Plant","floor":28,"turns":6},{"damage":0,"enemies":"Snecko","floor":29,"turns":4},{"damage":2,"enemies":"Centurion and Healer","floor":30,"turns":8},{"damage":7,"enemies":"Champ","floor":33,"turns":16},{"damage":1,"enemies":"3 Shapes","floor":35,"turns":7},{"damage":12,"enemies":"3 Darklings","floor":36,"turns":9},{"damage":72,"enemies":"Transient","floor":39,"turns":5},{"damage":25,"enemies":"Nemesis","floor":40,"turns":11},{"damage":15,"enemies":"Reptomancer","floor":42,"turns":10},{"damage":0,"enemies":"Sphere and 2 Shapes","floor":44,"turns":7},{"damage":0,"enemies":"Giant Head","floor":45,"turns":13},{"damage":21,"enemies":"3 Darklings","floor":46,"turns":9},{"damage":45,"enemies":"Donu and Deca","floor":50,"turns":16},{"damage":73,"enemies":"Shield and Spear","floor":54,"turns":14},{"damage":29,"enemies":"The Heart","floor":55,"turns":15}],"seed_played":"3260678196334738810","potions_obtained":[{"floor":1,"key":"SpeedPotion"},{"floor":2,"key":"Block Potion"},{"floor":11,"key":"FocusPotion"},{"floor":13,"key":"Dexterity Potion"},{"floor":16,"key":"Energy Potion"},{"floor":19,"key":"Fire Potion"},{"floor":22,"key":"FocusPotion"},{"floor":28,"key":"AttackPotion"},{"floor":29,"key":"Fire Potion"},{"floor":33,"key":"Dexterity Potion"}],"is_trial":false,"path_per_floor":["M","M","M","?","M","R","E","R","T","E","M","M","M","E","R","B",null,"M","M","M","$","M","R","E","R","T","E","M","M","M","$","R","B",null,"M","M","T","$","M","E","R","E","T","M","E","M","R","?","R","B",null,"R","$","E","B",null],"character_chosen":"DEFECT","items_purchased":["Loop","Defragment","OrangePellets","Self Repair","Bronze Scales","Runic Capacitor"],"campfire_rested":1,"item_purchase_floors":[21,31,31,38,53,53],"current_hp_per_floor":[75,82,82,74,60,60,56,56,56,47,53,56,68,51,51,45,73,74,71,82,82,82,82,74,74,74,82,82,82,80,80,80,82,82,82,82,82,82,36,65,65,82,82,82,82,82,82,72,82,77,81,81,81,48,66],"gold":118,"neow_bonus":"TEN_PERCENT_HP_BONUS","is_prod":false,"is_daily":false,"chose_seed":false,"campfire_upgraded":8,"win_rate":0,"timestamp":1553894649,"path_taken":["M","M","M","?","M","R","E","R","T","E","M","M","M","E","R","BOSS","M","M","M","$","M","R","E","R","T","E","M","M","M","?","R","BOSS","M","M","?","$","?","E","R","E","T","M","E","M","R","?","R","BOSS","R","$","E","BOSS"],"build_version":"2019-01-23","purchased_purges":3,"victory":true,"max_hp_per_floor":[82,82,82,82,82,82,82,82,82,82,82,82,82,82,82,82,82,82,82,82,82,82,82,82,82,82,82,82,82,82,82,82,82,82,82,82,82,82,82,82,82,82,82,82,82,82,82,82,82,82,82,82,82,82,82],"card_choices":[{"not_picked":["Barrage","Gash"],"picked":"Self Repair","floor":1},{"not_picked":["Turbo","Go for the Eyes"],"picked":"Glacier","floor":2},{"not_picked":["Leap","Lockon"],"picked":"Defragment","floor":3},{"not_picked":["Leap","Beam Cell"],"picked":"Streamline","floor":5},{"not_picked":["Darkness","Undo"],"picked":"Self Repair","floor":7},{"not_picked":["Machine Learning","Aggregate"],"picked":"Rebound","floor":10},{"not_picked":["Turbo","Force Field"],"picked":"Sweeping Beam","floor":11},{"not_picked":["Turbo","Streamline","Rebound"],"picked":"SKIP","floor":12},{"not_picked":["Skim","FTL","Sweeping Beam"],"picked":"SKIP","floor":13},{"not_picked":["Electrodynamics","Conserve Battery"],"picked":"Echo Form","floor":14},{"not_picked":["Reboot","Machine Learning"],"picked":"Seek","floor":16},{"not_picked":["Go for the Eyes+1","Hologram"],"picked":"Undo+1","floor":18},{"not_picked":["Gash","Stack"],"picked":"Coolheaded","floor":19},{"not_picked":["Compile Driver","Hologram","Auto Shields"],"picked":"SKIP","floor":20},{"not_picked":["Lockon","Hello World","Rebound"],"picked":"SKIP","floor":22},{"not_picked":["Rip and Tear+1","Reprogram+1"],"picked":"Biased Cognition","floor":24},{"not_picked":["Sunder","Aggregate+1"],"picked":"Glacier","floor":27},{"not_picked":["Consume","Double Energy"],"picked":"Streamline+1","floor":28},{"not_picked":["Compile Driver","Hologram","Steam"],"picked":"SKIP","floor":29},{"not_picked":["Go for the Eyes","Leap","Chill"],"picked":"SKIP","floor":30},{"not_picked":["Fission","Hyperbeam"],"picked":"Echo Form","floor":33},{"not_picked":["Chill+1","Beam Cell"],"picked":"Sunder+1","floor":35},{"not_picked":["Cold Snap+1","Storm+1"],"picked":"Conserve Battery+1","floor":36},{"not_picked":["Compile Driver+1","Tempest+1","Auto Shields+1"],"picked":"SKIP","floor":39},{"not_picked":["Rip and Tear","Hello World"],"picked":"White Noise+1","floor":40},{"not_picked":["Sunder+1","Skim+1"],"picked":"Conserve Battery+1","floor":42},{"not_picked":["Turbo","Beam Cell+1"],"picked":"Cold Snap+1","floor":44},{"not_picked":["Sweeping Beam+1","Compile Driver+1"],"picked":"Defragment","floor":45},{"not_picked":["Hologram","Compile Driver+1"],"picked":"Go for the Eyes+1","floor":46},{"not_picked":["Chaos+1","Scrape+1","Electrodynamics"],"picked":"SKIP","floor":54}],"player_experience":87254,"relics_obtained":[{"floor":7,"key":"Lantern"},{"floor":9,"key":"Sundial"},{"floor":10,"key":"Letter Opener"},{"floor":14,"key":"Potion Belt"},{"floor":24,"key":"Meat on the Bone"},{"floor":26,"key":"PreservedInsect"},{"floor":27,"key":"Kunai"},{"floor":40,"key":"Blue Candle"},{"floor":42,"key":"Bottled Tornado"},{"floor":43,"key":"Molten Egg 2"},{"floor":45,"key":"Old Coin"},{"floor":54,"key":"Orichalcum"}],"event_choices":[{"damage_healed":0,"gold_gain":0,"player_choice":"Damaged","damage_taken":8,"max_hp_gain":0,"max_hp_loss":0,"event_name":"Wheel of Change","floor":4,"gold_loss":0},{"damage_healed":0,"gold_gain":0,"player_choice":"Embrace Madness","damage_taken":10,"max_hp_gain":0,"max_hp_loss":0,"event_name":"Winding Halls","floor":48,"gold_loss":0,"cards_obtained":["Madness","Madness"]}],"is_beta":false,"boss_relics":[{"not_picked":["Calling Bell","Eternal Feather"],"picked":"Velvet Choker"},{"not_picked":["Fusion Hammer","Snecko Eye"],"picked":"Sozu"}],"items_purged_floors":[21,31,53],"is_endless":false,"potions_floor_spawned":[1,2,11,13,16,19,22,28,29,33,35,39,40,42,54],"ascension_level":5}