{"gold_per_floor":[110,81,81,95,95,95,124,124,124,124,274,302,214,214,214,214],"floor_reached":16,"playtime":358,"items_purged":[],"score":258,"play_id":"11172d20-74b1-48dd-a04b-29b3c6250dae","local_time":"20190820124707","is_ascension_mode":true,"campfire_choices":[{"data":"Zap","floor":6,"key":"SMITH"},{"floor":8,"key":"REST"},{"data":"Genetic Algorithm","floor":10,"key":"SMITH"},{"floor":15,"key":"REST"}],"neow_cost":"NONE","seed_source_timestamp":527606167208900,"circlet_count":0,"master_deck":["AscendersBane","Strike_B","Strike_B","Strike_B","Defend_B+1","Defend_B","Defend_B+1","Defend_B","Zap+1","Dualcast","Genetic Algorithm+1","Leap","Undo","Compile Driver","Rebound","Conserve Battery","Doubt","Loop+1","Glacier","Chill"],"relics":["Cracked Core","NeowsBlessing","Ancient Tea Set","Dream Catcher","Shuriken","Frozen Egg 2"],"potions_floor_usage":[],"damage_taken":[{"damage":0,"enemies":"Jaw Worm","floor":1,"turns":1},{"damage":0,"enemies":"Cultist","floor":4,"turns":1},{"damage":0,"enemies":"Gremlin Nob","floor":7,"turns":1},{"damage":21,"enemies":"3 Sentries","floor":12,"turns":9},{"damage":53,"enemies":"Slime Boss","floor":16,"turns":11}],"seed_played":"7067330180264210110","potions_obtained":[{"floor":12,"key":"LiquidBronze"}],"is_trial":false,"path_per_floor":["M","$","?","M","?","R","E","R","T","R","?","E","$","?","R","B"],"character_chosen":"DEFECT","items_purchased":["Leap","Glacier"],"campfire_rested":2,"item_purchase_floors":[2,13],"current_hp_per_floor":[64,64,64,64,46,46,46,67,67,67,67,46,46,25,46,0],"gold":214,"neow_bonus":"THREE_ENEMY_KILL","is_prod":false,"is_daily":false,"chose_seed":false,"campfire_upgraded":2,"win_rate":0,"timestamp":1566330427,"path_taken":["M","$","?","?","?","R","E","R","T","R","?","E","?","?","R","BOSS"],"build_version":"2019-07-17","purchased_purges":0,"victory":false,"max_hp_per_floor":[71,71,71,71,71,71,71,71,71,71,71,71,71,71,71,71],"card_choices":[{"not_picked":["Cold Snap","Compile Driver"],"picked":"Genetic Algorithm","floor":1},{"not_picked":["Sweeping Beam","Steam"],"picked":"Compile Driver","floor":4},{"not_picked":["Scrape","Force Field"],"picked":"Rebound","floor":7},{"not_picked":["Recycle","Go for the Eyes"],"picked":"Conserve Battery","floor":8},{"not_picked":["Redo","White Noise"],"picked":"Loop","floor":12},{"not_picked":["Rebound","Blizzard"],"picked":"Chill","floor":15}],"player_experience":736546,"relics_obtained":[{"floor":7,"key":"Dream Catcher"},{"floor":9,"key":"Shuriken"},{"floor":12,"key":"Frozen Egg 2"}],"event_choices":[{"damage_healed":0,"gold_gain":0,"cards_transformed":["Strike_B"],"player_choice":"Transformed","damage_taken":0,"max_hp_gain":0,"max_hp_loss":0,"event_name":"Transmorgrifier","floor":3,"gold_loss":0,"cards_obtained":["Undo"]},{"damage_healed":0,"gold_gain":0,"player_choice":"Success","damage_taken":18,"relics_obtained":["Ancient Tea Set"],"max_hp_gain":0,"max_hp_loss":0,"event_name":"Scrap Ooze","floor":5,"gold_loss":0},{"damage_healed":0,"gold_gain":150,"player_choice":"AGREE","damage_taken":0,"max_hp_gain":0,"max_hp_loss":0,"event_name":"Liars Game","floor":11,"gold_loss":0,"cards_obtained":["Doubt"]},{"damage_healed":0,"gold_gain":0,"player_choice":"Entered Light","damage_taken":21,"max_hp_gain":0,"max_hp_loss":0,"event_name":"Shining Light","floor":14,"gold_loss":0,"cards_upgraded":["Defend_B","Defend_B"]}],"is_beta":false,"boss_relics":[],"items_purged_floors":[],"is_endless":false,"potions_floor_spawned":[12],"killed_by":"Slime Boss","ascension_level":20}