{"gold_per_floor":[17,32,32,51,66,66,101,251,251,286,305,367,327,353,353,428,428,447,457,471,485,194,225,225,251,304,304,319,319,347,347,347,420,420,438,438,449,449,189,200,200],"floor_reached":41,"playtime":2068,"items_purged":["Doubt","Zap"],"score":1092,"play_id":"ecad6ab1-1105-4595-bba7-0ec324cbb480","local_time":"20191022202304","is_ascension_mode":true,"campfire_choices":[{"data":"FTL","floor":6,"key":"SMITH"},{"data":"Go for the Eyes","floor":15,"key":"SMITH"},{"floor":24,"key":"REST"},{"data":"Biased Cognition","floor":27,"key":"SMITH"},{"data":"Defragment","floor":29,"key":"SMITH"},{"floor":32,"key":"REST"}],"neow_cost":"NO_GOLD","seed_source_timestamp":875455288228100,"circlet_count":0,"master_deck":["AscendersBane","Strike_B+1","Strike_B+1","Strike_B+1","Defend_B+1","Defend_B+1","Defend_B+1","Defend_B+1","Dualcast","Biased Cognition+1","Ball Lightning","Glacier","FTL+1","Ball Lightning","Conserve Battery","Go for the Eyes+1","Undo","Cold Snap","Biased Cognition+1","Compile Driver+1","Conserve Battery","Echo Form","Defragment+1","Doom and Gloom","Echo Form","Steam+1","Madness","Madness","Coolheaded"],"relics":["FrozenCore","Kunai","Symbiotic Virus","Darkstone Periapt","Potion Belt","Centennial Puzzle","Lee\u0027s Waffle","Strawberry","Orichalcum","Pen Nib","Peace Pipe","Inserter","Blood Vial"],"potions_floor_usage":[12,12,16,16,28,40],"damage_taken":[{"damage":1,"enemies":"Small Slimes","floor":1,"turns":2},{"damage":2,"enemies":"Jaw Worm","floor":2,"turns":3},{"damage":0,"enemies":"Cultist","floor":4,"turns":3},{"damage":11,"enemies":"3 Louse","floor":5,"turns":3},{"damage":8,"enemies":"Gremlin Nob","floor":7,"turns":3},{"damage":15,"enemies":"Lagavulin","floor":10,"turns":4},{"damage":0,"enemies":"2 Fungi Beasts","floor":11,"turns":3},{"damage":0,"enemies":"Gremlin Nob","floor":12,"turns":4},{"damage":0,"enemies":"Gremlin Nob","floor":14,"turns":3},{"damage":52,"enemies":"Slime Boss","floor":16,"turns":15},{"damage":2,"enemies":"Chosen","floor":18,"turns":4},{"damage":10,"enemies":"2 Thieves","floor":19,"turns":4},{"damage":2,"enemies":"Cultist and Chosen","floor":20,"turns":6},{"damage":9,"enemies":"Shelled Parasite and Fungi","floor":21,"turns":9},{"damage":53,"enemies":"Slavers","floor":23,"turns":7},{"damage":0,"enemies":"Gremlin Leader","floor":25,"turns":7},{"damage":7,"enemies":"Centurion and Healer","floor":28,"turns":8},{"damage":20,"enemies":"Slavers","floor":30,"turns":8},{"damage":3,"enemies":"Champ","floor":33,"turns":19},{"damage":19,"enemies":"3 Shapes","floor":35,"turns":8},{"damage":5,"enemies":"Orb Walker","floor":37,"turns":4},{"damage":19,"enemies":"Transient","floor":40,"turns":6},{"damage":47,"enemies":"Reptomancer","floor":41,"turns":2}],"seed_played":"8613344169113555779","potions_obtained":[{"floor":4,"key":"Explosive Potion"},{"floor":10,"key":"AttackPotion"},{"floor":11,"key":"Regen Potion"},{"floor":12,"key":"LiquidBronze"},{"floor":13,"key":"Poison Potion"},{"floor":13,"key":"FairyPotion"},{"floor":13,"key":"Strength Potion"},{"floor":16,"key":"LiquidBronze"},{"floor":18,"key":"Energy Potion"},{"floor":25,"key":"SneckoOil"},{"floor":30,"key":"Energy Potion"},{"floor":33,"key":"FearPotion"},{"floor":35,"key":"Ancient Potion"}],"is_trial":false,"path_per_floor":["M","M","?","M","M","R","E","?","T","E","M","?","?","E","R","B",null,"M","M","M","M","$","E","R","E","T","R","M","R","E","?","R","B",null,"M","?","M","?","$","M","E"],"character_chosen":"DEFECT","items_purchased":["Lee\u0027s Waffle","Blood Vial"],"campfire_rested":2,"item_purchase_floors":[22,39],"current_hp_per_floor":[63,61,61,61,50,50,42,42,42,27,27,39,39,39,39,3,54,52,42,40,31,78,32,57,57,57,57,50,50,30,30,55,52,77,58,43,38,38,38,21,0],"gold":200,"neow_bonus":"THREE_RARE_CARDS","is_prod":false,"is_daily":false,"chose_seed":false,"campfire_upgraded":4,"win_rate":0,"timestamp":1571800984,"path_taken":["M","M","?","M","M","R","E","?","T","E","M","?","?","E","R","BOSS","M","M","M","M","$","E","R","E","T","R","?","R","E","?","R","BOSS","M","?","M","?","$","M","E"],"build_version":"2019-07-17","purchased_purges":2,"victory":false,"max_hp_per_floor":[71,71,71,71,71,71,71,71,71,71,71,71,71,71,71,71,71,71,71,71,71,78,85,85,85,85,85,85,85,85,85,85,85,85,85,85,85,85,85,85,85],"card_choices":[{"not_picked":["Buffer","Electrodynamics"],"picked":"Biased Cognition","floor":0},{"not_picked":["Cold Snap","Chill"],"picked":"Ball Lightning","floor":1},{"not_picked":["Beam Cell","Doom and Gloom"],"picked":"Glacier","floor":2},{"not_picked":["Stack","Redo","Fusion"],"picked":"SKIP","floor":4},{"not_picked":["Reinforced Body","Creative AI"],"picked":"FTL","floor":5},{"not_picked":["Capacitor","Rebound"],"picked":"Ball Lightning","floor":7},{"not_picked":["Barrage","Consume"],"picked":"Conserve Battery","floor":10},{"not_picked":["Redo","Ball Lightning"],"picked":"Go for the Eyes","floor":11},{"not_picked":["Barrage","Heatsinks"],"picked":"Undo","floor":12},{"not_picked":["Gash","Heatsinks"],"picked":"Cold Snap","floor":14},{"not_picked":["Amplify","Hyperbeam"],"picked":"Biased Cognition","floor":16},{"not_picked":["Fusion","Beam Cell","Scrape+1"],"picked":"SKIP","floor":18},{"not_picked":["Hologram","Rebound"],"picked":"Compile Driver+1","floor":19},{"not_picked":["Cold Snap","Hologram"],"picked":"Conserve Battery","floor":20},{"not_picked":["Recycle","Consume"],"picked":"Echo Form","floor":21},{"not_picked":["Compile Driver","Doom and Gloom","Go for the Eyes"],"picked":"SKIP","floor":23},{"not_picked":["Steam","Scrape","Gash"],"picked":"SKIP","floor":25},{"not_picked":["Heatsinks+1","Leap"],"picked":"Defragment","floor":28},{"not_picked":["Barrage","Steam Power"],"picked":"Doom and Gloom","floor":30},{"not_picked":["Seek","Creative AI"],"picked":"Echo Form","floor":33},{"not_picked":["Streamline","Skim"],"picked":"Steam+1","floor":35},{"not_picked":["Leap","Gash+1"],"picked":"Coolheaded","floor":37},{"not_picked":["Melter","Turbo","Beam Cell"],"picked":"SKIP","floor":40}],"player_experience":884862,"relics_obtained":[{"floor":7,"key":"Kunai"},{"floor":9,"key":"Symbiotic Virus"},{"floor":10,"key":"Darkstone Periapt"},{"floor":12,"key":"Potion Belt"},{"floor":14,"key":"Centennial Puzzle"},{"floor":23,"key":"Strawberry"},{"floor":25,"key":"Orichalcum"},{"floor":26,"key":"Pen Nib"},{"floor":30,"key":"Peace Pipe"}],"event_choices":[{"damage_healed":0,"gold_gain":0,"player_choice":"Grow","damage_taken":0,"max_hp_gain":0,"max_hp_loss":0,"event_name":"Living Wall","floor":3,"gold_loss":0,"cards_upgraded":["Biased Cognition"]},{"damage_healed":0,"gold_gain":150,"player_choice":"AGREE","damage_taken":0,"max_hp_gain":0,"max_hp_loss":0,"event_name":"Liars Game","floor":8,"gold_loss":0,"cards_obtained":["Doubt"]},{"damage_healed":0,"gold_gain":0,"player_choice":"Searched \u00271\u0027 times","damage_taken":0,"max_hp_gain":0,"max_hp_loss":0,"event_name":"Dead Adventurer","floor":12,"gold_loss":0},{"damage_healed":0,"gold_gain":0,"player_choice":"Bought 3 Potions","damage_taken":0,"max_hp_gain":0,"max_hp_loss":0,"event_name":"The Woman in Blue","floor":13,"gold_loss":0},{"damage_healed":0,"gold_gain":0,"player_choice":"Simplicity","damage_taken":0,"max_hp_gain":0,"max_hp_loss":0,"event_name":"Back to Basics","floor":31,"gold_loss":0,"cards_upgraded":["Strike_B","Strike_B","Strike_B","Strike_B","Defend_B","Defend_B","Defend_B","Defend_B"]},{"damage_healed":0,"gold_gain":0,"player_choice":"Embrace Madness","damage_taken":15,"max_hp_gain":0,"max_hp_loss":0,"event_name":"Winding Halls","floor":36,"gold_loss":0,"cards_obtained":["Madness","Madness"]},{"cards_removed":["Strike_B"],"damage_healed":0,"gold_gain":0,"player_choice":"Purged","damage_taken":0,"max_hp_gain":0,"max_hp_loss":0,"event_name":"Purifier","floor":38,"gold_loss":0}],"is_beta":false,"boss_relics":[{"not_picked":["Runic Dome","Tiny House"],"picked":"FrozenCore"},{"not_picked":["Orrery","Busted Crown"],"picked":"Inserter"}],"items_purged_floors":[22,39],"is_endless":false,"potions_floor_spawned":[4,10,11,12,16,18,25,30,33,35],"killed_by":"Reptomancer","ascension_level":20}