{"gold_per_floor":[114,131,131,150,2,2,32,44,44,119,119,219,245,261,261,364,364,380,393,247,264,264,264,0,12,12,12,26,26,26,37,37,136,136,154,164,0,0,0,100,100,112,139,139,150,150,50,130,130,130],"floor_reached":51,"playtime":2602,"items_purged":["Strike_P","Parasite"],"score":743,"play_id":"021b0673-70be-4d84-a749-babb5b8887b7","local_time":"20190914234053","is_ascension_mode":true,"campfire_choices":[{"data":"Consecrate","floor":6.0,"key":"SMITH"},{"floor":15.0,"key":"REST"},{"data":"DevaForm","floor":23.0,"key":"SMITH"},{"floor":29.0,"key":"REST"},{"data":"Establishment","floor":32.0,"key":"SMITH"},{"data":"Prostrate","floor":41,"key":"SMITH"},{"floor":44,"key":"REST"},{"data":"Devotion","floor":49,"key":"SMITH"}],"neow_cost":"NONE","seed_source_timestamp":76472444309000,"circlet_count":0,"master_deck":["Strike_P+1","Strike_P","Strike_P","Defend_P","Defend_P","Defend_P+1","Defend_P","Eruption","Vigilance+1","Consecrate+1","Devotion","Devotion+1","Prostrate+1","MasterReality","DevaForm+1","CutThroughFate+1","EmptyMind+1","Establishment+1","Ragnarok+1"],"special_seed":0,"relics":["Sozu","PreservedInsect","Lizard Tail","Mummified Hand","Pantograph","Black Star","Molten Egg 2","Snecko Eye","Red Mask","Ginger","Potion Belt","Meat on the Bone"],"potions_floor_usage":[],"damage_taken":[{"damage":0.0,"enemies":"Jaw Worm","floor":1.0,"turns":3.0},{"damage":7.0,"enemies":"Small Slimes","floor":2.0,"turns":3.0},{"damage":0.0,"enemies":"Cultist","floor":4.0,"turns":2.0},{"damage":0.0,"enemies":"Gremlin Nob","floor":7.0,"turns":3.0},{"damage":0.0,"enemies":"Exordium Wildlife","floor":8.0,"turns":2.0},{"damage":9.0,"enemies":"3 Sentries","floor":13.0,"turns":6.0},{"damage":8.0,"enemies":"Large Slime","floor":14.0,"turns":4.0},{"damage":51.0,"enemies":"Hexaghost","floor":16.0,"turns":10.0},{"damage":7.0,"enemies":"Spheric Guardian","floor":18.0,"turns":4.0},{"damage":1.0,"enemies":"3 Byrds","floor":19.0,"turns":6.0},{"damage":14.0,"enemies":"Snake Plant","floor":21.0,"turns":6.0},{"damage":6.0,"enemies":"Sentry and Sphere","floor":25.0,"turns":6.0},{"damage":0.0,"enemies":"Shelled Parasite and Fungi","floor":28.0,"turns":5.0},{"damage":0.0,"enemies":"Snecko","floor":31.0,"turns":6.0},{"damage":30.0,"enemies":"Champ","floor":33.0,"turns":10.0},{"damage":19.0,"enemies":"3 Shapes","floor":35.0,"turns":3.0},{"damage":1,"enemies":"3 Darklings","floor":36,"turns":4},{"damage":0,"enemies":"Mind Bloom Boss Battle","floor":40,"turns":4},{"damage":40,"enemies":"Writhing Mass","floor":42,"turns":5},{"damage":6,"enemies":"Maw","floor":45,"turns":5},{"damage":12,"enemies":"Donu and Deca","floor":50,"turns":6}],"seed_played":"-7111711962527144627","potions_obtained":[],"is_trial":false,"path_per_floor":["M","M","?","M","$","R","E","M","T","?","?","?","E","M","R","B",null,"M","M","$","M","?","R","?","M","T","$","M","R","$","M","R","B",null,"M","M","?","?","?","?","R","M","T","R","M","?","$","T","R","B",null],"character_chosen":"WATCHER","items_purchased":["PreservedInsect","DevaForm"],"campfire_rested":3,"item_purchase_floors":[5,20],"current_hp_per_floor":[65,58,45,45,45,45,45,45,45,34,34,34,25,17,36,10,65,58,57,57,43,32,32,32,26,26,26,26,47,47,47,47,40,70,51,50,50,50,50,66,66,26,26,45,39,39,39,39,39,51],"gold":130,"neow_bonus":"BOSS_RELIC","is_prod":false,"is_daily":false,"chose_seed":false,"campfire_upgraded":5,"win_rate":0,"timestamp":1568497253,"path_taken":["M","M","?","M","$","R","E","M","T","?","?","?","E","M","R","BOSS","M","?","$","M","?","R","?","M","T","$","?","R","$","M","R","BOSS","M","M","?","?","?","?","R","M","T","R","M","?","$","?","R","BOSS"],"build_version":"2019-09-12","purchased_purges":2,"victory":true,"max_hp_per_floor":[65,65,65,65,65,65,65,65,65,65,65,65,65,65,65,65,65,65,65,65,65,70,70,70,70,70,70,70,70,70,70,70,70,70,70,70,70,70,66,66,66,66,66,66,66,66,63,63,63,63],"card_choices":[{"not_picked":["Scrawl","ThirdEye"],"picked":"Consecrate","floor":1.0},{"not_picked":["EmptyBody","BowlingBash"],"picked":"Devotion","floor":2.0},{"not_picked":["PathToVictory","CleanseEvil","Evaluate"],"picked":"SKIP","floor":4.0},{"not_picked":["StepAndStrike","Meditate","ThirdEye"],"picked":"SKIP","floor":7.0},{"not_picked":["Collect","EmptyMind"],"picked":"Devotion","floor":8.0},{"not_picked":["FearNoEvil","Halt","JustLucky"],"picked":"SKIP","floor":13.0},{"not_picked":["FollowUp","MentalFortress"],"picked":"Prostrate","floor":14.0},{"not_picked":["Blasphemy","FlowState"],"picked":"MasterReality","floor":16.0},{"not_picked":["Vengeance","FollowUp+1","SpiritShield+1"],"picked":"SKIP","floor":18.0},{"not_picked":["Establishment","Weave","WreathOfFlame+1"],"picked":"SKIP","floor":19.0},{"not_picked":["EmptyBody","Pray"],"picked":"CutThroughFate+1","floor":21.0},{"not_picked":["WaveOfTheHand","FearNoEvil"],"picked":"EmptyMind+1","floor":25.0},{"not_picked":["CutThroughFate+1","DeceiveReality","MentalFortress"],"picked":"SKIP","floor":28.0},{"not_picked":["EmptyMind","WreathOfFlame+1"],"picked":"Establishment","floor":31.0},{"not_picked":["Metaphysics","BattleHymn"],"picked":"Ragnarok+1","floor":33.0},{"not_picked":["FearNoEvil+1","CutThroughFate+1","EmptyMind"],"picked":"SKIP","floor":35.0},{"not_picked":["ClearTheMind","Sanctity","PathToVictory+1"],"picked":"SKIP","floor":36},{"not_picked":["FollowUp+1","JustLucky+1","EmptyFist+1"],"picked":"SKIP","floor":42},{"not_picked":["Crescendo+1","Adaptation","Fasting"],"picked":"SKIP","floor":45}],"player_experience":452422,"relics_obtained":[{"floor":7.0,"key":"Lizard Tail"},{"floor":9.0,"key":"Mummified Hand"},{"floor":13.0,"key":"Pantograph"},{"floor":26.0,"key":"Molten Egg 2"},{"floor":40,"key":"Ginger"},{"floor":43,"key":"Potion Belt"},{"floor":48,"key":"Meat on the Bone"}],"event_choices":[{"damage_healed":0.0,"max_hp_gain":0.0,"max_hp_loss":0.0,"gold_gain":0.0,"event_name":"Shining Light","player_choice":"Entered Light","floor":3.0,"gold_loss":0.0,"damage_taken":13.0,"cards_upgraded":["Defend_P","Strike_P"]},{"damage_healed":0.0,"max_hp_gain":0.0,"max_hp_loss":0.0,"gold_gain":75.0,"event_name":"World of Goop","player_choice":"Gather Gold","floor":10.0,"gold_loss":0.0,"damage_taken":11.0},{"damage_healed":0.0,"max_hp_gain":0.0,"max_hp_loss":0.0,"gold_gain":0.0,"event_name":"Living Wall","player_choice":"Grow","floor":11.0,"gold_loss":0.0,"damage_taken":0.0,"cards_upgraded":["Vigilance"]},{"damage_healed":0.0,"max_hp_gain":0.0,"max_hp_loss":0.0,"gold_gain":100.0,"event_name":"Golden Shrine","player_choice":"Pray","floor":12.0,"gold_loss":0.0,"damage_taken":0.0},{"damage_healed":0.0,"max_hp_gain":5.0,"max_hp_loss":0.0,"gold_gain":0.0,"event_name":"Forgotten Altar","player_choice":"Shed Blood","floor":22.0,"gold_loss":0.0,"damage_taken":16.0},{"damage_healed":0.0,"max_hp_gain":0.0,"max_hp_loss":0.0,"gold_gain":0.0,"event_name":"Masked Bandits","player_choice":"Paid Fearfully","floor":24.0,"gold_loss":264.0,"damage_taken":0.0},{"damage_healed":0,"gold_gain":0,"player_choice":"Paid","damage_taken":0,"relics_obtained":["Red Mask"],"max_hp_gain":0,"max_hp_loss":0,"event_name":"Tomb of Lord Red Mask","floor":37,"gold_loss":164},{"damage_healed":0,"gold_gain":0,"player_choice":"Ignored","damage_taken":0,"max_hp_gain":0,"max_hp_loss":0,"event_name":"Mysterious Sphere","floor":38,"gold_loss":0},{"damage_healed":0,"gold_gain":0,"player_choice":"Max HP","damage_taken":0,"max_hp_gain":0,"max_hp_loss":4,"event_name":"Winding Halls","floor":39,"gold_loss":0},{"damage_healed":0,"gold_gain":0,"player_choice":"Fight","damage_taken":0,"max_hp_gain":0,"max_hp_loss":0,"event_name":"MindBloom","floor":40,"gold_loss":0},{"damage_healed":0,"gold_gain":0,"player_choice":"Memory 1","damage_taken":0,"max_hp_gain":0,"max_hp_loss":0,"event_name":"SensoryStone","floor":46,"gold_loss":0}],"is_beta":true,"boss_relics":[{"not_picked":["Cursed Key","Astrolabe"],"picked":"Black Star"},{"not_picked":["VioletLotus","Busted Crown"],"picked":"Snecko Eye"}],"items_purged_floors":[20,47],"is_endless":false,"potions_floor_spawned":[4,8,13,14,21,25,28,36,40,45],"ascension_level":2}