{"gold_per_floor":[117,192,48,58,74,74,108,121,121,136,136,163,163,174,174,174],"floor_reached":16,"playtime":683,"items_purged":[],"score":112,"play_id":"901f16f4-581a-4324-b589-f1531de503c0","local_time":"20191020115736","is_ascension_mode":false,"campfire_choices":[{"data":"Sweeping Beam","floor":6,"key":"SMITH"},{"data":"Conserve Battery","floor":11,"key":"SMITH"},{"floor":15,"key":"REST"}],"neow_cost":"NONE","seed_source_timestamp":905879960074900,"circlet_count":0,"master_deck":["Strike_B","Strike_B","Strike_B","Defend_B","Defend_B","Defend_B","Defend_B","Zap","Dualcast","Compile Driver","Sweeping Beam+1","Coolheaded","Self Repair","Conserve Battery+1","Redo","Undo","Cold Snap"],"relics":["Cracked Core","Oddly Smooth Stone","Letter Opener","Blue Candle","Singing Bowl"],"potions_floor_usage":[12],"damage_taken":[{"damage":0,"enemies":"Small Slimes","floor":1,"turns":3},{"damage":1,"enemies":"Jaw Worm","floor":4,"turns":4},{"damage":0,"enemies":"Cultist","floor":5,"turns":3},{"damage":27,"enemies":"3 Sentries","floor":7,"turns":5},{"damage":11,"enemies":"2 Fungi Beasts","floor":8,"turns":3},{"damage":10,"enemies":"Blue Slaver","floor":10,"turns":3},{"damage":19,"enemies":"Lagavulin","floor":12,"turns":5},{"damage":0,"enemies":"Exordium Thugs","floor":14,"turns":4},{"damage":54,"enemies":"Slime Boss","floor":16,"turns":10}],"seed_played":"-6246722859299352148","potions_obtained":[{"floor":4,"key":"EssenceOfSteel"},{"floor":5,"key":"Ancient Potion"},{"floor":7,"key":"EssenceOfSteel"}],"is_trial":false,"path_per_floor":["M","?","$","M","M","R","E","M","T","M","R","E","?","M","R","B"],"character_chosen":"DEFECT","items_purchased":["Oddly Smooth Stone"],"campfire_rested":1,"item_purchase_floors":[3],"current_hp_per_floor":[75,64,64,63,63,63,43,39,39,36,36,24,24,31,53,0],"gold":174,"neow_bonus":"TRANSFORM_CARD","is_prod":false,"is_daily":false,"chose_seed":false,"campfire_upgraded":2,"win_rate":0,"timestamp":1571587056,"path_taken":["M","?","$","M","M","R","E","M","T","M","R","E","?","M","R","BOSS"],"build_version":"2019-07-17","purchased_purges":0,"victory":false,"max_hp_per_floor":[75,75,75,75,75,75,75,75,75,75,75,75,75,75,75,75],"card_choices":[{"not_picked":["Compile Driver","Leap"],"picked":"Sweeping Beam","floor":1},{"not_picked":["Static Discharge","Leap"],"picked":"Coolheaded","floor":4},{"not_picked":["Sweeping Beam","Barrage"],"picked":"Self Repair","floor":5},{"not_picked":["Cold Snap","Coolheaded"],"picked":"Conserve Battery","floor":7},{"not_picked":["Capacitor","Storm"],"picked":"Redo","floor":8},{"not_picked":["Chaos","Leap","Gash"],"picked":"SKIP","floor":10},{"not_picked":["Barrage","Turbo"],"picked":"Undo","floor":12},{"not_picked":["Rebound","Reprogram"],"picked":"Cold Snap","floor":14}],"player_experience":441517,"relics_obtained":[{"floor":7,"key":"Letter Opener"},{"floor":9,"key":"Blue Candle"},{"floor":12,"key":"Singing Bowl"}],"event_choices":[{"damage_healed":0,"gold_gain":75,"player_choice":"Gather Gold","damage_taken":11,"max_hp_gain":0,"max_hp_loss":0,"event_name":"World of Goop","floor":2,"gold_loss":0},{"damage_healed":0,"gold_gain":0,"player_choice":"Ignored","damage_taken":0,"max_hp_gain":0,"max_hp_loss":0,"event_name":"Liars Game","floor":13,"gold_loss":0}],"is_beta":false,"boss_relics":[],"items_purged_floors":[],"is_endless":false,"potions_floor_spawned":[4,5,7],"killed_by":"Slime Boss","ascension_level":0}