{"gold_per_floor":[117,135,135,155,167,167,199,214,214,364,364,374,138,113,113,191,191,161,31,31,41,41,41,67,85,137,137,137],"floor_reached":28,"playtime":916,"items_purged":["Doubt"],"score":480,"play_id":"626df81c-9c91-42a2-9a21-5fa556b9b1c3","local_time":"20191013185523","is_ascension_mode":true,"campfire_choices":[{"data":"Zap","floor":6,"key":"SMITH"},{"data":"Defragment","floor":11,"key":"SMITH"},{"floor":15,"key":"REST"},{"data":"Go for the Eyes","floor":23,"key":"SMITH"},{"floor":27,"key":"REST"}],"neow_cost":"NONE","seed_source_timestamp":93714867225200,"circlet_count":0,"master_deck":["AscendersBane","Strike_B+1","Strike_B+1","Strike_B+1","Strike_B+1","Defend_B+1","Defend_B+1","Defend_B+1","Defend_B+1","Zap+1","Dualcast","Compile Driver","Auto Shields+1","Ball Lightning","Defragment+1","Go for the Eyes","Conserve Battery","Capacitor","Go for the Eyes+1","Conserve Battery","Echo Form","Gash+1","Melter"],"relics":["Cracked Core","NeowsBlessing","Anchor","Shuriken","Eternal Feather","Tiny Chest","MutagenicStrength","Singing Bowl","Bag of Marbles"],"potions_floor_usage":[7,12,24,28],"damage_taken":[{"damage":0,"enemies":"Small Slimes","floor":1,"turns":1},{"damage":0,"enemies":"2 Louse","floor":2,"turns":1},{"damage":0,"enemies":"Jaw Worm","floor":4,"turns":1},{"damage":0,"enemies":"Red Slaver","floor":5,"turns":3},{"damage":30,"enemies":"Lagavulin","floor":7,"turns":6},{"damage":3,"enemies":"Blue Slaver","floor":8,"turns":2},{"damage":0,"enemies":"3 Louse","floor":12,"turns":2},{"damage":6,"enemies":"Exordium Thugs","floor":14,"turns":4},{"damage":17,"enemies":"The Guardian","floor":16,"turns":10},{"damage":17,"enemies":"2 Thieves","floor":18,"turns":4},{"damage":11,"enemies":"Spheric Guardian","floor":21,"turns":4},{"damage":23,"enemies":"Slavers","floor":24,"turns":5},{"damage":10,"enemies":"Snake Plant","floor":25,"turns":4},{"damage":44,"enemies":"Gremlin Leader","floor":28,"turns":4}],"seed_played":"-5653594895948858115","potions_obtained":[{"floor":1,"key":"Poison Potion"},{"floor":2,"key":"Swift Potion"},{"floor":5,"key":"Explosive Potion"},{"floor":7,"key":"SpeedPotion"},{"floor":21,"key":"SteroidPotion"},{"floor":24,"key":"FearPotion"}],"is_trial":false,"path_per_floor":["M","M","?","M","M","R","E","M","T","?","R","M","$","M","R","B",null,"M","$","?","M","?","R","E","M","T","R","E"],"character_chosen":"DEFECT","items_purchased":["Conserve Battery","Capacitor","Go for the Eyes","Tiny Chest"],"campfire_rested":2,"item_purchase_floors":[13,13,13,19],"current_hp_per_floor":[64,64,43,43,43,43,13,10,10,10,10,10,10,4,25,8,55,38,38,38,27,27,39,18,10,10,44,0],"gold":137,"neow_bonus":"THREE_ENEMY_KILL","is_prod":false,"is_daily":false,"chose_seed":false,"campfire_upgraded":3,"win_rate":0,"timestamp":1571018123,"path_taken":["M","M","?","M","M","R","E","M","T","?","R","M","$","?","R","BOSS","M","?","?","M","?","R","E","M","T","R","E"],"build_version":"2019-07-17","purchased_purges":1,"victory":false,"max_hp_per_floor":[71,71,71,71,71,71,71,71,71,71,71,71,71,71,71,71,71,71,71,71,71,71,71,73,75,75,75,75],"card_choices":[{"not_picked":["Beam Cell","Steam Power"],"picked":"Compile Driver","floor":1},{"not_picked":["Rebound","Skim"],"picked":"Auto Shields","floor":2},{"not_picked":["Auto Shields","Coolheaded","Stack"],"picked":"SKIP","floor":4},{"not_picked":["Gash","Streamline"],"picked":"Ball Lightning","floor":5},{"not_picked":["BootSequence","Heatsinks","Hello World"],"picked":"SKIP","floor":7},{"not_picked":["Cold Snap","Core Surge"],"picked":"Defragment","floor":8},{"not_picked":["Rebound","Aggregate"],"picked":"Go for the Eyes","floor":12},{"not_picked":["White Noise","Cold Snap"],"picked":"Conserve Battery","floor":14},{"not_picked":["Rainbow","Creative AI"],"picked":"Echo Form","floor":16},{"not_picked":["Go for the Eyes","Rebound"],"picked":"Gash+1","floor":18},{"not_picked":["Sunder","Capacitor"],"picked":"Melter","floor":21},{"not_picked":["Coolheaded","Leap+1","Buffer"],"picked":"Singing Bowl","floor":24},{"not_picked":["Barrage","Chill","Steam Power"],"picked":"Singing Bowl","floor":25}],"player_experience":852284,"relics_obtained":[{"floor":7,"key":"Anchor"},{"floor":9,"key":"Shuriken"},{"floor":24,"key":"Singing Bowl"},{"floor":26,"key":"Bag of Marbles"}],"event_choices":[{"damage_healed":0,"gold_gain":0,"player_choice":"Entered Light","damage_taken":21,"max_hp_gain":0,"max_hp_loss":0,"event_name":"Shining Light","floor":3,"gold_loss":0,"cards_upgraded":["Strike_B","Auto Shields"]},{"damage_healed":0,"gold_gain":150,"player_choice":"AGREE","damage_taken":0,"max_hp_gain":0,"max_hp_loss":0,"event_name":"Liars Game","floor":10,"gold_loss":0,"cards_obtained":["Doubt"]},{"damage_healed":0,"gold_gain":0,"player_choice":"Simplicity","damage_taken":0,"max_hp_gain":0,"max_hp_loss":0,"event_name":"Back to Basics","floor":20,"gold_loss":0,"cards_upgraded":["Strike_B","Strike_B","Strike_B","Defend_B","Defend_B","Defend_B","Defend_B"]},{"damage_healed":0,"gold_gain":0,"player_choice":"Inject Mutagens","damage_taken":0,"relics_obtained":["MutagenicStrength"],"max_hp_gain":0,"max_hp_loss":0,"event_name":"Drug Dealer","floor":22,"gold_loss":0}],"is_beta":false,"boss_relics":[{"not_picked":["Busted Crown","White Beast Statue"],"picked":"Eternal Feather"}],"items_purged_floors":[13],"is_endless":false,"potions_floor_spawned":[1,2,5,7,21,24,25],"killed_by":"Gremlin Leader","ascension_level":20}