{"gold_per_floor":[116,132,162,134,148,31,31,56,108,108,108,127,127,144,144,221,221,236,236,250,250,250,250,250],"floor_reached":24,"playtime":31566,"items_purged":[],"score":388,"play_id":"66b2b5bb-9ab2-44c7-a4c7-181f4233b672","local_time":"20190830213141","is_ascension_mode":true,"campfire_choices":[{"data":"Defragment","floor":7,"key":"SMITH"},{"data":"Capacitor","floor":11,"key":"SMITH"},{"data":"Electrodynamics","floor":13,"key":"SMITH"},{"data":"Conserve Battery","floor":15,"key":"SMITH"},{"floor":23,"key":"REST"}],"neow_cost":"NONE","seed_source_timestamp":1338604416832800,"circlet_count":0,"master_deck":["AscendersBane","Strike_B","Strike_B","Strike_B","Strike_B","Defend_B","Defend_B","Defend_B","Defend_B","Zap","Dualcast","Defragment+1","Cold Snap","Rebound","Cold Snap","Capacitor+1","Conserve Battery+1","Electrodynamics+1","Sweeping Beam","Self Repair","Electrodynamics","Sunder","Cold Snap"],"relics":["FrozenCore","Dream Catcher","Tiny Chest","Bag of Preparation","Pen Nib","Pear","Nilry\u0027s Codex"],"potions_floor_usage":[16,24],"damage_taken":[{"damage":3,"enemies":"2 Louse","floor":1,"turns":2},{"damage":0,"enemies":"Cultist","floor":2,"turns":3},{"damage":3,"enemies":"Jaw Worm","floor":5,"turns":4},{"damage":16,"enemies":"3 Sentries","floor":8,"turns":8},{"damage":4,"enemies":"3 Louse","floor":12,"turns":2},{"damage":0,"enemies":"2 Fungi Beasts","floor":14,"turns":3},{"damage":20,"enemies":"Hexaghost","floor":16,"turns":8},{"damage":3,"enemies":"Shell Parasite","floor":18,"turns":10},{"damage":23,"enemies":"3 Byrds","floor":20,"turns":5},{"damage":38,"enemies":"Book of Stabbing","floor":24,"turns":10}],"seed_played":"-7154991847497910194","potions_obtained":[{"floor":1,"key":"AttackPotion"},{"floor":12,"key":"PowerPotion"},{"floor":14,"key":"PowerPotion"},{"floor":18,"key":"Energy Potion"}],"is_trial":false,"path_per_floor":["M","M","?","$","M","$","R","E","T","T","R","M","R","M","R","B",null,"M","?","M","?","$","R","E"],"character_chosen":"DEFECT","items_purchased":["Rebound","Capacitor","Conserve Battery"],"campfire_rested":1,"item_purchase_floors":[4,6,6],"current_hp_per_floor":[61,61,61,61,58,58,58,42,42,52,52,48,48,48,48,35,70,74,51,28,7,7,32,0],"gold":250,"neow_bonus":"RANDOM_COMMON_RELIC","is_prod":false,"is_daily":false,"chose_seed":false,"campfire_upgraded":4,"win_rate":0,"timestamp":1567225901,"path_taken":["M","M","?","$","?","?","R","E","T","?","R","M","R","M","R","BOSS","M","?","M","?","$","R","E"],"build_version":"2019-07-17","purchased_purges":0,"victory":false,"max_hp_per_floor":[71,71,71,71,71,71,71,71,71,81,81,81,81,81,81,81,81,81,86,86,86,86,86,86],"card_choices":[{"not_picked":["Force Field","Steam"],"picked":"Defragment","floor":1},{"not_picked":["Loop","Redo"],"picked":"Cold Snap","floor":2},{"not_picked":["Coolheaded","Leap"],"picked":"Cold Snap","floor":5},{"not_picked":["Barrage","Turbo"],"picked":"Electrodynamics","floor":8},{"not_picked":["Turbo","Compile Driver"],"picked":"Sweeping Beam","floor":12},{"not_picked":["Auto Shields","Aggregate"],"picked":"Self Repair","floor":14},{"not_picked":["Meteor Strike","Multi-Cast"],"picked":"Electrodynamics","floor":16},{"not_picked":["Redo","Ball Lightning"],"picked":"Sunder","floor":18},{"not_picked":["Rebound","Steam Power+1"],"picked":"Cold Snap","floor":20}],"player_experience":760309,"relics_obtained":[{"floor":8,"key":"Bag of Preparation"},{"floor":9,"key":"Pen Nib"},{"floor":10,"key":"Pear"},{"floor":21,"key":"Nilry\u0027s Codex"}],"event_choices":[{"damage_healed":0,"gold_gain":0,"player_choice":"Gave Potion","damage_taken":0,"relics_obtained":["Tiny Chest"],"max_hp_gain":0,"max_hp_loss":0,"event_name":"WeMeetAgain","floor":3,"gold_loss":0},{"damage_healed":0,"gold_gain":0,"player_choice":"Shed Blood","damage_taken":28,"max_hp_gain":5,"max_hp_loss":0,"event_name":"Forgotten Altar","floor":19,"gold_loss":0},{"damage_healed":0,"gold_gain":0,"player_choice":"Obtained Book","damage_taken":21,"max_hp_gain":0,"max_hp_loss":0,"event_name":"Cursed Tome","floor":21,"gold_loss":0}],"is_beta":false,"boss_relics":[{"not_picked":["Ectoplasm","Busted Crown"],"picked":"FrozenCore"}],"items_purged_floors":[],"is_endless":false,"potions_floor_spawned":[1,12,14,18],"killed_by":"Book of Stabbing","ascension_level":20}