{"gold_per_floor":[123,151,173,199,224,236,281,293],"floor_reached":8,"playtime":385,"items_purged":[],"score":90,"play_id":"e80ec61d-7036-4428-bf4e-6f2274034e14","local_time":"20190420004559","is_ascension_mode":true,"campfire_choices":[{"floor":6.0,"key":"REST"}],"neow_cost":"NONE","seed_source_timestamp":391478462184800,"circlet_count":0,"master_deck":["AscendersBane","Defend_G","Defend_G","Defend_G","Defend_G","Defend_G","Strike_G","Strike_G","Strike_G","Strike_G","Strike_G","Survivor","Neutralize","Noxious Fumes"],"special_seed":0,"relics":["Ring of the Snake","MawBank","Mummified Hand"],"potions_floor_usage":[7],"damage_taken":[{"damage":0.0,"enemies":"Cultist","floor":1.0,"turns":5.0},{"damage":5.0,"enemies":"Jaw Worm","floor":2.0,"turns":6.0},{"damage":4.0,"enemies":"2 Louse","floor":3.0,"turns":2.0},{"damage":8.0,"enemies":"Blue Slaver","floor":4.0,"turns":6.0},{"damage":13.0,"enemies":"Large Slime","floor":5.0,"turns":14.0},{"damage":45,"enemies":"Gremlin Nob","floor":7,"turns":6},{"damage":0,"enemies":"Gremlin Gang","floor":8,"turns":1}],"seed_played":"-8591972883431519181","potions_obtained":[{"floor":2.0,"key":"SpeedPotion"},{"floor":3.0,"key":"Weak Potion"},{"floor":5.0,"key":"Ancient Potion"}],"is_trial":false,"path_per_floor":["M","M","M","M","M","R","E","M"],"character_chosen":"THE_SILENT","items_purchased":[],"campfire_rested":1,"item_purchase_floors":[],"current_hp_per_floor":[63,58,54,46,33,54,9,9],"gold":293,"neow_bonus":"RANDOM_COMMON_RELIC","is_prod":false,"is_daily":false,"chose_seed":false,"campfire_upgraded":0,"win_rate":0,"timestamp":1555713959,"path_taken":["M","?","M","M","M","R","E","M"],"build_version":"2019-01-23","purchased_purges":0,"victory":false,"max_hp_per_floor":[70,70,70,70,70,70,70,70],"card_choices":[{"not_picked":["Backflip","Flechettes","Setup"],"picked":"SKIP","floor":1.0},{"not_picked":["Prepared","Deflect","Sucker Punch"],"picked":"SKIP","floor":2.0},{"not_picked":["Flying Knee","Blur","Deflect"],"picked":"SKIP","floor":3.0},{"not_picked":["Underhanded Strike","Dodge and Roll","Dagger Throw"],"picked":"SKIP","floor":4.0},{"not_picked":["Poisoned Stab","Dodge and Roll","Quick Slash"],"picked":"SKIP","floor":5.0},{"not_picked":["Calculated Gamble","Acrobatics"],"picked":"Noxious Fumes","floor":7}],"player_experience":429676,"relics_obtained":[{"floor":7,"key":"Mummified Hand"}],"event_choices":[],"is_beta":false,"boss_relics":[],"items_purged_floors":[],"is_endless":false,"potions_floor_spawned":[2,3,5],"killed_by":"Gremlin Gang","ascension_level":10}