{"gold_per_floor":[118,37,57,207,207,207,240,240,240,263,9,24,41,73,73,73],"floor_reached":16,"playtime":362,"items_purged":["Doubt"],"score":266,"play_id":"e6cd98ca-fe79-4790-aa35-e3f124ef05d2","local_time":"20191022194821","is_ascension_mode":true,"campfire_choices":[{"data":"Streamline","floor":6,"key":"SMITH"},{"data":"Defragment","floor":8,"key":"SMITH"},{"floor":15,"key":"REST"}],"neow_cost":"NONE","seed_source_timestamp":875080099242200,"circlet_count":0,"master_deck":["AscendersBane","Strike_B","Strike_B","Strike_B","Strike_B","Defend_B","Defend_B","Defend_B","Defend_B","Zap","Dualcast","Sweeping Beam","Defragment+1","Streamline+1","Genetic Algorithm","Auto Shields","Hologram","Genetic Algorithm"],"relics":["Cracked Core","NeowsBlessing","Smiling Mask","DataDisk","Darkstone Periapt","Lantern","Oddly Smooth Stone","Juzu Bracelet"],"potions_floor_usage":[14,16],"damage_taken":[{"damage":0,"enemies":"Small Slimes","floor":1,"turns":1},{"damage":0,"enemies":"Jaw Worm","floor":3,"turns":1},{"damage":0,"enemies":"Lagavulin","floor":7,"turns":1},{"damage":0,"enemies":"2 Louse","floor":12,"turns":2},{"damage":3,"enemies":"Blue Slaver","floor":13,"turns":4},{"damage":24,"enemies":"3 Sentries","floor":14,"turns":8},{"damage":42,"enemies":"Slime Boss","floor":16,"turns":8}],"seed_played":"3796873502346592554","potions_obtained":[{"floor":3,"key":"EssenceOfSteel"},{"floor":7,"key":"PowerPotion"}],"is_trial":false,"path_per_floor":["M","$","M","?","?","R","E","R","T","T","$","M","M","E","R","B"],"character_chosen":"DEFECT","items_purchased":["Defragment","Oddly Smooth Stone","Auto Shields"],"campfire_rested":1,"item_purchase_floors":[2,11,11],"current_hp_per_floor":[64,64,64,64,38,38,38,38,38,38,38,38,35,11,32,0],"gold":73,"neow_bonus":"THREE_ENEMY_KILL","is_prod":false,"is_daily":false,"chose_seed":false,"campfire_upgraded":2,"win_rate":0,"timestamp":1571798901,"path_taken":["M","$","M","?","?","R","E","R","T","?","$","M","M","E","R","BOSS"],"build_version":"2019-07-17","purchased_purges":1,"victory":false,"max_hp_per_floor":[71,71,71,71,71,71,71,71,71,71,71,71,71,71,71,71],"card_choices":[{"not_picked":["Gash","Beam Cell"],"picked":"Sweeping Beam","floor":1},{"not_picked":["Beam Cell","Double Energy"],"picked":"Streamline","floor":3},{"not_picked":["Doom and Gloom","Beam Cell"],"picked":"Genetic Algorithm","floor":7},{"not_picked":["Darkness","Sunder"],"picked":"Hologram","floor":12},{"not_picked":["Redo","Beam Cell","Steam Power"],"picked":"SKIP","floor":13},{"not_picked":["Amplify","Turbo"],"picked":"Genetic Algorithm","floor":14}],"player_experience":884500,"relics_obtained":[{"floor":7,"key":"DataDisk"},{"floor":9,"key":"Darkstone Periapt"},{"floor":10,"key":"Lantern"},{"floor":14,"key":"Juzu Bracelet"}],"event_choices":[{"damage_healed":0,"gold_gain":150,"player_choice":"AGREE","damage_taken":0,"max_hp_gain":0,"max_hp_loss":0,"event_name":"Liars Game","floor":4,"gold_loss":0,"cards_obtained":["Doubt"]},{"damage_healed":0,"gold_gain":0,"player_choice":"Success","damage_taken":26,"relics_obtained":["Smiling Mask"],"max_hp_gain":0,"max_hp_loss":0,"event_name":"Scrap Ooze","floor":5,"gold_loss":0}],"is_beta":false,"boss_relics":[],"items_purged_floors":[11],"is_endless":false,"potions_floor_spawned":[3,7],"killed_by":"Slime Boss","ascension_level":20}