{"gold_per_floor":[119,119,132,143,32,63,78,109,109,122,150,50,50,67,67,140,140,154,69,88,13,13,13,27,27,106,106,106,106,106,123,123,200,200,212,231,211,221,240,240,252,267,267,292,292,292,6,6,6,6,6],"floor_reached":52,"playtime":5923,"items_purged":["Strike_G","Strike_G"],"score":1819,"play_id":"793d96c4-0cb0-477e-b8c5-de4fa505007f","local_time":"20191027201253","is_ascension_mode":true,"campfire_choices":[{"data":"Burst","floor":15.0,"key":"SMITH"},{"data":"All Out Attack","floor":23.0,"key":"SMITH"},{"data":"Catalyst","floor":27.0,"key":"SMITH"},{"floor":29.0,"key":"REST"},{"data":"Well Laid Plans","floor":32.0,"key":"SMITH"},{"data":"PiercingWail","floor":40.0,"key":"SMITH"},{"floor":46.0,"key":"REST"},{"floor":49.0,"key":"REST"}],"neow_cost":"NONE","seed_source_timestamp":1306154291228200,"circlet_count":0,"master_deck":["AscendersBane","Strike_G+1","Strike_G+1","Defend_G+1","Defend_G+1","Defend_G+1","Defend_G+1","Defend_G+1","Survivor","Neutralize+1","Heel Hook","All Out Attack+1","Bouncing Flask+1","Backstab","Die Die Die","Burst+1","Well Laid Plans+1","Poisoned Stab","Adrenaline","Cloak And Dagger","Backflip","Catalyst+1","PiercingWail+1","PiercingWail","Noxious Fumes","Catalyst+1"],"special_seed":0,"relics":["Ring of the Serpent","NeowsBlessing","Orichalcum","War Paint","Letter Opener","Pear","Nunchaku","Molten Egg 2","The Courier","Busted Crown","Du-Vu Doll","StoneCalendar","Potion Belt"],"potions_floor_usage":[51,51,51,51,51,51,51,51,51,51,51,51,51,51,51],"damage_taken":[{"damage":0.0,"enemies":"Jaw Worm","floor":1.0,"turns":1.0},{"damage":0.0,"enemies":"Cultist","floor":3.0,"turns":1.0},{"damage":0.0,"enemies":"Small Slimes","floor":4.0,"turns":1.0},{"damage":17.0,"enemies":"Lagavulin","floor":6.0,"turns":5.0},{"damage":2.0,"enemies":"Looter","floor":7.0,"turns":2.0},{"damage":24.0,"enemies":"Gremlin Nob","floor":8.0,"turns":4.0},{"damage":0.0,"enemies":"2 Fungi Beasts","floor":10.0,"turns":2.0},{"damage":5.0,"enemies":"Lagavulin","floor":11.0,"turns":6.0},{"damage":0.0,"enemies":"Large Slime","floor":14.0,"turns":3.0},{"damage":0.0,"enemies":"Hexaghost","floor":16.0,"turns":10.0},{"damage":21.0,"enemies":"3 Byrds","floor":18.0,"turns":5.0},{"damage":13.0,"enemies":"Shell Parasite","floor":20.0,"turns":4.0},{"damage":0.0,"enemies":"Centurion and Healer","floor":24.0,"turns":6.0},{"damage":10.0,"enemies":"Colosseum Slavers","floor":28.0,"turns":3.0},{"damage":2.0,"enemies":"Snecko","floor":31.0,"turns":3.0},{"damage":6.0,"enemies":"Champ","floor":33.0,"turns":6.0},{"damage":16.0,"enemies":"3 Shapes","floor":35.0,"turns":3.0},{"damage":1.0,"enemies":"Orb Walker","floor":36.0,"turns":4.0},{"damage":6.0,"enemies":"Writhing Mass","floor":38.0,"turns":4.0},{"damage":0.0,"enemies":"Maw","floor":39.0,"turns":6.0},{"damage":14.0,"enemies":"Jaw Worm Horde","floor":41.0,"turns":5.0},{"damage":0.0,"enemies":"Writhing Mass","floor":42.0,"turns":4.0},{"damage":0.0,"enemies":"Mind Bloom Boss Battle","floor":44.0,"turns":2.0},{"damage":43.0,"enemies":"Awakened One","floor":50.0,"turns":18.0},{"damage":1,"enemies":"Donu and Deca","floor":51,"turns":6}],"seed_played":"1759205437333412593","potions_obtained":[{"floor":1.0,"key":"EssenceOfSteel"},{"floor":3.0,"key":"BlessingOfTheForge"},{"floor":6.0,"key":"CunningPotion"},{"floor":7.0,"key":"Strength Potion"},{"floor":16.0,"key":"SpeedPotion"},{"floor":20.0,"key":"Block Potion"},{"floor":31.0,"key":"Energy Potion"},{"floor":36.0,"key":"LiquidBronze"},{"floor":37.0,"key":"Dexterity Potion"},{"floor":39.0,"key":"EntropicBrew"}],"is_trial":false,"path_per_floor":["M","?","M","M","$","E","M","E","T","M","E","$","?","M","R","B",null,"M","?","M","?","$","R","M","?","T","R","?","R","T","M","R","B",null,"M","M","?","M","M","R","M","M","T","?","?","R","$","?","R","B","B",null],"character_chosen":"THE_SILENT","items_purchased":["Backstab","Noxious Fumes","Potion Belt","Swift Potion","Poison Potion"],"campfire_rested":3,"item_purchase_floors":[5,47,47,47,47],"current_hp_per_floor":[59,59,59,59,59,42,40,16,16,16,21,21,10,10,10,10,60,39,39,26,26,26,26,26,26,26,26,16,38,38,36,36,30,65,49,48,48,42,42,42,28,28,28,28,28,50,50,50,72,29,28],"gold":6,"neow_bonus":"THREE_ENEMY_KILL","is_prod":false,"is_daily":false,"chose_seed":false,"campfire_upgraded":5,"win_rate":0,"timestamp":1572221573,"path_taken":["M","?","?","M","$","E","M","E","T","M","E","$","?","?","R","BOSS","M","?","M","?","$","R","M","?","T","R","?","R","?","M","R","BOSS","M","?","?","?","M","R","M","M","T","?","?","R","$","?","R","BOSS","BOSS"],"build_version":"2019-10-25-V3","purchased_purges":2,"victory":true,"max_hp_per_floor":[66,66,66,66,66,66,66,66,66,66,76,76,76,76,76,76,76,76,76,76,76,76,76,76,76,76,76,76,76,76,76,76,76,76,76,76,76,76,76,76,76,76,76,76,76,76,76,76,76,76,76],"card_choices":[{"not_picked":["Tactician","Bane"],"picked":"Heel Hook","floor":1.0},{"not_picked":["Dagger Spray","Blade Dance"],"picked":"All Out Attack","floor":3.0},{"not_picked":["Catalyst","Skewer"],"picked":"Bouncing Flask","floor":4.0},{"not_picked":["Cloak And Dagger","Dagger Spray"],"picked":"Die Die Die","floor":6.0},{"not_picked":["Setup","Outmaneuver","Underhanded Strike"],"picked":"SKIP","floor":7.0},{"not_picked":["Flying Knee","Endless Agony"],"picked":"Burst","floor":8.0},{"not_picked":["Dagger Throw","Skewer","Dagger Spray"],"picked":"SKIP","floor":10.0},{"not_picked":["Deflect","Sucker Punch"],"picked":"Well Laid Plans","floor":11.0},{"not_picked":["Dagger Throw","Underhanded Strike"],"picked":"Poisoned Stab","floor":14.0},{"not_picked":["Die Die Die","Venomology"],"picked":"Adrenaline","floor":16.0},{"not_picked":["Poisoned Stab","Quick Slash"],"picked":"Cloak And Dagger","floor":18.0},{"not_picked":["Setup","Poisoned Stab"],"picked":"Backflip","floor":20.0},{"not_picked":["Dodge and Roll","Leg Sweep"],"picked":"Catalyst","floor":24.0},{"not_picked":["Flying Knee+1","Cloak And Dagger"],"picked":"PiercingWail","floor":31.0},{"not_picked":["All Out Attack+1"],"picked":"SKIP","floor":35.0},{"not_picked":["Predator+1"],"picked":"SKIP","floor":36.0},{"not_picked":["Blur"],"picked":"SKIP","floor":38.0},{"not_picked":["Quick Slash+1"],"picked":"SKIP","floor":39.0},{"not_picked":["Terror"],"picked":"SKIP","floor":41.0},{"not_picked":["Outmaneuver+1"],"picked":"SKIP","floor":42.0},{"not_picked":[],"picked":"PiercingWail","floor":44.0}],"player_experience":939800,"relics_obtained":[{"floor":6.0,"key":"Orichalcum"},{"floor":8.0,"key":"War Paint"},{"floor":9.0,"key":"Letter Opener"},{"floor":11.0,"key":"Pear"},{"floor":26.0,"key":"Molten Egg 2"},{"floor":30.0,"key":"The Courier"},{"floor":43.0,"key":"Du-Vu Doll"},{"floor":44.0,"key":"StoneCalendar"}],"event_choices":[{"damage_healed":0.0,"max_hp_gain":0.0,"max_hp_loss":0.0,"gold_gain":0.0,"event_name":"Accursed Blacksmith","player_choice":"Forge","floor":2.0,"gold_loss":0.0,"damage_taken":0.0,"cards_upgraded":["Neutralize"]},{"damage_healed":0.0,"max_hp_gain":0.0,"max_hp_loss":0.0,"gold_gain":0.0,"event_name":"Wheel of Change","player_choice":"Damaged","floor":13.0,"gold_loss":0.0,"damage_taken":11.0},{"damage_healed":0.0,"max_hp_gain":0.0,"max_hp_loss":0.0,"gold_gain":0.0,"event_name":"Addict","player_choice":"Obtained Relic","floor":19.0,"gold_loss":85.0,"damage_taken":0.0,"relics_obtained":["Nunchaku"]},{"cards_removed":["Strike_G"],"damage_healed":0.0,"max_hp_gain":0.0,"max_hp_loss":0.0,"gold_gain":0.0,"event_name":"Beggar","player_choice":"Gave Gold","floor":21.0,"gold_loss":75.0,"damage_taken":0.0},{"damage_healed":0.0,"max_hp_gain":0.0,"max_hp_loss":0.0,"gold_gain":0.0,"event_name":"Back to Basics","player_choice":"Simplicity","floor":25.0,"gold_loss":0.0,"damage_taken":0.0,"cards_upgraded":["Strike_G","Strike_G","Defend_G","Defend_G","Defend_G","Defend_G"]},{"damage_healed":0.0,"max_hp_gain":0.0,"max_hp_loss":0.0,"gold_gain":0.0,"event_name":"Colosseum","player_choice":"Fight","floor":28.0,"gold_loss":0.0,"damage_taken":0.0},{"damage_healed":0.0,"max_hp_gain":0.0,"max_hp_loss":0.0,"gold_gain":0.0,"event_name":"Colosseum","player_choice":"Fled From Nobs","floor":28.0,"gold_loss":0.0,"damage_taken":0.0},{"damage_healed":0.0,"max_hp_gain":0.0,"max_hp_loss":0.0,"gold_gain":0.0,"event_name":"The Woman in Blue","player_choice":"Bought 1 Potion","floor":37.0,"gold_loss":0.0,"damage_taken":0.0},{"damage_healed":0.0,"max_hp_gain":0.0,"max_hp_loss":0.0,"gold_gain":0.0,"event_name":"MindBloom","player_choice":"Fight","floor":44.0,"gold_loss":0.0,"damage_taken":0.0},{"damage_healed":0.0,"max_hp_gain":0.0,"max_hp_loss":0.0,"gold_gain":0.0,"event_name":"Mysterious Sphere","player_choice":"Ignored","floor":45.0,"gold_loss":0.0,"damage_taken":0.0},{"damage_healed":0.0,"max_hp_gain":0.0,"max_hp_loss":0.0,"gold_gain":0.0,"event_name":"Duplicator","player_choice":"Copied","floor":48.0,"gold_loss":0.0,"damage_taken":0.0,"cards_obtained":["Catalyst"]}],"is_beta":true,"boss_relics":[{"not_picked":["Black Star","HoveringKite"],"picked":"Ring of the Serpent"},{"not_picked":["Runic Pyramid","Fusion Hammer"],"picked":"Busted Crown"}],"items_purged_floors":[5,12],"is_endless":false,"potions_floor_spawned":[1,3,6,7,16,20,28,31,36,39,42],"ascension_level":20}