{"gold_per_floor":[116,132,144,160,171,206,206,236,259,259,272,287,299,299,299,398,398,408,426,443,543,543,543,556,584,610,641,641,310,310,310],"floor_reached":31,"playtime":3215,"items_purged":["Writhe"],"score":464,"play_id":"89c56c2f-5ec7-4b84-b8cf-d1da7c4b3743","local_time":"20190401134921","is_ascension_mode":true,"campfire_choices":[{"data":"Streamline","floor":7,"key":"SMITH"},{"data":"Loop","floor":10,"key":"SMITH"},{"floor":15,"key":"REST"},{"floor":23,"key":"REST"}],"neow_cost":"NONE","seed_source_timestamp":148827280330840,"circlet_count":0,"master_deck":["Defend_B","Defend_B","Defend_B","Defend_B","Zap","Dualcast","Deep Breath","Gash","Coolheaded","Cold Snap","Streamline+1","Undo","Loop+1","Gash","Ball Lightning","Conserve Battery","Echo Form","Rebound+1","Sweeping Beam","Defragment","Ghostly","Ghostly","Ghostly","Ghostly","Ghostly","Conserve Battery","Glacier","Buffer","Hologram","Echo Form","Bite","Bite","Bite","Bite","Bite"],"relics":["Cracked Core","Regal Pillow","Calipers","Juzu Bracelet","Inserter","Potion Belt","Orichalcum","Mummified Hand","Centennial Puzzle","DollysMirror"],"potions_floor_usage":[6,8,14,18,25,31],"damage_taken":[{"damage":0,"enemies":"Jaw Worm","floor":1,"turns":3},{"damage":1,"enemies":"Cultist","floor":2,"turns":3},{"damage":3,"enemies":"2 Louse","floor":3,"turns":2},{"damage":0,"enemies":"Large Slime","floor":4,"turns":5},{"damage":4,"enemies":"Blue Slaver","floor":5,"turns":4},{"damage":26,"enemies":"Lagavulin","floor":6,"turns":6},{"damage":5,"enemies":"3 Sentries","floor":8,"turns":8},{"damage":4,"enemies":"Looter","floor":11,"turns":4},{"damage":22,"enemies":"Exordium Thugs","floor":12,"turns":4},{"damage":6,"enemies":"Lots of Slimes","floor":13,"turns":5},{"damage":0,"enemies":"Lagavulin","floor":14,"turns":3},{"damage":18,"enemies":"The Guardian","floor":16,"turns":14},{"damage":10,"enemies":"3 Byrds","floor":18,"turns":5},{"damage":8,"enemies":"Spheric Guardian","floor":19,"turns":6},{"damage":37,"enemies":"Cultist and Chosen","floor":20,"turns":6},{"damage":16,"enemies":"Sentry and Sphere","floor":24,"turns":7},{"damage":1,"enemies":"Gremlin Leader","floor":25,"turns":8},{"damage":12,"enemies":"Book of Stabbing","floor":27,"turns":9},{"damage":16,"enemies":"Snake Plant","floor":31,"turns":2}],"seed_played":"7304131581720778730","potions_obtained":[{"floor":3,"key":"Poison Potion"},{"floor":4,"key":"Regen Potion"},{"floor":6,"key":"SkillPotion"},{"floor":12,"key":"SmokeBomb"},{"floor":13,"key":"Explosive Potion"},{"floor":18,"key":"Fire Potion"},{"floor":20,"key":"FearPotion"},{"floor":24,"key":"Strength Potion"},{"floor":27,"key":"Regen Potion"}],"is_trial":false,"path_per_floor":["M","M","M","M","M","E","R","E","T","R","M","M","M","E","R","B",null,"M","M","M","?","?","R","M","E","T","E","?","$","?","M"],"character_chosen":"DEFECT","items_purchased":["Hologram","DollysMirror"],"campfire_rested":2,"item_purchase_floors":[29,29],"current_hp_per_floor":[68,67,64,64,60,48,48,43,43,43,39,17,11,11,48,30,64,54,46,9,9,9,35,19,18,18,6,6,6,6,0],"gold":310,"neow_bonus":"RANDOM_COLORLESS","is_prod":false,"is_daily":false,"chose_seed":false,"campfire_upgraded":2,"win_rate":0,"timestamp":1554151761,"path_taken":["M","M","M","M","M","E","R","E","T","R","M","M","M","E","R","BOSS","M","M","M","?","?","R","M","E","T","E","?","$","?","M"],"build_version":"2019-01-23","purchased_purges":1,"victory":false,"max_hp_per_floor":[75,75,75,75,75,75,75,75,75,75,75,75,75,75,75,75,75,75,75,75,75,37,37,37,37,37,37,37,37,25,25],"card_choices":[{"not_picked":["Turbo","Conserve Battery"],"picked":"Gash","floor":1},{"not_picked":["Leap","Steam"],"picked":"Coolheaded","floor":2},{"not_picked":["Tempest","Rip and Tear","Chill"],"picked":"SKIP","floor":3},{"not_picked":["Rebound","Sunder"],"picked":"Cold Snap","floor":4},{"not_picked":["Double Energy","Turbo"],"picked":"Streamline","floor":5},{"not_picked":["Steam","Rainbow"],"picked":"Undo","floor":6},{"not_picked":["Double Energy","Barrage"],"picked":"Loop","floor":8},{"not_picked":["Turbo","Scrape"],"picked":"Gash","floor":11},{"not_picked":["Chill","FTL"],"picked":"Ball Lightning","floor":12},{"not_picked":["Redo","Skim"],"picked":"Conserve Battery","floor":13},{"not_picked":["Creative AI","Core Surge"],"picked":"Echo Form","floor":16},{"not_picked":["Blizzard","Ball Lightning"],"picked":"Rebound+1","floor":18},{"not_picked":["Go for the Eyes","Reinforced Body"],"picked":"Sweeping Beam","floor":19},{"not_picked":["Redo+1","Sweeping Beam+1"],"picked":"Defragment","floor":20},{"not_picked":["Hello World","Barrage"],"picked":"Conserve Battery","floor":24},{"not_picked":["Force Field","Cold Snap"],"picked":"Glacier","floor":25},{"not_picked":["Hello World+1","Ball Lightning"],"picked":"Buffer","floor":27}],"player_experience":115226,"relics_obtained":[{"floor":6,"key":"Regal Pillow"},{"floor":8,"key":"Calipers"},{"floor":9,"key":"Juzu Bracelet"},{"floor":25,"key":"Potion Belt"},{"floor":26,"key":"Orichalcum"},{"floor":27,"key":"Mummified Hand"}],"event_choices":[{"damage_healed":0,"gold_gain":100,"player_choice":"Pray","damage_taken":0,"max_hp_gain":0,"max_hp_loss":0,"event_name":"Golden Shrine","floor":21,"gold_loss":0},{"damage_healed":0,"gold_gain":0,"player_choice":"Became a Ghost","damage_taken":0,"max_hp_gain":0,"max_hp_loss":38,"event_name":"Ghosts","floor":22,"gold_loss":0,"cards_obtained":["Ghostly","Ghostly","Ghostly","Ghostly","Ghostly"]},{"damage_healed":0,"gold_gain":0,"player_choice":"Opened","damage_taken":0,"relics_obtained":["Centennial Puzzle"],"max_hp_gain":0,"max_hp_loss":0,"event_name":"The Mausoleum","floor":28,"gold_loss":0,"cards_obtained":["Writhe"]},{"damage_healed":0,"gold_gain":0,"player_choice":"Became a vampire","damage_taken":0,"max_hp_gain":0,"max_hp_loss":12,"event_name":"Vampires","floor":30,"gold_loss":0,"cards_obtained":["Bite","Bite","Bite","Bite","Bite"]}],"is_beta":false,"boss_relics":[{"not_picked":["Tiny House","White Beast Statue"],"picked":"Inserter"}],"items_purged_floors":[29],"is_endless":false,"potions_floor_spawned":[3,4,6,12,13,18,20,24,27],"killed_by":"Snake Plant","ascension_level":6}