{"gold_per_floor":[114,114,131,149,162,162,180,130,130,161,8,8,41,41,41,142,142,152,67,67,56,66,100,100,110,110,10,43,43,61,61,61,157,157,169,44,58,71,90,90,100,23,23,23,23,39,54,87,87,87],"floor_reached":51,"playtime":3414,"items_purged":["Strike_B","Strike_B","Strike_B"],"score":779,"play_id":"ac4bd019-44ec-45cc-b284-bc995b69f5fd","local_time":"20191022001258","is_ascension_mode":false,"campfire_choices":[{"data":"Streamline","floor":6.0,"key":"SMITH"},{"data":"Defragment","floor":15.0,"key":"SMITH"},{"data":"Defragment","floor":24.0,"key":"SMITH"},{"floor":32,"key":"REST"},{"data":"Self Repair","floor":40,"key":"SMITH"},{"data":"Creative AI","floor":44,"key":"SMITH"},{"floor":49,"key":"DIG"}],"neow_cost":"NONE","seed_source_timestamp":0,"circlet_count":0,"master_deck":["Defend_B","Defend_B","Defend_B","Zap","Dualcast","Self Repair+1","White Noise","Fusion","Coolheaded","Streamline+1","Conserve Battery+1","Compile Driver+1","Force Field","Defragment+1","Creative AI+1","Defragment+1","Glacier","Cold Snap+1","Capacitor","Skim+1","Sweeping Beam+1","Echo Form+1","Sunder+1","Electrodynamics+1","Machine Learning+1","Reinforced Body+1","BootSequence","Auto Shields+1"],"special_seed":0,"relics":["Cracked Core","Molten Egg 2","Mummified Hand","Pen Nib","Orrery","Frozen Egg 2","Darkstone Periapt","Shovel","Mercury Hourglass","Bronze Scales","Coffee Dripper","Bottled Tornado","Kunai","DataDisk"],"potions_floor_usage":[33,47,48,50,50,50],"damage_taken":[{"damage":1.0,"enemies":"Cultist","floor":1.0,"turns":4.0},{"damage":6.0,"enemies":"Jaw Worm","floor":3.0,"turns":3.0},{"damage":1.0,"enemies":"2 Louse","floor":4.0,"turns":3.0},{"damage":11.0,"enemies":"Large Slime","floor":5.0,"turns":9.0},{"damage":0.0,"enemies":"Looter","floor":7.0,"turns":3.0},{"damage":33.0,"enemies":"3 Sentries","floor":10.0,"turns":8.0},{"damage":31.0,"enemies":"Gremlin Nob","floor":13.0,"turns":4.0},{"damage":0.0,"enemies":"The Guardian","floor":16.0,"turns":8.0},{"damage":2.0,"enemies":"3 Byrds","floor":18.0,"turns":8.0},{"damage":9.0,"enemies":"2 Thieves","floor":21.0,"turns":5.0},{"damage":0.0,"enemies":"Cultist and Chosen","floor":22.0,"turns":9.0},{"damage":50.0,"enemies":"Slavers","floor":23.0,"turns":7.0},{"damage":5.0,"enemies":"Centurion and Healer","floor":25.0,"turns":7.0},{"damage":12.0,"enemies":"Book of Stabbing","floor":28.0,"turns":7.0},{"damage":9.0,"enemies":"Sentry and Sphere","floor":30.0,"turns":4.0},{"damage":13,"enemies":"Champ","floor":33,"turns":8},{"damage":27,"enemies":"3 Darklings","floor":35,"turns":4},{"damage":6,"enemies":"Orb Walker","floor":37,"turns":3},{"damage":18,"enemies":"Jaw Worm Horde","floor":38,"turns":4},{"damage":0,"enemies":"Transient","floor":39,"turns":5},{"damage":0,"enemies":"3 Darklings","floor":41,"turns":2},{"damage":30,"enemies":"Spire Growth","floor":46,"turns":3},{"damage":25,"enemies":"Maw","floor":47,"turns":6},{"damage":0,"enemies":"Reptomancer","floor":48,"turns":6},{"damage":10,"enemies":"Awakened One","floor":50,"turns":12}],"seed_played":"9116907050296003923","potions_obtained":[{"floor":1.0,"key":"GamblersBrew"},{"floor":10.0,"key":"Regen Potion"},{"floor":13.0,"key":"Weak Potion"},{"floor":21.0,"key":"Swift Potion"},{"floor":30.0,"key":"PowerPotion"},{"floor":33,"key":"Ancient Potion"},{"floor":37,"key":"EssenceOfSteel"},{"floor":39,"key":"FearPotion"},{"floor":41,"key":"Regen Potion"},{"floor":47,"key":"Fire Potion"},{"floor":48,"key":"AttackPotion"}],"is_trial":false,"path_per_floor":["M","?","M","M","M","R","M","?","T","E","$","?","E","?","R","B",null,"M","?","T","M","M","E","R","M","T","$","E","$","M","?","R","B",null,"M","$","M","M","M","R","M","$","T","R","?","M","M","E","R","B",null],"character_chosen":"DEFECT","items_purchased":["Force Field","BootSequence"],"campfire_rested":1,"item_purchase_floors":[11,42],"current_hp_per_floor":[75,75,75,75,71,71,75,75,75,49,49,49,25,50,50,57,75,75,75,75,73,75,47,47,49,49,49,44,44,35,35,57,51,75,55,55,56,52,59,59,59,59,59,59,59,49,59,75,75,75],"gold":87,"neow_bonus":"THREE_CARDS","is_prod":false,"is_daily":false,"chose_seed":false,"campfire_upgraded":5,"win_rate":0,"timestamp":1571717578,"path_taken":["M","?","M","M","M","R","M","?","T","E","$","?","E","?","R","BOSS","M","?","?","M","M","E","R","M","T","$","E","?","M","?","R","BOSS","M","$","M","M","?","R","M","$","T","R","?","M","M","E","R","BOSS"],"build_version":"2019-07-17","purchased_purges":3,"victory":true,"max_hp_per_floor":[75,75,75,75,75,75,75,75,75,75,75,75,75,75,75,75,75,75,75,75,75,75,75,75,75,75,75,75,75,75,75,75,75,75,75,75,75,75,75,75,75,75,75,75,75,75,75,75,75,75],"card_choices":[{"not_picked":["Ball Lightning","Rebound"],"picked":"Self Repair","floor":0.0},{"not_picked":["Chaos","Doom and Gloom"],"picked":"White Noise","floor":1.0},{"not_picked":["Cold Snap","Double Energy"],"picked":"Fusion","floor":3.0},{"not_picked":["Loop","Stack"],"picked":"Coolheaded","floor":4.0},{"not_picked":["Coolheaded","Static Discharge"],"picked":"Streamline","floor":5.0},{"not_picked":["Multi-Cast","Cold Snap"],"picked":"Conserve Battery","floor":7.0},{"not_picked":["Cold Snap+1","Steam"],"picked":"Compile Driver+1","floor":10.0},{"not_picked":["Streamline+1","Chaos"],"picked":"Defragment","floor":13.0},{"not_picked":["Echo Form","Biased Cognition"],"picked":"Creative AI","floor":16.0},{"not_picked":["Leap","Compile Driver+1"],"picked":"Defragment","floor":17.0},{"not_picked":["Go for the Eyes+1","Consume"],"picked":"Glacier","floor":17.0},{"not_picked":["Barrage+1","Go for the Eyes+1"],"picked":"Cold Snap+1","floor":17.0},{"not_picked":["Gash+1","Rebound+1"],"picked":"Capacitor","floor":18.0},{"not_picked":["Ball Lightning+1","Streamline+1"],"picked":"Skim+1","floor":21.0},{"not_picked":["Echo Form+1","Turbo"],"picked":"Sweeping Beam+1","floor":22.0},{"not_picked":["Go for the Eyes+1","Cold Snap+1"],"picked":"Echo Form+1","floor":23.0},{"not_picked":["Sweeping Beam+1","Auto Shields","Barrage+1"],"picked":"SKIP","floor":25.0},{"not_picked":["Conserve Battery","Turbo"],"picked":"Sunder+1","floor":28.0},{"not_picked":["Sunder+1","Sweeping Beam+1"],"picked":"Electrodynamics+1","floor":30.0},{"not_picked":["Core Surge+1","Multi-Cast"],"picked":"Machine Learning+1","floor":33},{"not_picked":["Compile Driver+1","Stack"],"picked":"Reinforced Body+1","floor":35},{"not_picked":["Leap","Cold Snap+1","Gash+1"],"picked":"SKIP","floor":37},{"not_picked":["Go for the Eyes+1","Lockon+1","Echo Form+1"],"picked":"SKIP","floor":38},{"not_picked":["Sunder+1","Hologram+1","Streamline+1"],"picked":"SKIP","floor":39},{"not_picked":["Streamline+1","Sunder+1","Steam+1"],"picked":"SKIP","floor":41},{"not_picked":["Beam Cell+1","Fission","Barrage+1"],"picked":"SKIP","floor":46},{"not_picked":["Melter+1","Chaos+1","Go for the Eyes+1"],"picked":"SKIP","floor":47},{"not_picked":["Conserve Battery","Leap+1"],"picked":"Auto Shields+1","floor":48}],"player_experience":446077,"relics_obtained":[{"floor":9.0,"key":"Molten Egg 2"},{"floor":10.0,"key":"Mummified Hand"},{"floor":13.0,"key":"Pen Nib"},{"floor":20.0,"key":"Darkstone Periapt"},{"floor":23.0,"key":"Shovel"},{"floor":26.0,"key":"Mercury Hourglass"},{"floor":28.0,"key":"Bronze Scales"},{"floor":43,"key":"Bottled Tornado"},{"floor":48,"key":"Kunai"},{"floor":49,"key":"DataDisk"}],"event_choices":[{"damage_healed":0.0,"max_hp_gain":0.0,"max_hp_loss":0.0,"gold_gain":0.0,"event_name":"Liars Game","player_choice":"Ignored","floor":2.0,"gold_loss":0.0,"damage_taken":0.0},{"cards_removed":["Strike_B"],"damage_healed":0.0,"max_hp_gain":0.0,"max_hp_loss":0.0,"gold_gain":0.0,"event_name":"The Cleric","player_choice":"Card Removal","floor":8.0,"gold_loss":50.0,"damage_taken":0.0},{"cards_removed":["Defend_B"],"damage_healed":0.0,"max_hp_gain":0.0,"max_hp_loss":0.0,"gold_gain":0.0,"event_name":"Living Wall","player_choice":"Forget","floor":12.0,"gold_loss":0.0,"damage_taken":0.0},{"damage_healed":25.0,"max_hp_gain":0.0,"max_hp_loss":0.0,"gold_gain":0.0,"event_name":"Big Fish","player_choice":"Banana","floor":14.0,"gold_loss":0.0,"damage_taken":0.0},{"damage_healed":0.0,"max_hp_gain":0.0,"max_hp_loss":0.0,"gold_gain":0.0,"event_name":"Addict","player_choice":"Obtained Relic","floor":19.0,"gold_loss":85.0,"damage_taken":0.0,"relics_obtained":["Frozen Egg 2"]},{"damage_healed":0.0,"max_hp_gain":0.0,"max_hp_loss":0.0,"gold_gain":0.0,"event_name":"NoteForYourself","player_choice":"Ignored","floor":31.0,"gold_loss":0.0,"damage_taken":0.0},{"damage_healed":0,"gold_gain":0,"player_choice":"Upgraded","damage_taken":0,"max_hp_gain":0,"max_hp_loss":0,"event_name":"Upgrade Shrine","floor":45,"gold_loss":0,"cards_upgraded":["Conserve Battery"]}],"is_beta":false,"boss_relics":[{"not_picked":["Fusion Hammer","White Beast Statue"],"picked":"Orrery"},{"not_picked":["Snecko Eye","Runic Dome"],"picked":"Coffee Dripper"}],"items_purged_floors":[11,27,36],"is_endless":false,"potions_floor_spawned":[1,10,13,21,22,30,33,37,39,41,47,48],"ascension_level":0}