{"gold_per_floor":[112,122,20,30,30,30,30,30,101,101,119,144,162,162,162,257,257,272,290,309,104,29,29,57,57,82,82,107,107,126,145,145,244,244,264,264,264,123,223,256,266,266,266,266,176,207,207,72,72,72],"floor_reached":51,"playtime":2755,"items_purged":["Strike_B","Strike_B"],"score":764,"play_id":"3a34ec41-a406-4aff-8840-32efd3352d1b","local_time":"20191018235238","is_ascension_mode":false,"campfire_choices":[{"data":"Consume","floor":6.0,"key":"SMITH"},{"data":"Cold Snap","floor":8.0,"key":"SMITH"},{"data":"Zap","floor":10.0,"key":"SMITH"},{"floor":15.0,"key":"REST"},{"data":"Chill","floor":23.0,"key":"SMITH"},{"data":"Loop","floor":25.0,"key":"SMITH"},{"floor":29.0,"key":"REST"},{"data":"Conserve Battery","floor":32.0,"key":"SMITH"},{"data":"Double Energy","floor":42,"key":"SMITH"},{"data":"Dualcast","floor":44,"key":"SMITH"},{"floor":47,"key":"REST"},{"floor":49,"key":"REST"}],"neow_cost":"NONE","seed_source_timestamp":0,"circlet_count":0,"master_deck":["Defend_B","Defend_B+1","Zap+1","Dualcast+1","Consume+1","Ball Lightning","Cold Snap+1","Streamline+1","Loop+1","Conserve Battery+1","Tempest","Seek+1","Chill+1","Coolheaded","Doom and Gloom+1","Chill","Self Repair+1","Compile Driver+1","White Noise+1","Electrodynamics","Meteor Strike+1","Double Energy+1","Conserve Battery","Defragment"],"special_seed":0,"relics":["Cracked Core","WingedGreaves","Pantograph","Dodecahedron","Black Star","Molten Egg 2","Mercury Hourglass","Anchor","Art of War","Blood Vial","Nuclear Battery","Prayer Wheel","War Paint","Mango","Letter Opener","Vajra","Ancient Tea Set"],"potions_floor_usage":[35,40,40,50,50,50],"damage_taken":[{"damage":1.0,"enemies":"Cultist","floor":1.0,"turns":3.0},{"damage":2.0,"enemies":"Small Slimes","floor":2.0,"turns":3.0},{"damage":0.0,"enemies":"2 Louse","floor":4.0,"turns":3.0},{"damage":10.0,"enemies":"Lots of Slimes","floor":11.0,"turns":3.0},{"damage":21.0,"enemies":"Lagavulin","floor":12.0,"turns":4.0},{"damage":9.0,"enemies":"Exordium Thugs","floor":13.0,"turns":5.0},{"damage":0.0,"enemies":"Slime Boss","floor":16.0,"turns":6.0},{"damage":10.0,"enemies":"2 Thieves","floor":18.0,"turns":3.0},{"damage":12.0,"enemies":"3 Byrds","floor":19.0,"turns":4.0},{"damage":26.0,"enemies":"Shelled Parasite and Fungi","floor":20.0,"turns":7.0},{"damage":12.0,"enemies":"Slavers","floor":24.0,"turns":5.0},{"damage":9.0,"enemies":"Book of Stabbing","floor":28.0,"turns":7.0},{"damage":0.0,"enemies":"Cultist and Chosen","floor":30.0,"turns":5.0},{"damage":16.0,"enemies":"Centurion and Healer","floor":31.0,"turns":6.0},{"damage":28.0,"enemies":"Collector","floor":33.0,"turns":9.0},{"damage":0,"enemies":"3 Darklings","floor":35,"turns":2},{"damage":14,"enemies":"Mind Bloom Boss Battle","floor":39,"turns":5},{"damage":17,"enemies":"Reptomancer","floor":40,"turns":6},{"damage":0,"enemies":"Orb Walker","floor":41,"turns":4},{"damage":79,"enemies":"Nemesis","floor":46,"turns":7},{"damage":41,"enemies":"Donu and Deca","floor":50,"turns":6}],"seed_played":"-2556070113086580551","potions_obtained":[{"floor":4.0,"key":"LiquidBronze"},{"floor":13.0,"key":"SkillPotion"},{"floor":16.0,"key":"EntropicBrew"},{"floor":24.0,"key":"SteroidPotion"},{"floor":30.0,"key":"Regen Potion"},{"floor":31.0,"key":"Dexterity Potion"},{"floor":33.0,"key":"AttackPotion"},{"floor":39,"key":"GamblersBrew"},{"floor":41,"key":"Fire Potion"}],"is_trial":false,"path_per_floor":["M","M","$","M","?","R","?","R","T","R","M","E","M","?","R","B",null,"M","M","M","$","?","R","E","R","T","?","E","R","M","M","R","B",null,"M","?","?","$","?","E","M","R","T","R","?","E","R","$","R","B",null],"character_chosen":"DEFECT","items_purchased":["Cold Snap","Chill","Self Repair","Meteor Strike+1","Conserve Battery","Defragment","PowerPotion"],"campfire_rested":4,"item_purchase_floors":[3,21,21,38,48,48,48],"current_hp_per_floor":[74,72,72,72,69,69,69,69,69,69,59,38,29,29,51,75,75,65,53,27,27,27,27,36,36,36,36,34,56,65,58,58,47,75,75,75,75,75,68,82,89,89,89,89,89,20,46,46,72,58],"gold":72,"neow_bonus":"REMOVE_CARD","is_prod":false,"is_daily":false,"chose_seed":false,"campfire_upgraded":8,"win_rate":0,"timestamp":1571457158,"path_taken":["M","M","$","M","?","R","?","R","T","R","M","E","?","?","R","BOSS","M","?","M","$","?","R","E","R","T","?","E","R","M","M","R","BOSS","M","?","?","$","?","E","M","R","T","R","?","E","R","$","R","BOSS"],"build_version":"2019-07-17","purchased_purges":2,"victory":true,"max_hp_per_floor":[75,75,75,75,75,75,75,75,75,75,75,75,75,75,75,75,75,75,75,75,75,75,75,75,75,75,75,75,75,75,75,75,75,75,75,75,75,75,75,89,89,89,89,89,89,89,89,89,89,89],"card_choices":[{"not_picked":["Beam Cell","Cold Snap"],"picked":"Consume","floor":1.0},{"not_picked":["Hologram","Gash"],"picked":"Ball Lightning","floor":2.0},{"not_picked":["Double Energy","Loop"],"picked":"Streamline","floor":4.0},{"not_picked":["Rebound","Melter"],"picked":"Loop","floor":11.0},{"not_picked":["Sunder","Hyperbeam"],"picked":"Conserve Battery","floor":12.0},{"not_picked":["Steam Power","Cold Snap"],"picked":"Tempest","floor":13.0},{"not_picked":["All For One","Multi-Cast"],"picked":"Seek","floor":16.0},{"not_picked":["Streamline","Defragment"],"picked":"Chill","floor":18.0},{"not_picked":["Compile Driver","Blizzard+1"],"picked":"Coolheaded","floor":19.0},{"not_picked":["Turbo","Steam Power"],"picked":"Doom and Gloom+1","floor":20.0},{"not_picked":["Barrage","Go for the Eyes"],"picked":"Compile Driver","floor":24.0},{"not_picked":["Consume","Recycle","Stack"],"picked":"SKIP","floor":28.0},{"not_picked":["Barrage+1","Cold Snap+1","Go for the Eyes+1"],"picked":"SKIP","floor":30.0},{"not_picked":["Sunder+1","Turbo"],"picked":"White Noise+1","floor":31.0},{"not_picked":["Echo Form","Multi-Cast"],"picked":"Electrodynamics","floor":33.0},{"not_picked":["Sweeping Beam+1","Streamline+1","Redo"],"picked":"SKIP","floor":35},{"not_picked":["Sunder+1","Go for the Eyes+1"],"picked":"Double Energy","floor":40},{"not_picked":["Go for the Eyes+1","Steam+1","Sweeping Beam+1"],"picked":"SKIP","floor":41},{"not_picked":["Meteor Strike+1","Barrage+1","Beam Cell+1"],"picked":"SKIP","floor":41},{"not_picked":["Aggregate+1","Gash+1","Chaos+1"],"picked":"SKIP","floor":46}],"player_experience":417547,"relics_obtained":[{"floor":9.0,"key":"Pantograph"},{"floor":12.0,"key":"Dodecahedron"},{"floor":24.0,"key":"Molten Egg 2"},{"floor":24.0,"key":"Mercury Hourglass"},{"floor":26.0,"key":"Anchor"},{"floor":28.0,"key":"Art of War"},{"floor":28.0,"key":"Blood Vial"},{"floor":39,"key":"Prayer Wheel"},{"floor":40,"key":"War Paint"},{"floor":40,"key":"Mango"},{"floor":43,"key":"Letter Opener"},{"floor":46,"key":"Vajra"},{"floor":46,"key":"Ancient Tea Set"}],"event_choices":[{"damage_healed":0.0,"max_hp_gain":0.0,"max_hp_loss":0.0,"gold_gain":0.0,"event_name":"Scrap Ooze","player_choice":"Success","floor":5.0,"gold_loss":0.0,"damage_taken":3.0,"relics_obtained":["WingedGreaves"]},{"damage_healed":0.0,"max_hp_gain":0.0,"max_hp_loss":0.0,"gold_gain":0.0,"event_name":"Upgrade Shrine","player_choice":"Upgraded","floor":7.0,"gold_loss":0.0,"damage_taken":0.0,"cards_upgraded":["Streamline"]},{"cards_removed":["Strike_B"],"damage_healed":0.0,"max_hp_gain":0.0,"max_hp_loss":0.0,"gold_gain":0.0,"event_name":"Bonfire Elementals","player_choice":"Offered Basic","floor":14.0,"gold_loss":0.0,"damage_taken":0.0},{"cards_removed":["Defend_B"],"damage_healed":0.0,"max_hp_gain":0.0,"max_hp_loss":0.0,"gold_gain":0.0,"event_name":"Beggar","player_choice":"Gave Gold","floor":22.0,"gold_loss":75.0,"damage_taken":0.0},{"damage_healed":0.0,"max_hp_gain":0.0,"max_hp_loss":0.0,"gold_gain":0.0,"event_name":"N\u0027loth","player_choice":"Ignored","floor":27.0,"gold_loss":0.0,"damage_taken":0.0},{"damage_healed":0,"gold_gain":0,"player_choice":"Ignored","damage_taken":0,"max_hp_gain":0,"max_hp_loss":0,"event_name":"Tomb of Lord Red Mask","floor":36,"gold_loss":0},{"damage_healed":0,"gold_gain":0,"player_choice":"Memory 1","damage_taken":0,"max_hp_gain":0,"max_hp_loss":0,"event_name":"SensoryStone","floor":37,"gold_loss":0},{"damage_healed":0,"gold_gain":0,"player_choice":"Fight","damage_taken":0,"max_hp_gain":0,"max_hp_loss":0,"event_name":"MindBloom","floor":39,"gold_loss":0},{"cards_removed":["Defend_B"],"damage_healed":0,"gold_gain":0,"player_choice":"Upgrade and Remove","damage_taken":0,"max_hp_gain":0,"max_hp_loss":0,"event_name":"Designer","floor":45,"gold_loss":90,"cards_upgraded":["Self Repair"]}],"is_beta":false,"boss_relics":[{"not_picked":["Tiny House","Runic Pyramid"],"picked":"Black Star"},{"not_picked":["Pandora\u0027s Box","Fusion Hammer"],"picked":"Nuclear Battery"}],"items_purged_floors":[3,21],"is_endless":false,"potions_floor_spawned":[4,13,16,24,30,31,33,39,41],"ascension_level":0}