{"gold_per_floor":[110,33,45,61,61,61,72,107,160,180,180,180,97,124,124,198,198,216,227,247,258,284,284],"floor_reached":23,"playtime":954,"items_purged":[],"score":406,"play_id":"52bf00c2-d179-4b24-98e2-b064265d0a42","local_time":"20191014194159","is_ascension_mode":true,"campfire_choices":[{"data":"Defragment","floor":6,"key":"SMITH"},{"floor":12,"key":"REST"},{"data":"Biased Cognition","floor":15,"key":"SMITH"}],"neow_cost":"NONE","seed_source_timestamp":182872171713100,"circlet_count":0,"master_deck":["AscendersBane","Strike_B","Strike_B","Strike_B","Defend_B","Defend_B","Defend_B","Defend_B","Zap","Dualcast","Gash","Defragment+1","Undo","Coolheaded","Compile Driver","Gash","Undo","Biased Cognition+1","Doom and Gloom","Gash","Core Surge","Ball Lightning+1","Conserve Battery","Cold Snap"],"relics":["Cracked Core","Boot","Centennial Puzzle","Tiny Chest","Cables","Velvet Choker","Smiling Mask"],"potions_floor_usage":[8,10,16,20,23],"damage_taken":[{"damage":1,"enemies":"Cultist","floor":1,"turns":3},{"damage":7,"enemies":"Jaw Worm","floor":3,"turns":4},{"damage":5,"enemies":"Small Slimes","floor":4,"turns":6},{"damage":16,"enemies":"Exordium Thugs","floor":7,"turns":6},{"damage":6,"enemies":"3 Sentries","floor":8,"turns":8},{"damage":0,"enemies":"Gremlin Gang","floor":10,"turns":2},{"damage":15,"enemies":"Lagavulin","floor":14,"turns":4},{"damage":8,"enemies":"Slime Boss","floor":16,"turns":6},{"damage":6,"enemies":"Spheric Guardian","floor":18,"turns":3},{"damage":11,"enemies":"2 Thieves","floor":19,"turns":3},{"damage":11,"enemies":"Chosen and Byrds","floor":20,"turns":4},{"damage":6,"enemies":"Cultist and Chosen","floor":21,"turns":4},{"damage":31,"enemies":"Slavers","floor":23,"turns":3}],"seed_played":"116314117302987099","potions_obtained":[{"floor":3,"key":"EssenceOfSteel"},{"floor":4,"key":"Block Potion"},{"floor":8,"key":"Explosive Potion"},{"floor":14,"key":"Dexterity Potion"},{"floor":18,"key":"Swift Potion"}],"is_trial":false,"path_per_floor":["M","$","M","M","?","R","M","E","T","M","?","R","$","E","R","B",null,"M","M","M","M","T","E"],"character_chosen":"DEFECT","items_purchased":["Undo","Doom and Gloom"],"campfire_rested":1,"item_purchase_floors":[2,13],"current_hp_per_floor":[63,63,56,51,46,46,30,24,24,24,24,45,45,30,30,22,59,53,42,31,25,25,0],"gold":284,"neow_bonus":"THREE_CARDS","is_prod":false,"is_daily":false,"chose_seed":false,"campfire_upgraded":2,"win_rate":0,"timestamp":1571107319,"path_taken":["M","?","M","M","?","R","M","E","T","M","?","R","$","E","R","BOSS","M","M","M","M","?","E"],"build_version":"2019-07-17","purchased_purges":0,"victory":false,"max_hp_per_floor":[71,71,71,71,71,71,71,71,71,71,71,71,71,71,71,71,71,71,71,71,71,71,71],"card_choices":[{"not_picked":["Static Discharge","Undo"],"picked":"Gash","floor":0},{"not_picked":["Steam","Stack"],"picked":"Defragment","floor":1},{"not_picked":["Compile Driver","Hologram"],"picked":"Coolheaded","floor":3},{"not_picked":["Reinforced Body","Heatsinks"],"picked":"Compile Driver","floor":4},{"not_picked":["Redo","Conserve Battery"],"picked":"Gash","floor":7},{"not_picked":["Beam Cell","Rebound"],"picked":"Undo","floor":8},{"not_picked":["BootSequence","Tempest"],"picked":"Biased Cognition","floor":10},{"not_picked":["Double Energy","Beam Cell"],"picked":"Gash","floor":14},{"not_picked":["Hyperbeam","Multi-Cast"],"picked":"Core Surge","floor":16},{"not_picked":["Beam Cell","Rebound"],"picked":"Ball Lightning+1","floor":18},{"not_picked":["Coolheaded","Go for the Eyes"],"picked":"Conserve Battery","floor":19},{"not_picked":["Sweeping Beam","Reinforced Body"],"picked":"Cold Snap","floor":20},{"not_picked":["Barrage","Hello World","Steam+1"],"picked":"SKIP","floor":21}],"player_experience":853200,"relics_obtained":[{"floor":8,"key":"Centennial Puzzle"},{"floor":9,"key":"Tiny Chest"},{"floor":14,"key":"Cables"},{"floor":22,"key":"Smiling Mask"}],"event_choices":[{"damage_healed":0,"gold_gain":0,"player_choice":"Success","damage_taken":5,"relics_obtained":["Boot"],"max_hp_gain":0,"max_hp_loss":0,"event_name":"Scrap Ooze","floor":5,"gold_loss":0},{"cards_removed":["Strike_B"],"damage_healed":0,"gold_gain":0,"player_choice":"Purged","damage_taken":0,"max_hp_gain":0,"max_hp_loss":0,"event_name":"Purifier","floor":11,"gold_loss":0}],"is_beta":false,"boss_relics":[{"not_picked":["Runic Dome","Black Star"],"picked":"Velvet Choker"}],"items_purged_floors":[],"is_endless":false,"potions_floor_spawned":[3,4,8,14,18],"killed_by":"Slavers","ascension_level":20}