{"gold_per_floor":[109,109,119,84,84,84,28,60,60,90,90,90,90,122,122,201,201,211,224,224,224],"floor_reached":21,"playtime":475,"items_purged":[],"score":436,"play_id":"b9525414-618d-42d0-8e63-b3e43aea4b52","local_time":"20190707221029","is_ascension_mode":true,"campfire_choices":[{"data":"Darkness","floor":6,"key":"SMITH"},{"data":"Zap","floor":12,"key":"SMITH"},{"floor":15,"key":"REST"}],"neow_cost":"NONE","seed_source_timestamp":1971988735077507,"circlet_count":0,"master_deck":["AscendersBane","Strike_B+1","Strike_B","Strike_B+1","Defend_B","Defend_B+1","Defend_B","Defend_B","Zap+1","Dualcast","Darkness+1","Coolheaded+1","Gash+1","Core Surge","Redo","White Noise","Self Repair","Self Repair"],"relics":["Cracked Core","NeowsBlessing","Juzu Bracelet","Singing Bowl","Sundial","Whetstone","Question Card","Orrery"],"potions_floor_usage":[10,16],"damage_taken":[{"damage":0,"enemies":"Small Slimes","floor":1,"turns":1},{"damage":0,"enemies":"2 Louse","floor":3,"turns":1},{"damage":0,"enemies":"3 Sentries","floor":8,"turns":1},{"damage":8,"enemies":"Gremlin Nob","floor":10,"turns":3},{"damage":10,"enemies":"Lagavulin","floor":14,"turns":5},{"damage":8,"enemies":"Slime Boss","floor":16,"turns":5},{"damage":19,"enemies":"Chosen","floor":18,"turns":5},{"damage":0,"enemies":"Spheric Guardian","floor":19,"turns":3},{"damage":67,"enemies":"Masked Bandits","floor":21,"turns":3}],"seed_played":"-8304651111061184761","potions_obtained":[{"floor":1,"key":"GamblersBrew"},{"floor":10,"key":"Block Potion"},{"floor":19,"key":"Dexterity Potion"}],"is_trial":false,"path_per_floor":["M","?","M","?","T","R","$","E","T","E","?","R","?","E","R","B",null,"M","M","?","?"],"character_chosen":"DEFECT","items_purchased":["AttackPotion"],"campfire_rested":1,"item_purchase_floors":[7],"current_hp_per_floor":[64,57,57,71,71,71,71,73,73,65,65,65,43,35,57,49,75,58,58,58,0],"gold":224,"neow_bonus":"THREE_ENEMY_KILL","is_prod":false,"is_daily":false,"chose_seed":false,"campfire_upgraded":2,"win_rate":0,"timestamp":1562562629,"path_taken":["M","?","M","?","?","R","$","E","T","E","?","R","?","E","R","BOSS","M","M","?","?"],"build_version":"2019-07-05","purchased_purges":0,"victory":false,"max_hp_per_floor":[71,71,71,71,71,71,71,73,73,73,73,73,73,75,75,75,81,83,83,83,83],"card_choices":[{"not_picked":["Loop","Barrage"],"picked":"Darkness","floor":1},{"not_picked":["Hologram","Streamline"],"picked":"Coolheaded","floor":3},{"not_picked":["Reinforced Body","Lockon","Rebound"],"picked":"Singing Bowl","floor":8},{"not_picked":["White Noise","Turbo"],"picked":"Gash","floor":10},{"not_picked":["Compile Driver","Redo","Beam Cell"],"picked":"Singing Bowl","floor":14},{"not_picked":["Buffer","Rainbow","Electrodynamics"],"picked":"Core Surge","floor":16},{"not_picked":["Redo","Gash","Darkness","Streamline"],"picked":"Singing Bowl","floor":17},{"not_picked":["Coolheaded","Reinforced Body","Streamline"],"picked":"Redo","floor":17},{"not_picked":["Auto Shields","Leap","Skim","Go for the Eyes"],"picked":"Singing Bowl","floor":17},{"not_picked":["Steam","Streamline","Electrodynamics"],"picked":"White Noise","floor":17},{"not_picked":["Compile Driver","Cold Snap","Conserve Battery","Rebound"],"picked":"Singing Bowl","floor":17},{"not_picked":["Rip and Tear","Gash","Turbo","Rebound"],"picked":"Singing Bowl","floor":18},{"not_picked":["Compile Driver","Gash","White Noise"],"picked":"Self Repair","floor":19}],"player_experience":645916,"relics_obtained":[{"floor":5,"key":"Juzu Bracelet"},{"floor":8,"key":"Singing Bowl"},{"floor":9,"key":"Sundial"},{"floor":10,"key":"Whetstone"},{"floor":14,"key":"Question Card"}],"event_choices":[{"cards_removed":["Strike_B"],"damage_healed":0,"gold_gain":0,"player_choice":"Card Removal","damage_taken":7,"max_hp_gain":0,"max_hp_loss":0,"event_name":"Golden Wing","floor":2,"gold_loss":0},{"damage_healed":17,"gold_gain":0,"player_choice":"Healed","damage_taken":0,"max_hp_gain":0,"max_hp_loss":0,"event_name":"The Cleric","floor":4,"gold_loss":35},{"damage_healed":0,"gold_gain":0,"player_choice":"Grow","damage_taken":0,"max_hp_gain":0,"max_hp_loss":0,"event_name":"Living Wall","floor":11,"gold_loss":0,"cards_upgraded":["Coolheaded"]},{"damage_healed":0,"gold_gain":0,"player_choice":"Entered Light","damage_taken":22,"max_hp_gain":0,"max_hp_loss":0,"event_name":"Shining Light","floor":13,"gold_loss":0,"cards_upgraded":["Defend_B","Strike_B"]},{"damage_healed":0,"gold_gain":0,"player_choice":"Read","damage_taken":0,"max_hp_gain":0,"max_hp_loss":0,"event_name":"The Library","floor":20,"gold_loss":0,"cards_obtained":["Self Repair"]},{"damage_healed":0,"gold_gain":0,"player_choice":"Fought Bandits","damage_taken":0,"max_hp_gain":0,"max_hp_loss":0,"event_name":"Masked Bandits","floor":21,"gold_loss":0}],"is_beta":false,"boss_relics":[{"not_picked":["Calling Bell","Runic Dome"],"picked":"Orrery"}],"items_purged_floors":[],"is_endless":false,"potions_floor_spawned":[1,10,19],"killed_by":"Masked Bandits","ascension_level":20}