{"gold_per_floor":[112,112,262,262,278,278,308,223,293,305,325,325],"floor_reached":12,"playtime":1801,"items_purged":[],"score":156,"play_id":"a5c5f392-43bd-459a-b24e-ca75079eee04","local_time":"20190815110407","is_ascension_mode":true,"campfire_choices":[{"data":"Fission","floor":6,"key":"SMITH"}],"neow_cost":"NONE","seed_source_timestamp":87983412489900,"circlet_count":0,"master_deck":["AscendersBane","Strike_B","Strike_B","Strike_B","Strike_B","Defend_B","Defend_B","Defend_B","Defend_B","Zap","Dualcast","Fission+1","Static Discharge","Compile Driver","Self Repair","Barrage","Sunder"],"relics":["Cracked Core","Girya","Letter Opener"],"potions_floor_usage":[11],"damage_taken":[{"damage":4,"enemies":"Small Slimes","floor":1,"turns":3},{"damage":4,"enemies":"2 Louse","floor":5,"turns":4},{"damage":20,"enemies":"Lagavulin","floor":7,"turns":7},{"damage":4,"enemies":"Jaw Worm","floor":10,"turns":4},{"damage":11,"enemies":"Large Slime","floor":11,"turns":6},{"damage":40,"enemies":"Gremlin Nob","floor":12,"turns":3}],"seed_played":"-6964541590854063016","potions_obtained":[{"floor":1,"key":"Block Potion"},{"floor":7,"key":"LiquidBronze"}],"is_trial":false,"path_per_floor":["M","?","?","?","M","R","E","$","T","M","M","E"],"character_chosen":"DEFECT","items_purchased":["Self Repair"],"campfire_rested":0,"item_purchase_floors":[8],"current_hp_per_floor":[60,65,65,58,54,54,34,34,34,37,33,0],"gold":325,"neow_bonus":"ONE_RANDOM_RARE_CARD","is_prod":false,"is_daily":false,"chose_seed":false,"campfire_upgraded":1,"win_rate":0,"timestamp":1565892247,"path_taken":["M","?","?","?","M","R","E","$","T","M","?","E"],"build_version":"2019-07-17","purchased_purges":0,"victory":false,"max_hp_per_floor":[71,76,76,76,76,76,76,76,76,76,76,76],"card_choices":[{"not_picked":["Go for the Eyes","Redo"],"picked":"Static Discharge","floor":1},{"not_picked":["Barrage","FTL"],"picked":"Compile Driver","floor":5},{"not_picked":["Rip and Tear","Reprogram","Rebound"],"picked":"SKIP","floor":7},{"not_picked":["Compile Driver","Aggregate"],"picked":"Barrage","floor":10},{"not_picked":["Reboot","Stack"],"picked":"Sunder","floor":11}],"player_experience":724872,"relics_obtained":[{"floor":7,"key":"Girya"},{"floor":9,"key":"Letter Opener"}],"event_choices":[{"damage_healed":0,"gold_gain":0,"player_choice":"Donut","damage_taken":0,"max_hp_gain":5,"max_hp_loss":0,"event_name":"Big Fish","floor":2,"gold_loss":0},{"damage_healed":0,"gold_gain":150,"player_choice":"AGREE","damage_taken":0,"max_hp_gain":0,"max_hp_loss":0,"event_name":"Liars Game","floor":3,"gold_loss":0,"cards_obtained":["Doubt"]},{"cards_removed":["Doubt"],"damage_healed":0,"gold_gain":0,"player_choice":"Card Removal","damage_taken":7,"max_hp_gain":0,"max_hp_loss":0,"event_name":"Golden Wing","floor":4,"gold_loss":0}],"is_beta":false,"boss_relics":[],"items_purged_floors":[],"is_endless":false,"potions_floor_spawned":[1,7],"killed_by":"Gremlin Nob","ascension_level":20}