{"gold_per_floor":[116,116,136,101,119,119,144,144,171,184,207,11,11,31,31,105,105,123,123,136,186,198,4,4,20,71,71,99,49,69,101,101,177,177,189,216,266,278,297,297,313,330,330,346,361,374,401,432,444,456,468,480,84,111,111],"floor_reached":55,"playtime":3136,"items_purged":["Strike_B","Zap","Strike_B","Strike_B"],"score":1350,"play_id":"68b3fb5c-e61a-41d4-b3f8-d2666b9198ad","local_time":"20190518142426","is_ascension_mode":true,"campfire_choices":[{"data":"Zap","floor":6,"key":"SMITH"},{"data":"Dualcast","floor":8,"key":"SMITH"},{"floor":13,"key":"REST"},{"floor":15,"key":"REST"},{"floor":24,"key":"REST"},{"floor":27,"key":"RECALL"},{"floor":32,"key":"REST"},{"floor":40,"key":"REST"},{"floor":49,"key":"REST"},{"floor":52,"key":"REST"}],"neow_cost":"NONE","seed_source_timestamp":277797100237037,"circlet_count":0,"master_deck":["AscendersBane","Strike_B","Defend_B","Defend_B","Defend_B","Defend_B","Zap+1","Dualcast+1","FTL","Gash","Ball Lightning","Glacier","Gash","Self Repair","Go for the Eyes","Conserve Battery","All For One","Reprogram","Self Repair","Beam Cell","Go for the Eyes+1","Buffer","Recycle","Coolheaded+1","Echo Form","Beam Cell","Hologram","Redo+1","Gash+1","Fusion+1","Hologram","Gash","Defragment","All For One"],"relics":["Cracked Core","Orichalcum","Unceasing Top","Regal Pillow","Smiling Mask","Odd Mushroom","Fusion Hammer","DataDisk","Omamori","Vajra","Philosopher\u0027s Stone","Bag of Preparation","MawBank","Strawberry","Anchor"],"potions_floor_usage":[16,20,33,39,50,54,55],"damage_taken":[{"damage":9,"enemies":"Jaw Worm","floor":1,"turns":4},{"damage":6,"enemies":"Small Slimes","floor":3,"turns":3},{"damage":1,"enemies":"2 Louse","floor":5,"turns":2},{"damage":8,"enemies":"3 Sentries","floor":7,"turns":5},{"damage":8,"enemies":"Red Slaver","floor":10,"turns":2},{"damage":19,"enemies":"The Mushroom Lair","floor":14,"turns":4},{"damage":3,"enemies":"The Guardian","floor":16,"turns":13},{"damage":10,"enemies":"Spheric Guardian","floor":18,"turns":4},{"damage":4,"enemies":"3 Byrds","floor":20,"turns":4},{"damage":22,"enemies":"Snecko","floor":22,"turns":8},{"damage":24,"enemies":"Chosen and Byrds","floor":25,"turns":6},{"damage":44,"enemies":"Slavers","floor":28,"turns":6},{"damage":19,"enemies":"Cultist and Chosen","floor":30,"turns":6},{"damage":21,"enemies":"Book of Stabbing","floor":31,"turns":4},{"damage":13,"enemies":"Automaton","floor":33,"turns":6},{"damage":60,"enemies":"3 Shapes","floor":35,"turns":12},{"damage":0,"enemies":"Orb Walker","floor":38,"turns":3},{"damage":27,"enemies":"Jaw Worm Horde","floor":39,"turns":5},{"damage":9,"enemies":"Spire Growth","floor":41,"turns":5},{"damage":7,"enemies":"Sphere and 2 Shapes","floor":42,"turns":4},{"damage":36,"enemies":"3 Darklings","floor":44,"turns":4},{"damage":3,"enemies":"4 Shapes","floor":45,"turns":8},{"damage":8,"enemies":"Transient","floor":46,"turns":6},{"damage":20,"enemies":"Nemesis","floor":47,"turns":7},{"damage":25,"enemies":"3 Darklings","floor":48,"turns":3},{"damage":45,"enemies":"Donu and Deca","floor":50,"turns":7},{"damage":55,"enemies":"Shield and Spear","floor":54,"turns":5},{"damage":38,"enemies":"The Heart","floor":55,"turns":3}],"seed_played":"-9028932144022520529","potions_obtained":[{"floor":5,"key":"SteroidPotion"},{"floor":7,"key":"EssenceOfSteel"},{"floor":16,"key":"Energy Potion"},{"floor":25,"key":"SneckoOil"},{"floor":31,"key":"Explosive Potion"},{"floor":38,"key":"Regen Potion"},{"floor":39,"key":"Strength Potion"}],"is_trial":false,"path_per_floor":["M","?","M","?","M","R","E","R","T","M","T","$","R","?","R","B",null,"M","?","M","?","M","$","R","M","T","R","E","$","M","E","R","B",null,"M","T","?","M","M","R","M","M","T","M","M","M","E","M","R","B",null,"R","$","E","B"],"character_chosen":"DEFECT","items_purchased":["Self Repair","Go for the Eyes","Self Repair","Beam Cell","PowerPotion","Gash","Strawberry","Defragment"],"campfire_rested":7,"item_purchase_floors":[12,12,23,23,53,53,53,53],"current_hp_per_floor":[62,17,11,30,29,29,21,21,21,13,13,13,51,39,77,78,78,75,75,71,64,49,49,78,61,61,61,31,31,26,19,57,58,73,34,34,34,41,42,78,78,78,78,49,67,73,67,56,78,47,70,78,85,37,0],"gold":111,"neow_bonus":"TEN_PERCENT_HP_BONUS","is_prod":false,"is_daily":false,"chose_seed":false,"campfire_upgraded":2,"win_rate":0,"timestamp":1558214666,"path_taken":["M","?","M","?","M","R","E","R","T","M","?","$","R","?","R","BOSS","M","?","?","?","M","$","R","M","T","R","E","$","M","E","R","BOSS","M","?","?","M","M","R","M","?","T","M","?","?","E","M","R","BOSS","R","$","E","BOSS"],"build_version":"2019-01-23","purchased_purges":4,"victory":false,"max_hp_per_floor":[78,78,78,78,78,78,78,78,78,78,78,78,78,78,78,78,78,78,78,78,78,78,78,78,78,78,78,78,78,78,78,78,78,78,78,78,78,78,78,78,78,78,78,78,78,78,78,78,78,78,78,78,85,85,85],"card_choices":[{"not_picked":["Compile Driver","Reinforced Body"],"picked":"FTL","floor":1},{"not_picked":["Tempest","Chaos"],"picked":"Gash","floor":3},{"not_picked":["Melter","Tempest"],"picked":"Ball Lightning","floor":5},{"not_picked":["Blizzard","Sweeping Beam"],"picked":"Glacier","floor":7},{"not_picked":["FTL","BootSequence"],"picked":"Gash","floor":10},{"not_picked":["Force Field","Barrage"],"picked":"Conserve Battery","floor":14},{"not_picked":["Amplify","Rainbow"],"picked":"All For One","floor":16},{"not_picked":["Compile Driver","Leap","Auto Shields"],"picked":"SKIP","floor":18},{"not_picked":["Stack","Ball Lightning"],"picked":"Reprogram","floor":20},{"not_picked":["Hello World","Tempest","Reprogram"],"picked":"SKIP","floor":22},{"not_picked":["Stack","Beam Cell"],"picked":"Go for the Eyes+1","floor":25},{"not_picked":["Conserve Battery","Skim"],"picked":"Buffer","floor":28},{"not_picked":["Sweeping Beam","Go for the Eyes"],"picked":"Recycle","floor":30},{"not_picked":["Compile Driver","Steam"],"picked":"Coolheaded+1","floor":31},{"not_picked":["Fission","Hyperbeam"],"picked":"Echo Form","floor":33},{"not_picked":["Auto Shields","Cold Snap","Static Discharge"],"picked":"SKIP","floor":35},{"not_picked":["Turbo","Go for the Eyes"],"picked":"Beam Cell","floor":38},{"not_picked":["Barrage","Leap"],"picked":"Hologram","floor":39},{"not_picked":["Turbo","Rebound"],"picked":"Redo+1","floor":41},{"not_picked":["Beam Cell","Barrage+1","Redo"],"picked":"SKIP","floor":42},{"not_picked":["Barrage","Static Discharge","Sunder+1"],"picked":"SKIP","floor":44},{"not_picked":["Rebound","Hologram"],"picked":"Gash+1","floor":45},{"not_picked":["Stack","Conserve Battery"],"picked":"Fusion+1","floor":46},{"not_picked":["Genetic Algorithm","Ball Lightning","Rainbow"],"picked":"SKIP","floor":47},{"not_picked":["Beam Cell","Rebound"],"picked":"Hologram","floor":48},{"not_picked":["Sweeping Beam+1","Compile Driver"],"picked":"All For One","floor":54}],"player_experience":511692,"relics_obtained":[{"floor":7,"key":"Unceasing Top"},{"floor":9,"key":"Regal Pillow"},{"floor":11,"key":"Smiling Mask"},{"floor":14,"key":"Odd Mushroom"},{"floor":26,"key":"DataDisk"},{"floor":28,"key":"Omamori"},{"floor":31,"key":"Vajra"},{"floor":36,"key":"Bag of Preparation"},{"floor":47,"key":"MawBank"},{"floor":54,"key":"Anchor"}],"event_choices":[{"damage_healed":0,"gold_gain":0,"player_choice":"Success","damage_taken":45,"relics_obtained":["Orichalcum"],"max_hp_gain":0,"max_hp_loss":0,"event_name":"Scrap Ooze","floor":2,"gold_loss":0},{"damage_healed":19,"gold_gain":0,"player_choice":"Healed","damage_taken":0,"max_hp_gain":0,"max_hp_loss":0,"event_name":"The Cleric","floor":4,"gold_loss":35},{"damage_healed":0,"gold_gain":0,"player_choice":"Fought Mushrooms","damage_taken":0,"max_hp_gain":0,"max_hp_loss":0,"event_name":"Mushrooms","floor":14,"gold_loss":0},{"damage_healed":0,"gold_gain":0,"player_choice":"1 cards matched","damage_taken":0,"max_hp_gain":0,"max_hp_loss":0,"event_name":"Match and Keep!","floor":19,"gold_loss":0,"cards_obtained":["Zap"]},{"damage_healed":0,"gold_gain":50,"player_choice":"Touch","damage_taken":7,"max_hp_gain":0,"max_hp_loss":0,"event_name":"FaceTrader","floor":21,"gold_loss":0},{"damage_healed":0,"gold_gain":50,"player_choice":"Pray","damage_taken":0,"max_hp_gain":0,"max_hp_loss":0,"event_name":"Golden Shrine","floor":37,"gold_loss":0}],"is_beta":false,"boss_relics":[{"not_picked":["Snecko Eye","Calling Bell"],"picked":"Fusion Hammer"},{"not_picked":["FrozenCore","Lizard Tail"],"picked":"Philosopher\u0027s Stone"}],"items_purged_floors":[12,23,29,53],"is_endless":false,"potions_floor_spawned":[5,7,10,16,25,31,38,39,41,42],"killed_by":"The Heart","ascension_level":17}