{"gold_per_floor":[369,399,364,374,157,184,184,198,225,251,262,262,293,316,316,389,389,402,402,402,189,289,319,319,269,269,304,304,329,347,393,405,489,501,523,555,585,610,622,634,681,693,705,717],"floor_reached":44,"playtime":2174,"items_purged":["Strike_B","Zap"],"score":1019,"play_id":"964e4de5-efaa-4f62-9abb-491ebef2c0a7","local_time":"20190527192328","is_ascension_mode":true,"campfire_choices":[{"floor":7,"key":"REST"},{"floor":12,"key":"REST"},{"data":"Self Repair","floor":15,"key":"SMITH"},{"data":"Sunder","floor":28,"key":"SMITH"},{"data":"Coolheaded","floor":32,"key":"SMITH"},{"data":"Defragment","floor":40,"key":"SMITH"}],"neow_cost":"PERCENT_DAMAGE","seed_source_timestamp":1074300068752592,"circlet_count":0,"master_deck":["AscendersBane","Defend_B","Defend_B","Defend_B","Defend_B","Dualcast","Rebound","Self Repair+1","Ball Lightning","Compile Driver","Reinforced Body","Ball Lightning","Doom and Gloom","Echo Form","Coolheaded+1","Multi-Cast","Chill","Self Repair","Sunder+1","Heatsinks","Coolheaded+1","Chill","Self Repair","Electrodynamics","Defragment+1","Fusion","Loop","Madness","Madness","Zap"],"relics":["Cracked Core","Tiny Chest","Orichalcum","Smiling Mask","Pen Nib","Boot","Meat on the Bone","Odd Mushroom","Snecko Eye","Ginger","Mango","Pear","Strawberry","Bronze Scales","Bag of Preparation","Prayer Wheel","MawBank","Philosopher\u0027s Stone","Symbiotic Virus"],"potions_floor_usage":[11,13,22],"damage_taken":[{"damage":1,"enemies":"Cultist","floor":1,"turns":3},{"damage":4,"enemies":"2 Louse","floor":4,"turns":4},{"damage":25,"enemies":"Gremlin Nob","floor":6,"turns":4},{"damage":9,"enemies":"Jaw Worm","floor":8,"turns":3},{"damage":24,"enemies":"Lagavulin","floor":10,"turns":6},{"damage":8,"enemies":"Exordium Wildlife","floor":11,"turns":4},{"damage":9,"enemies":"Gremlin Nob","floor":13,"turns":4},{"damage":14,"enemies":"The Mushroom Lair","floor":14,"turns":4},{"damage":25,"enemies":"Hexaghost","floor":16,"turns":9},{"damage":5,"enemies":"Spheric Guardian","floor":18,"turns":4},{"damage":8,"enemies":"Colosseum Slavers","floor":22,"turns":3},{"damage":14,"enemies":"Colosseum Nobs","floor":22,"turns":4},{"damage":37,"enemies":"Slavers","floor":23,"turns":4},{"damage":13,"enemies":"Book of Stabbing","floor":27,"turns":5},{"damage":31,"enemies":"Gremlin Leader","floor":29,"turns":6},{"damage":31,"enemies":"Shell Parasite","floor":30,"turns":7},{"damage":31,"enemies":"Collector","floor":33,"turns":10},{"damage":11,"enemies":"3 Shapes","floor":35,"turns":5},{"damage":26,"enemies":"3 Darklings","floor":36,"turns":3},{"damage":20,"enemies":"Maw","floor":37,"turns":7},{"damage":0,"enemies":"4 Shapes","floor":38,"turns":5},{"damage":18,"enemies":"Nemesis","floor":41,"turns":9},{"damage":134,"enemies":"Giant Head","floor":44,"turns":7}],"seed_played":"2091567557602658677","potions_obtained":[{"floor":6,"key":"Energy Potion"},{"floor":8,"key":"Energy Potion"},{"floor":16,"key":"FearPotion"},{"floor":18,"key":"FocusPotion"},{"floor":23,"key":"Fire Potion"},{"floor":38,"key":"Dexterity Potion"}],"is_trial":false,"path_per_floor":["M","?","?","M","$","E","R","M","T","E","M","R","E","?","R","B",null,"M","?","T","$","?","E","?","$","T","E","R","E","M","T","R","B",null,"M","M","M","M","?","R","E","?","T","E"],"character_chosen":"DEFECT","items_purchased":["Orichalcum","Ball Lightning","Self Repair","Sunder"],"campfire_rested":2,"item_purchase_floors":[5,5,21,21],"current_hp_per_floor":[45,27,44,40,40,22,43,41,41,24,23,44,42,47,47,44,64,71,71,71,71,91,81,81,81,81,95,95,98,102,102,102,102,102,102,100,102,102,84,84,102,102,102,0],"gold":717,"neow_bonus":"TWO_FIFTY_GOLD","is_prod":false,"is_daily":false,"chose_seed":false,"campfire_upgraded":4,"win_rate":0,"timestamp":1559010208,"path_taken":["M","?","?","M","$","E","R","M","T","E","M","R","E","?","R","BOSS","M","?","?","$","?","E","?","?","T","E","R","E","M","?","R","BOSS","M","?","M","M","?","R","E","?","T","E"],"build_version":"2019-01-23","purchased_purges":2,"victory":false,"max_hp_per_floor":[71,71,71,71,71,71,71,71,71,71,71,71,71,71,71,71,71,71,71,71,71,95,102,102,102,102,102,102,102,102,102,102,102,102,102,102,102,102,102,102,102,102,102,102],"card_choices":[{"not_picked":["Coolheaded","Beam Cell"],"picked":"Rebound","floor":1},{"not_picked":["Sweeping Beam","Storm"],"picked":"Self Repair","floor":4},{"not_picked":["Sweeping Beam","Go for the Eyes"],"picked":"Compile Driver","floor":6},{"not_picked":["Auto Shields","Turbo"],"picked":"Reinforced Body","floor":8},{"not_picked":["Meteor Strike","Turbo","Barrage"],"picked":"SKIP","floor":10},{"not_picked":["Go for the Eyes","Redo"],"picked":"Ball Lightning","floor":11},{"not_picked":["Rebound","Barrage"],"picked":"Doom and Gloom","floor":13},{"not_picked":["Electrodynamics","Amplify"],"picked":"Echo Form","floor":16},{"not_picked":["Conserve Battery","Reinforced Body"],"picked":"Coolheaded+1","floor":18},{"not_picked":["Ball Lightning","Turbo"],"picked":"Heatsinks","floor":22},{"not_picked":["Gash","Scrape"],"picked":"Coolheaded","floor":23},{"not_picked":["Barrage","Steam"],"picked":"Chill","floor":27},{"not_picked":["White Noise","Go for the Eyes"],"picked":"Self Repair","floor":29},{"not_picked":["Chill","Coolheaded","Redo+1"],"picked":"SKIP","floor":30},{"not_picked":["Blizzard","Rip and Tear","Storm+1"],"picked":"SKIP","floor":30},{"not_picked":["Amplify","Buffer"],"picked":"Electrodynamics","floor":33},{"not_picked":["Gash","Redo","Scrape"],"picked":"SKIP","floor":35},{"not_picked":["Aggregate","Melter+1","Streamline"],"picked":"SKIP","floor":35},{"not_picked":["Compile Driver","Beam Cell"],"picked":"Defragment","floor":36},{"not_picked":["Barrage+1","Redo","Storm"],"picked":"SKIP","floor":36},{"not_picked":["Chill","Darkness"],"picked":"Fusion","floor":37},{"not_picked":["Conserve Battery","Streamline+1","Stack"],"picked":"SKIP","floor":37},{"not_picked":["Steam","Scrape"],"picked":"Loop","floor":38},{"not_picked":["Darkness","Conserve Battery","Turbo"],"picked":"SKIP","floor":38},{"not_picked":["Compile Driver+1","Chaos","Consume"],"picked":"SKIP","floor":41}],"player_experience":542048,"relics_obtained":[{"floor":6,"key":"Smiling Mask"},{"floor":9,"key":"Pen Nib"},{"floor":10,"key":"Boot"},{"floor":13,"key":"Meat on the Bone"},{"floor":14,"key":"Odd Mushroom"},{"floor":20,"key":"Ginger"},{"floor":22,"key":"Mango"},{"floor":22,"key":"Pear"},{"floor":23,"key":"Strawberry"},{"floor":26,"key":"Bronze Scales"},{"floor":27,"key":"Bag of Preparation"},{"floor":29,"key":"Prayer Wheel"},{"floor":31,"key":"MawBank"},{"floor":41,"key":"Symbiotic Virus"}],"event_choices":[{"damage_healed":0,"gold_gain":0,"player_choice":"Success","damage_taken":18,"relics_obtained":["Tiny Chest"],"max_hp_gain":0,"max_hp_loss":0,"event_name":"Scrap Ooze","floor":2,"gold_loss":0},{"damage_healed":17,"gold_gain":0,"player_choice":"Healed","damage_taken":0,"max_hp_gain":0,"max_hp_loss":0,"event_name":"The Cleric","floor":3,"gold_loss":35},{"damage_healed":0,"gold_gain":0,"player_choice":"Fought Mushrooms","damage_taken":0,"max_hp_gain":0,"max_hp_loss":0,"event_name":"Mushrooms","floor":14,"gold_loss":0},{"damage_healed":0,"gold_gain":0,"cards_transformed":["Strike_B","Strike_B"],"player_choice":"Became Test Subject","damage_taken":0,"max_hp_gain":0,"max_hp_loss":0,"event_name":"Drug Dealer","floor":19,"gold_loss":0,"cards_obtained":["Multi-Cast","Chill"]},{"damage_healed":0,"gold_gain":0,"player_choice":"Fight","damage_taken":0,"max_hp_gain":0,"max_hp_loss":0,"event_name":"Colosseum","floor":22,"gold_loss":0},{"damage_healed":0,"gold_gain":0,"player_choice":"Fought Nobs","damage_taken":0,"max_hp_gain":0,"max_hp_loss":0,"event_name":"Colosseum","floor":22,"gold_loss":0},{"cards_removed":["Strike_B"],"damage_healed":0,"gold_gain":0,"player_choice":"Elegance","damage_taken":0,"max_hp_gain":0,"max_hp_loss":0,"event_name":"Back to Basics","floor":24,"gold_loss":0},{"damage_healed":0,"gold_gain":0,"player_choice":"Embrace Madness","damage_taken":18,"max_hp_gain":0,"max_hp_loss":0,"event_name":"Winding Halls","floor":39,"gold_loss":0,"cards_obtained":["Madness","Madness"]},{"damage_healed":0,"gold_gain":0,"player_choice":"1 cards matched","damage_taken":0,"max_hp_gain":0,"max_hp_loss":0,"event_name":"Match and Keep!","floor":42,"gold_loss":0,"cards_obtained":["Zap"]}],"is_beta":false,"boss_relics":[{"not_picked":["Pandora\u0027s Box","Astrolabe"],"picked":"Snecko Eye"},{"not_picked":["Runic Dome","FrozenCore"],"picked":"Philosopher\u0027s Stone"}],"items_purged_floors":[21,25],"is_endless":false,"potions_floor_spawned":[6,8,10,16,18,23,29,38],"killed_by":"Giant Head","ascension_level":18}