{"gold_per_floor":[113,128,86,86,56,56,85,85,85,115,139,214,214,48,48,124,124,141,141,175,25,40,40,40,40,67,86,111,111,184,198,198,277,277,291,391,613,206,225,260,4,38,64,94,107,127,138,156,156,156],"floor_reached":50,"playtime":2404,"items_purged":["Writhe","Regret"],"score":1283,"play_id":"fb5bf2bf-4172-4639-8253-4f49d888a044","local_time":"20191020160035","is_ascension_mode":true,"campfire_choices":[{"data":"Defragment","floor":6,"key":"SMITH"},{"data":"Coolheaded","floor":8,"key":"SMITH"},{"floor":13,"key":"REST"},{"data":"Rainbow","floor":15,"key":"SMITH"},{"floor":23,"key":"REST"},{"floor":24,"key":"REST"},{"floor":32,"key":"REST"},{"floor":49,"key":"RECALL"}],"neow_cost":"NONE","seed_source_timestamp":686567440813000,"circlet_count":0,"master_deck":["AscendersBane","Strike_B+1","Strike_B+1","Strike_B+1","Strike_B+1","Defend_B+1","Defend_B+1","Defend_B+1","Defend_B+1","Zap","Dualcast","Cold Snap","Coolheaded+1","Defragment+1","Compile Driver","Gash","Rainbow+1","Genetic Algorithm","Core Surge","Chaos+1","Self Repair","Coolheaded","Self Repair","Hologram","Biased Cognition","Gash","Defragment","Loop","Electrodynamics","Loop","Defragment+1","Echo Form","Defragment+1","Stack","Genetic Algorithm","Loop+1","Coolheaded"],"relics":["Cracked Core","NeowsBlessing","Pen Nib","Mercury Hourglass","WingedGreaves","Odd Mushroom","DataDisk","Fusion Hammer","Boot","Red Mask","Strawberry","Omamori","Symbiotic Virus","Calling Bell","Bronze Scales","Question Card","FossilizedHelix","Prayer Wheel","OrangePellets","Potion Belt","PreservedInsect","Emotion Chip","Happy Flower"],"potions_floor_usage":[20,28,28,28,33,47],"damage_taken":[{"damage":0,"enemies":"Small Slimes","floor":1,"turns":1},{"damage":0,"enemies":"Jaw Worm","floor":2,"turns":1},{"damage":0,"enemies":"3 Sentries","floor":7,"turns":1},{"damage":13,"enemies":"Lagavulin","floor":10,"turns":7},{"damage":19,"enemies":"The Mushroom Lair","floor":11,"turns":4},{"damage":30,"enemies":"Hexaghost","floor":16,"turns":9},{"damage":11,"enemies":"3 Byrds","floor":18,"turns":3},{"damage":37,"enemies":"Masked Bandits","floor":20,"turns":4},{"damage":11,"enemies":"2 Thieves","floor":22,"turns":3},{"damage":0,"enemies":"Centurion and Healer","floor":27,"turns":7},{"damage":9,"enemies":"Gremlin Leader","floor":28,"turns":6},{"damage":0,"enemies":"Snecko","floor":31,"turns":7},{"damage":56,"enemies":"Collector","floor":33,"turns":15},{"damage":3,"enemies":"Orb Walker","floor":35,"turns":4},{"damage":7,"enemies":"Mind Bloom Boss Battle","floor":36,"turns":7},{"damage":23,"enemies":"3 Darklings","floor":39,"turns":8},{"damage":10,"enemies":"Nemesis","floor":40,"turns":9},{"damage":9,"enemies":"Reptomancer","floor":42,"turns":5},{"damage":18,"enemies":"Giant Head","floor":44,"turns":9},{"damage":10,"enemies":"Maw","floor":45,"turns":6},{"damage":0,"enemies":"4 Shapes","floor":46,"turns":7},{"damage":4,"enemies":"Spire Growth","floor":47,"turns":5},{"damage":16,"enemies":"Sphere and 2 Shapes","floor":48,"turns":3},{"damage":73,"enemies":"Awakened One","floor":50,"turns":10}],"seed_played":"7201445858589586101","potions_obtained":[{"floor":2,"key":"Energy Potion"},{"floor":7,"key":"LiquidBronze"},{"floor":20,"key":"EntropicBrew"},{"floor":28,"key":"Ancient Potion"},{"floor":36,"key":"LiquidBronze"},{"floor":40,"key":"Energy Potion"},{"floor":42,"key":"SpeedPotion"},{"floor":47,"key":"Strength Potion"}],"is_trial":false,"path_per_floor":["M","M","$","?","$","R","E","R","T","E","?","?","R","$","R","B",null,"M","?","?","$","M","R","R","?","T","M","E","$","T","M","R","B",null,"M","?","?","$","M","E","$","E","T","E","M","M","M","M","R","B"],"character_chosen":"DEFECT","items_purchased":["Defragment","Compile Driver","DataDisk","Self Repair","OrangePellets","Loop","PreservedInsect","Loop"],"campfire_rested":4,"item_purchase_floors":[3,5,14,21,38,38,41,41],"current_hp_per_floor":[64,64,64,69,69,69,69,69,69,56,37,26,48,48,48,18,62,51,51,14,14,3,25,47,47,54,61,66,66,66,73,83,41,73,83,83,83,83,74,71,71,76,76,72,69,76,79,70,70,0],"gold":156,"neow_bonus":"THREE_ENEMY_KILL","is_prod":false,"is_daily":false,"chose_seed":false,"campfire_upgraded":3,"win_rate":0,"timestamp":1571612435,"path_taken":["M","M","$","?","$","R","E","R","T","E","?","?","R","$","R","BOSS","M","?","?","$","M","R","R","?","T","?","E","?","?","M","R","BOSS","M","?","?","$","M","E","$","E","T","E","M","M","M","M","R","BOSS"],"build_version":"2019-07-17","purchased_purges":2,"victory":false,"max_hp_per_floor":[71,71,71,76,76,76,76,76,76,76,76,76,76,76,76,76,76,76,76,76,76,76,76,76,76,83,83,83,83,83,83,83,83,83,83,83,83,83,83,83,83,83,83,83,83,83,83,83,83,83],"card_choices":[{"not_picked":["Gash","Steam"],"picked":"Cold Snap","floor":1},{"not_picked":["Chill","White Noise"],"picked":"Coolheaded","floor":2},{"not_picked":["Melter","Streamline"],"picked":"Gash","floor":7},{"not_picked":["Coolheaded","Doom and Gloom"],"picked":"Rainbow","floor":10},{"not_picked":["Stack","Cold Snap"],"picked":"Genetic Algorithm","floor":11},{"not_picked":["Reboot","All For One"],"picked":"Core Surge","floor":16},{"not_picked":["Sunder","Double Energy"],"picked":"Chaos+1","floor":18},{"not_picked":["Cold Snap","Ball Lightning"],"picked":"Coolheaded","floor":22},{"not_picked":["Rip and Tear","Rebound+1"],"picked":"Self Repair","floor":27},{"not_picked":["Hyperbeam","Static Discharge"],"picked":"Hologram","floor":28},{"not_picked":["Turbo","Beam Cell","Sunder"],"picked":"SKIP","floor":31},{"not_picked":["Fission","Meteor Strike"],"picked":"Biased Cognition","floor":33},{"not_picked":["Blizzard","Steam Power","Leap"],"picked":"Gash","floor":35},{"not_picked":["Sweeping Beam","Recycle","BootSequence"],"picked":"Defragment","floor":36},{"not_picked":["Tempest","Scrape","Go for the Eyes","Reinforced Body"],"picked":"SKIP","floor":39},{"not_picked":["Rebound","Leap+1","Streamline","Sweeping Beam"],"picked":"SKIP","floor":39},{"not_picked":["Compile Driver","Multi-Cast","Biased Cognition"],"picked":"Electrodynamics","floor":40},{"not_picked":["Cold Snap","Sweeping Beam","Darkness"],"picked":"Defragment+1","floor":42},{"not_picked":["Compile Driver","Hello World","Streamline"],"picked":"Echo Form","floor":44},{"not_picked":["Stack","Hologram+1","Conserve Battery"],"picked":"Defragment+1","floor":45},{"not_picked":["Self Repair","Reprogram","Loop"],"picked":"Stack","floor":45},{"not_picked":["Redo","Turbo","Barrage+1","Auto Shields+1"],"picked":"SKIP","floor":46},{"not_picked":["Streamline","Rainbow","Fusion","Stack"],"picked":"SKIP","floor":46},{"not_picked":["Cold Snap","Fusion","Hologram"],"picked":"Genetic Algorithm","floor":47},{"not_picked":["Aggregate","Ball Lightning","FTL"],"picked":"Loop+1","floor":47},{"not_picked":["Steam+1","Loop","Genetic Algorithm"],"picked":"Coolheaded","floor":48},{"not_picked":["Melter","Lockon","Barrage","Cold Snap"],"picked":"SKIP","floor":48}],"player_experience":871234,"relics_obtained":[{"floor":7,"key":"Pen Nib"},{"floor":9,"key":"Mercury Hourglass"},{"floor":10,"key":"WingedGreaves"},{"floor":11,"key":"Odd Mushroom"},{"floor":20,"key":"Red Mask"},{"floor":26,"key":"Strawberry"},{"floor":28,"key":"Omamori"},{"floor":30,"key":"Symbiotic Virus"},{"floor":34,"key":"Bronze Scales"},{"floor":34,"key":"Question Card"},{"floor":34,"key":"FossilizedHelix"},{"floor":36,"key":"Prayer Wheel"},{"floor":40,"key":"Potion Belt"},{"floor":42,"key":"Emotion Chip"},{"floor":44,"key":"Happy Flower"}],"event_choices":[{"damage_healed":0,"gold_gain":0,"player_choice":"Donut","damage_taken":0,"max_hp_gain":5,"max_hp_loss":0,"event_name":"Big Fish","floor":4,"gold_loss":0},{"damage_healed":0,"gold_gain":0,"player_choice":"Fought Mushrooms","damage_taken":0,"max_hp_gain":0,"max_hp_loss":0,"event_name":"Mushrooms","floor":11,"gold_loss":0},{"damage_healed":0,"gold_gain":75,"player_choice":"Gather Gold","damage_taken":11,"max_hp_gain":0,"max_hp_loss":0,"event_name":"World of Goop","floor":12,"gold_loss":0},{"damage_healed":0,"gold_gain":0,"player_choice":"Opened","damage_taken":0,"relics_obtained":["Boot"],"max_hp_gain":0,"max_hp_loss":0,"event_name":"The Mausoleum","floor":19,"gold_loss":0,"cards_obtained":["Writhe"]},{"damage_healed":0,"gold_gain":0,"player_choice":"Fought Bandits","damage_taken":0,"max_hp_gain":0,"max_hp_loss":0,"event_name":"Masked Bandits","floor":20,"gold_loss":0},{"damage_healed":0,"gold_gain":0,"player_choice":"Simplicity","damage_taken":0,"max_hp_gain":0,"max_hp_loss":0,"event_name":"Back to Basics","floor":25,"gold_loss":0,"cards_upgraded":["Strike_B","Strike_B","Strike_B","Strike_B","Defend_B","Defend_B","Defend_B","Defend_B"]},{"damage_healed":0,"gold_gain":0,"player_choice":"Fight","damage_taken":0,"max_hp_gain":0,"max_hp_loss":0,"event_name":"MindBloom","floor":36,"gold_loss":0},{"damage_healed":0,"gold_gain":222,"player_choice":"Wore Mask","damage_taken":0,"max_hp_gain":0,"max_hp_loss":0,"event_name":"Tomb of Lord Red Mask","floor":37,"gold_loss":0}],"is_beta":false,"boss_relics":[{"not_picked":["Nuclear Battery","Busted Crown"],"picked":"Fusion Hammer"},{"not_picked":["FrozenCore","White Beast Statue"],"picked":"Calling Bell"}],"items_purged_floors":[21,38],"is_endless":false,"potions_floor_spawned":[2,7,11,20,28,31,36,40,42,44,47],"killed_by":"Awakened One","ascension_level":20}