{"gold_per_floor":[115,132,143,68,84,112,112,137,137,154,169,169,179,206,206,308,308,319,140,140,156,173,173,204,204,204,232,251,267,285,296,296,392,392,404,404,416,89,108,108,138,138,138,138,158,8,8,8,8,8],"floor_reached":51,"playtime":3254,"items_purged":["Strike_B","Strike_B","Strike_B","Strike_B"],"score":718,"play_id":"bc40aa59-af21-4887-a2fe-e020d3f62166","local_time":"20191026144317","is_ascension_mode":false,"campfire_choices":[{"floor":7.0,"key":"REST"},{"data":"Conserve Battery","floor":12.0,"key":"SMITH"},{"floor":15.0,"key":"REST"},{"data":"Defragment","floor":23.0,"key":"SMITH"},{"data":"Chaos","floor":25.0,"key":"SMITH"},{"data":"Defragment","floor":32,"key":"SMITH"},{"floor":40,"key":"REST"},{"data":"Fission","floor":44,"key":"SMITH"},{"data":"Rainbow","floor":49,"key":"SMITH"}],"neow_cost":"NONE","seed_source_timestamp":0,"circlet_count":0,"master_deck":["Defend_B","Defend_B","Defend_B","Defend_B","Zap","Dualcast","Reboot","Capacitor","Sweeping Beam","Conserve Battery+1","Coolheaded","Ball Lightning","Genetic Algorithm","Streamline","Seek","Chaos+1","Static Discharge","Rainbow+1","BootSequence","Defragment+1","Rebound+1","Glacier","Defragment+1","Tempest","Fission+1","Self Repair+1","Glacier","Chill"],"special_seed":0,"relics":["Cracked Core","Regal Pillow","Peace Pipe","Ornamental Fan","Mercury Hourglass","Eternal Feather","Anchor","Sundial","StoneCalendar","Inserter","DollysMirror","PreservedInsect","Pen Nib","Bottled Lightning"],"potions_floor_usage":[33,33,37,48,50],"damage_taken":[{"damage":1.0,"enemies":"Jaw Worm","floor":1.0,"turns":3.0},{"damage":1.0,"enemies":"Cultist","floor":2.0,"turns":3.0},{"damage":6.0,"enemies":"Small Slimes","floor":3.0,"turns":3.0},{"damage":6.0,"enemies":"3 Louse","floor":5.0,"turns":3.0},{"damage":24.0,"enemies":"3 Sentries","floor":6.0,"turns":10.0},{"damage":19.0,"enemies":"Lagavulin","floor":8.0,"turns":6.0},{"damage":9.0,"enemies":"Exordium Wildlife","floor":10.0,"turns":4.0},{"damage":9.0,"enemies":"Lots of Slimes","floor":11.0,"turns":3.0},{"damage":3.0,"enemies":"3 Louse","floor":13.0,"turns":3.0},{"damage":11.0,"enemies":"Gremlin Nob","floor":14.0,"turns":3.0},{"damage":7.0,"enemies":"The Guardian","floor":16.0,"turns":10.0},{"damage":9.0,"enemies":"Chosen","floor":18.0,"turns":6.0},{"damage":10.0,"enemies":"3 Byrds","floor":21.0,"turns":4.0},{"damage":10.0,"enemies":"Snake Plant","floor":22.0,"turns":3.0},{"damage":18.0,"enemies":"Slavers","floor":24.0,"turns":6.0},{"damage":18.0,"enemies":"Gremlin Leader","floor":27.0,"turns":7.0},{"damage":5.0,"enemies":"3 Cultists","floor":28.0,"turns":4.0},{"damage":0.0,"enemies":"Snecko","floor":29.0,"turns":5.0},{"damage":0,"enemies":"Shelled Parasite and Fungi","floor":30,"turns":6},{"damage":5,"enemies":"Cultist and Chosen","floor":31,"turns":5},{"damage":15,"enemies":"Champ","floor":33,"turns":9},{"damage":9,"enemies":"3 Darklings","floor":35,"turns":5},{"damage":33,"enemies":"3 Shapes","floor":37,"turns":4},{"damage":28,"enemies":"Maw","floor":39,"turns":8},{"damage":42,"enemies":"Reptomancer","floor":41,"turns":7},{"damage":1,"enemies":"4 Shapes","floor":45,"turns":7},{"damage":0,"enemies":"Writhing Mass","floor":48,"turns":2},{"damage":50,"enemies":"Awakened One","floor":50,"turns":14}],"seed_played":"9056736622632352376","potions_obtained":[{"floor":1.0,"key":"Weak Potion"},{"floor":5.0,"key":"Dexterity Potion"},{"floor":6.0,"key":"Fire Potion"},{"floor":10.0,"key":"Block Potion"},{"floor":18.0,"key":"AttackPotion"},{"floor":29,"key":"SteroidPotion"},{"floor":30,"key":"Regen Potion"},{"floor":33,"key":"Block Potion"},{"floor":41,"key":"Energy Potion"},{"floor":45,"key":"SmokeBomb"}],"is_trial":false,"path_per_floor":["M","M","M","$","M","E","R","E","T","M","M","R","M","E","R","B",null,"M","$","?","M","M","R","E","R","T","E","M","M","M","M","R","B",null,"M","?","M","$","M","R","E","?","T","R","M","$","T","M","R","B",null],"character_chosen":"DEFECT","items_purchased":["Defragment","DollysMirror"],"campfire_rested":3,"item_purchase_floors":[19,38],"current_hp_per_floor":[74,73,67,67,61,37,74,55,55,46,37,37,34,23,60,53,75,66,66,66,56,46,58,40,52,52,34,29,29,29,24,39,39,75,66,66,43,43,25,75,43,43,43,58,67,67,67,75,75,35],"gold":8,"neow_bonus":"ONE_RANDOM_RARE_CARD","is_prod":false,"is_daily":false,"chose_seed":false,"campfire_upgraded":6,"win_rate":0,"timestamp":1572115397,"path_taken":["M","M","M","$","M","E","R","E","T","M","M","R","M","E","R","BOSS","M","$","?","?","M","R","E","R","T","E","M","M","M","M","R","BOSS","M","?","M","$","M","R","E","?","T","R","M","$","?","?","R","BOSS"],"build_version":"2019-07-17","purchased_purges":4,"victory":true,"max_hp_per_floor":[75,75,75,75,75,75,75,75,75,75,75,75,75,75,75,75,75,75,75,75,75,75,75,75,75,75,75,75,75,75,75,75,75,75,75,75,75,75,75,75,75,75,75,75,75,75,75,75,75,75],"card_choices":[{"not_picked":["Ball Lightning","Gash"],"picked":"Capacitor","floor":1.0},{"not_picked":["Hologram","Ball Lightning"],"picked":"Sweeping Beam","floor":2.0},{"not_picked":["Steam","Capacitor"],"picked":"Conserve Battery","floor":3.0},{"not_picked":["Compile Driver","Gash"],"picked":"Coolheaded","floor":5.0},{"not_picked":["Hologram","Barrage"],"picked":"Ball Lightning","floor":6.0},{"not_picked":["Streamline","Blizzard"],"picked":"Genetic Algorithm","floor":8.0},{"not_picked":["Barrage","Steam"],"picked":"Streamline","floor":10.0},{"not_picked":["Redo","Stack"],"picked":"Seek","floor":11.0},{"not_picked":["Reprogram","Conserve Battery"],"picked":"Chaos","floor":13.0},{"not_picked":["Go for the Eyes","Turbo"],"picked":"Static Discharge","floor":14.0},{"not_picked":["Fission","Creative AI"],"picked":"Rainbow","floor":16.0},{"not_picked":["Coolheaded","Stack+1"],"picked":"BootSequence","floor":18.0},{"not_picked":["Conserve Battery","Streamline"],"picked":"Rebound+1","floor":21.0},{"not_picked":["Melter","Capacitor"],"picked":"Glacier","floor":22.0},{"not_picked":["Heatsinks","Rip and Tear","Ball Lightning+1"],"picked":"SKIP","floor":24.0},{"not_picked":["Chaos","Ball Lightning+1"],"picked":"Defragment","floor":27.0},{"not_picked":["Static Discharge+1","Loop","Barrage"],"picked":"SKIP","floor":28.0},{"not_picked":["Ball Lightning+1","Hello World+1"],"picked":"Tempest","floor":29},{"not_picked":["Conserve Battery","BootSequence","Stack"],"picked":"SKIP","floor":30},{"not_picked":["Scrape","Beam Cell+1","Compile Driver"],"picked":"SKIP","floor":31},{"not_picked":["Thunder Strike","Creative AI"],"picked":"Fission","floor":33},{"not_picked":["Streamline+1","Rip and Tear"],"picked":"Self Repair+1","floor":35},{"not_picked":["Blizzard","Sweeping Beam","Redo"],"picked":"SKIP","floor":37},{"not_picked":["Lockon+1","Sunder"],"picked":"Chill","floor":39},{"not_picked":["Sweeping Beam","Conserve Battery+1","Rebound+1"],"picked":"SKIP","floor":41},{"not_picked":["Beam Cell+1","Heatsinks","Consume"],"picked":"SKIP","floor":45}],"player_experience":461125,"relics_obtained":[{"floor":6.0,"key":"Regal Pillow"},{"floor":8.0,"key":"Peace Pipe"},{"floor":9.0,"key":"Ornamental Fan"},{"floor":14.0,"key":"Mercury Hourglass"},{"floor":24.0,"key":"Anchor"},{"floor":26.0,"key":"Sundial"},{"floor":27.0,"key":"StoneCalendar"},{"floor":41,"key":"PreservedInsect"},{"floor":43,"key":"Pen Nib"},{"floor":47,"key":"Bottled Lightning"}],"event_choices":[{"damage_healed":0.0,"max_hp_gain":0.0,"max_hp_loss":0.0,"gold_gain":0.0,"event_name":"The Woman in Blue","player_choice":"Bought 0 Potions","floor":20.0,"gold_loss":0.0,"damage_taken":0.0},{"damage_healed":0,"gold_gain":0,"player_choice":"Ignored","damage_taken":0,"max_hp_gain":0,"max_hp_loss":0,"event_name":"Mysterious Sphere","floor":36,"gold_loss":0},{"damage_healed":0,"gold_gain":0,"player_choice":"Memory 1","damage_taken":0,"max_hp_gain":0,"max_hp_loss":0,"event_name":"SensoryStone","floor":42,"gold_loss":0}],"is_beta":false,"boss_relics":[{"not_picked":["Runic Dome","Tiny House"],"picked":"Eternal Feather"},{"not_picked":["Sozu","Snecko Eye"],"picked":"Inserter"}],"items_purged_floors":[4,19,38,46],"is_endless":false,"potions_floor_spawned":[1,5,6,10,18,29,30,33,41,45],"ascension_level":0}