{"gold_per_floor":[116,127,31,31,181,181,208,218,218,218,243,253,25,40,40,113,113,126,126,146,61,61],"floor_reached":22,"playtime":539,"items_purged":[],"score":513,"play_id":"6c5bfaa4-7547-499f-a867-0f30e8749567","local_time":"20190720150001","is_ascension_mode":true,"campfire_choices":[{"data":"Zap","floor":6,"key":"SMITH"},{"data":"Gash","floor":15,"key":"SMITH"}],"neow_cost":"NONE","seed_source_timestamp":793573953765889,"circlet_count":0,"master_deck":["AscendersBane","Defend_B","Defend_B","Defend_B","Defend_B","Zap+1","Dualcast","Cold Snap","Auto Shields","Ball Lightning","Darkness+1","Doubt","Conserve Battery","All For One","Gash+1","Go for the Eyes","Coolheaded","Undo","Creative AI","Fusion","Bite","Bite","Bite","Bite","Bite","Chill+1"],"relics":["Cracked Core","NeowsBlessing","Cables","PreservedInsect","Darkstone Periapt","Pear","Nuclear Battery","Symbiotic Virus"],"potions_floor_usage":[16,16,22],"damage_taken":[{"damage":0,"enemies":"Cultist","floor":1,"turns":1},{"damage":0,"enemies":"Jaw Worm","floor":2,"turns":1},{"damage":0,"enemies":"3 Sentries","floor":7,"turns":1},{"damage":0,"enemies":"2 Louse","floor":8,"turns":3},{"damage":0,"enemies":"Gremlin Nob","floor":11,"turns":2},{"damage":1,"enemies":"Blue Slaver","floor":12,"turns":3},{"damage":0,"enemies":"Looter","floor":14,"turns":2},{"damage":12,"enemies":"Slime Boss","floor":16,"turns":7},{"damage":21,"enemies":"3 Byrds","floor":18,"turns":6},{"damage":0,"enemies":"Spheric Guardian","floor":20,"turns":3},{"damage":75,"enemies":"Masked Bandits","floor":22,"turns":4}],"seed_played":"-5214466878390152765","potions_obtained":[{"floor":7,"key":"Strength Potion"},{"floor":8,"key":"Strength Potion"},{"floor":16,"key":"Strength Potion"},{"floor":20,"key":"Dexterity Potion"}],"is_trial":false,"path_per_floor":["M","M","$","?","?","R","E","M","T","T","E","M","$","M","R","B",null,"M","?","M","?","?"],"character_chosen":"DEFECT","items_purchased":["Ball Lightning","Darkness","Blood Vial","Coolheaded"],"campfire_rested":0,"item_purchase_floors":[3,3,13,13],"current_hp_per_floor":[64,64,64,64,64,64,64,64,64,64,74,73,73,75,75,65,77,58,58,62,62,0],"gold":61,"neow_bonus":"THREE_ENEMY_KILL","is_prod":false,"is_daily":false,"chose_seed":false,"campfire_upgraded":2,"win_rate":0,"timestamp":1563660001,"path_taken":["M","?","$","?","?","R","E","M","T","?","E","M","?","M","R","BOSS","M","?","M","?","?"],"build_version":"2019-07-17","purchased_purges":0,"victory":false,"max_hp_per_floor":[71,71,71,71,71,71,71,71,71,71,81,81,81,81,81,81,81,81,81,81,81,81],"card_choices":[{"not_picked":["Blizzard","Rebound"],"picked":"Cold Snap","floor":1},{"not_picked":["Force Field","Double Energy"],"picked":"Auto Shields","floor":2},{"not_picked":["White Noise","Leap"],"picked":"Conserve Battery","floor":7},{"not_picked":["Ball Lightning","Cold Snap"],"picked":"All For One","floor":8},{"not_picked":["Steam","Hologram"],"picked":"Gash","floor":11},{"not_picked":["Stack","Sweeping Beam"],"picked":"Go for the Eyes","floor":12},{"not_picked":["Reprogram","Ball Lightning"],"picked":"Undo","floor":14},{"not_picked":["Reboot","Seek"],"picked":"Creative AI","floor":16},{"not_picked":["Coolheaded","Streamline"],"picked":"Fusion","floor":18},{"not_picked":["Reinforced Body","Beam Cell"],"picked":"Chill+1","floor":20}],"player_experience":695015,"relics_obtained":[{"floor":7,"key":"Cables"},{"floor":9,"key":"PreservedInsect"},{"floor":10,"key":"Darkstone Periapt"},{"floor":11,"key":"Pear"}],"event_choices":[{"damage_healed":0,"gold_gain":0,"player_choice":"Grow","damage_taken":0,"max_hp_gain":0,"max_hp_loss":0,"event_name":"Living Wall","floor":4,"gold_loss":0,"cards_upgraded":["Darkness"]},{"damage_healed":0,"gold_gain":150,"player_choice":"AGREE","damage_taken":0,"max_hp_gain":0,"max_hp_loss":0,"event_name":"Liars Game","floor":5,"gold_loss":0,"cards_obtained":["Doubt"]},{"damage_healed":0,"gold_gain":0,"player_choice":"Became a vampire (Vial)","damage_taken":0,"max_hp_gain":0,"max_hp_loss":0,"event_name":"Vampires","floor":19,"relics_lost":["Blood Vial"],"gold_loss":0,"cards_obtained":["Bite","Bite","Bite","Bite","Bite"]},{"damage_healed":0,"gold_gain":0,"player_choice":"Obtained Relic","damage_taken":0,"relics_obtained":["Symbiotic Virus"],"max_hp_gain":0,"max_hp_loss":0,"event_name":"Addict","floor":21,"gold_loss":85},{"damage_healed":0,"gold_gain":0,"player_choice":"Fought Bandits","damage_taken":0,"max_hp_gain":0,"max_hp_loss":0,"event_name":"Masked Bandits","floor":22,"gold_loss":0}],"is_beta":false,"boss_relics":[{"not_picked":["Astrolabe","Orrery"],"picked":"Nuclear Battery"}],"items_purged_floors":[],"is_endless":false,"potions_floor_spawned":[7,8,12,16,20],"killed_by":"Masked Bandits","ascension_level":20}