{"gold_per_floor":[116,116,191,42,42,42,83,96,153,153,153,167,167,203,203,323,623,644,644,644,71,71,106,125,125,125,139,190,190,205,205,205,333,333,349,76,92,140,161,161,161,182,182,196,196,46,62,105,105,105],"floor_reached":51,"playtime":3773,"items_purged":["Strike_P","Defend_P","Vigilance+1","Bite"],"score":801,"play_id":"f87c8d52-6417-404b-8929-d0252cadad12","local_time":"20190914081736","is_ascension_mode":false,"campfire_choices":[{"data":"MasterReality","floor":11,"key":"SMITH"},{"data":"ThirdEye","floor":13,"key":"SMITH"},{"data":"Vigilance","floor":15,"key":"SMITH"},{"data":"MasterReality","floor":25,"key":"SMITH"},{"data":"Perseverance","floor":29,"key":"SMITH"},{"floor":32,"key":"REST"},{"data":"Establishment","floor":40,"key":"SMITH"},{"data":"Consecrate","floor":45,"key":"SMITH"},{"floor":49,"key":"REST"}],"neow_cost":"NONE","seed_source_timestamp":20103129406400,"circlet_count":0,"master_deck":["Defend_P","Defend_P","Eruption","FearNoEvil","MasterReality+1","ThirdEye+1","Evaluate","Fasting","MasterReality+1","CurseOfTheBell","Consecrate+1","Establishment+1","Bite","Bite","Bite","Bite","Perseverance+1","Protect+1"],"relics":["PureWater","NeowsBlessing","Golden Idol","Tiny Chest","Boot","Potion Belt","Calling Bell","Centennial Puzzle","Pear","Old Coin","Oddly Smooth Stone","ClockworkSouvenir","Kunai","Meat on the Bone","Vajra","SacredBark","Happy Flower","CaptainsWheel","Lantern"],"potions_floor_usage":[16,21,33,35,48,48,50,50,50],"damage_taken":[{"damage":0,"enemies":"Jaw Worm","floor":1,"turns":1},{"damage":0,"enemies":"Gremlin Nob","floor":7,"turns":1},{"damage":0,"enemies":"Small Slimes","floor":8,"turns":2},{"damage":0,"enemies":"2 Louse","floor":12,"turns":3},{"damage":10,"enemies":"Lagavulin","floor":14,"turns":5},{"damage":0,"enemies":"Slime Boss","floor":16,"turns":5},{"damage":5,"enemies":"Shell Parasite","floor":18,"turns":13},{"damage":42,"enemies":"Gremlin Leader","floor":23,"turns":8},{"damage":15,"enemies":"Chosen","floor":24,"turns":5},{"damage":20,"enemies":"Centurion and Healer","floor":27,"turns":5},{"damage":0,"enemies":"Snecko","floor":30,"turns":7},{"damage":29,"enemies":"Champ","floor":33,"turns":12},{"damage":9,"enemies":"Orb Walker","floor":35,"turns":2},{"damage":1,"enemies":"3 Shapes","floor":37,"turns":6},{"damage":9,"enemies":"Maw","floor":39,"turns":7},{"damage":10,"enemies":"3 Darklings","floor":42,"turns":6},{"damage":28,"enemies":"Sphere and 2 Shapes","floor":44,"turns":7},{"damage":3,"enemies":"Spire Growth","floor":47,"turns":4},{"damage":18,"enemies":"Reptomancer","floor":48,"turns":8},{"damage":62,"enemies":"Awakened One","floor":50,"turns":20}],"seed_played":"-5068483926022457018","potions_obtained":[{"floor":1,"key":"StancePotion"},{"floor":7,"key":"SteroidPotion"},{"floor":24,"key":"AttackPotion"},{"floor":35,"key":"Poison Potion"},{"floor":37,"key":"PowerPotion"}],"is_trial":false,"path_per_floor":["M","?","?","$","?","$","E","M","T","T","R","M","R","E","R","B",null,"M","?","?","$","?","E","M","R","T","M","T","R","M","?","R","B",null,"M","$","M","T","M","R","?","M","T","M","R","$","M","E","R","B",null],"character_chosen":"WATCHER","items_purchased":["MasterReality","Establishment","Oddly Smooth Stone","ClockworkSouvenir","Fruit Juice","Energy Potion","Energy Potion","Weak Potion"],"campfire_rested":2,"item_purchase_floors":[4,21,21,21,21,36,36,36],"current_hp_per_floor":[65,49,38,38,59,59,59,61,61,61,61,63,63,55,55,57,75,70,70,70,75,75,50,45,45,45,49,49,49,51,51,75,76,80,71,71,80,80,79,79,79,79,79,64,64,64,65,59,80,52],"gold":105,"neow_bonus":"THREE_ENEMY_KILL","is_prod":false,"is_daily":false,"chose_seed":false,"campfire_upgraded":7,"win_rate":0.0,"timestamp":1568441856,"path_taken":["M","?","?","$","?","$","E","M","T","?","R","M","R","E","R","BOSS","M","?","?","$","?","E","M","R","T","M","?","R","?","?","R","BOSS","M","$","M","?","M","R","?","M","T","M","R","$","M","E","R","BOSS"],"build_version":"2019-09-12","purchased_purges":4,"victory":true,"max_hp_per_floor":[65,65,65,65,65,65,65,65,65,65,65,65,65,65,65,65,75,75,75,75,80,80,80,80,80,80,80,80,80,80,80,80,80,80,80,80,80,80,80,80,80,80,80,80,80,80,80,80,80,80],"card_choices":[{"not_picked":["WaveOfTheHand","CrushJoints"],"picked":"FearNoEvil","floor":1},{"not_picked":["EmptyMind","FlyingSleeves"],"picked":"ThirdEye","floor":7},{"not_picked":["Crescendo","SandsOfTime"],"picked":"Evaluate","floor":8},{"not_picked":["ClearTheMind","BowlingBash"],"picked":"Fasting","floor":12},{"not_picked":["EmptyMind","PathToVictory","Scrawl"],"picked":"SKIP","floor":14},{"not_picked":["DevaForm","Vault"],"picked":"MasterReality","floor":16},{"not_picked":["Tantrum+1","Sanctity+1"],"picked":"Consecrate","floor":18},{"not_picked":["Establishment","CrushJoints","DeceiveReality"],"picked":"SKIP","floor":23},{"not_picked":["PathToVictory","Crescendo","ClearTheMind"],"picked":"SKIP","floor":24},{"not_picked":["CarveReality","CutThroughFate"],"picked":"Perseverance","floor":27},{"not_picked":["Halt","FlyingSleeves"],"picked":"Protect+1","floor":30},{"not_picked":["SandsOfTime+1","FollowUp","FearNoEvil+1"],"picked":"SKIP","floor":35},{"not_picked":["ThirdEye","FollowUp","Establishment"],"picked":"SKIP","floor":37},{"not_picked":["Consecrate+1","JustLucky+1","ForeignInfluence+1"],"picked":"SKIP","floor":39},{"not_picked":["Crescendo+1","ClearTheMind+1","CleanseEvil+1"],"picked":"SKIP","floor":42},{"not_picked":["CleanseEvil+1","Tantrum","Conclude+1"],"picked":"SKIP","floor":44},{"not_picked":["MasterReality","Fasting","CleanseEvil"],"picked":"SKIP","floor":47},{"not_picked":["FlyingSleeves","Unraveling","Protect+1"],"picked":"SKIP","floor":48}],"player_experience":445539,"relics_obtained":[{"floor":7,"key":"Blood Vial"},{"floor":9,"key":"Tiny Chest"},{"floor":10,"key":"Boot"},{"floor":14,"key":"Potion Belt"},{"floor":17,"key":"Centennial Puzzle"},{"floor":17,"key":"Pear"},{"floor":17,"key":"Old Coin"},{"floor":23,"key":"Kunai"},{"floor":26,"key":"Meat on the Bone"},{"floor":28,"key":"Vajra"},{"floor":38,"key":"Happy Flower"},{"floor":43,"key":"CaptainsWheel"},{"floor":48,"key":"Lantern"}],"event_choices":[{"damage_healed":0,"gold_gain":0,"player_choice":"Take Damage","damage_taken":16,"relics_obtained":["Golden Idol"],"max_hp_gain":0,"max_hp_loss":0,"event_name":"Golden Idol","floor":2,"gold_loss":0},{"damage_healed":0,"gold_gain":75,"player_choice":"Gather Gold","damage_taken":11,"max_hp_gain":0,"max_hp_loss":0,"event_name":"World of Goop","floor":3,"gold_loss":0},{"damage_healed":21,"gold_gain":0,"player_choice":"Banana","damage_taken":0,"max_hp_gain":0,"max_hp_loss":0,"event_name":"Big Fish","floor":5,"gold_loss":0},{"cards_removed":["Defend_P"],"damage_healed":0,"gold_gain":0,"player_choice":"Elegance","damage_taken":0,"max_hp_gain":0,"max_hp_loss":0,"event_name":"Back to Basics","floor":19,"gold_loss":0},{"damage_healed":0,"gold_gain":0,"player_choice":"Ignored","damage_taken":0,"max_hp_gain":0,"max_hp_loss":0,"event_name":"Ghosts","floor":20,"gold_loss":0},{"damage_healed":0,"gold_gain":0,"player_choice":"Became a vampire (Vial)","damage_taken":0,"max_hp_gain":0,"max_hp_loss":0,"event_name":"Vampires","floor":22,"relics_lost":["Blood Vial"],"gold_loss":0,"cards_obtained":["Bite","Bite","Bite","Bite","Bite"]},{"damage_healed":0,"gold_gain":0,"player_choice":"Leave","damage_taken":0,"max_hp_gain":0,"max_hp_loss":0,"event_name":"FaceTrader","floor":31,"gold_loss":0},{"damage_healed":0,"gold_gain":0,"player_choice":"0 cards matched","damage_taken":0,"max_hp_gain":0,"max_hp_loss":0,"event_name":"Match and Keep!","floor":41,"gold_loss":0,"cards_obtained":[]}],"is_beta":true,"boss_relics":[{"not_picked":["Coffee Dripper","Cursed Key"],"picked":"Calling Bell"},{"not_picked":["Runic Pyramid","Pandora\u0027s Box"],"picked":"SacredBark"}],"items_purged_floors":[4,21,36,46],"is_endless":false,"potions_floor_spawned":[1,7,24,35,37],"ascension_level":0}