{"gold_per_floor":[114,127,147,157,232,232,232,262,285,285,302,267,300,316,316,388,388,401,411,411,165,115,148,158,178,178,212,212,225,252,269,269,347,347,367,155,170,170,183,245,245,275,275,306,306,306,321,337,337,337,337,337,107,107],"floor_reached":54,"playtime":2855,"items_purged":["Strike_B","Strike_B"],"score":1657,"play_id":"156460de-7235-4f43-b856-21217776b1c9","local_time":"20190605134729","is_ascension_mode":true,"campfire_choices":[{"data":"Chill","floor":6,"key":"SMITH"},{"floor":10,"key":"REST"},{"data":"Electrodynamics","floor":15,"key":"SMITH"},{"floor":28,"key":"REST"},{"floor":32,"key":"REST"},{"floor":41,"key":"RECALL"},{"floor":46,"key":"REST"},{"floor":49,"key":"REST"},{"floor":52,"key":"REST"}],"neow_cost":"NONE","seed_source_timestamp":1831089901849283,"circlet_count":0,"master_deck":["AscendersBane","Defend_B","Defend_B","Defend_B","Defend_B","Zap+1","Dualcast+1","Ball Lightning","White Noise","Coolheaded","Chill+1","Ball Lightning+1","Go for the Eyes+1","Electrodynamics+1","Glacier","Creative AI","Conserve Battery","Redo+1","Self Repair","Chill","Core Surge","Chill+1","Force Field+1","Redo+1","Creative AI","Leap+1","Panache","Redo+1","Coolheaded+1","Compile Driver","Stack+1","Undo+1","White Noise+1","PanicButton+1","Electrodynamics"],"relics":["Lizard Tail","Happy Flower","PreservedInsect","Boot","Fusion Hammer","Oddly Smooth Stone","Du-Vu Doll","Toxic Egg 2","Anchor","Art of War","Black Star","Tiny Chest","Orichalcum","Pear","Centennial Puzzle","DataDisk","The Courier","Cables"],"potions_floor_usage":[8,16,27,33],"damage_taken":[{"damage":15,"enemies":"Small Slimes","floor":1,"turns":4},{"damage":6,"enemies":"2 Louse","floor":2,"turns":2},{"damage":6,"enemies":"Jaw Worm","floor":3,"turns":4},{"damage":26,"enemies":"3 Louse","floor":4,"turns":4},{"damage":4,"enemies":"Lagavulin","floor":8,"turns":7},{"damage":0,"enemies":"Red Slaver","floor":11,"turns":4},{"damage":1,"enemies":"Gremlin Nob","floor":13,"turns":3},{"damage":6,"enemies":"Blue Slaver","floor":14,"turns":4},{"damage":28,"enemies":"The Guardian","floor":16,"turns":15},{"damage":0,"enemies":"Chosen","floor":18,"turns":3},{"damage":9,"enemies":"3 Byrds","floor":19,"turns":4},{"damage":3,"enemies":"Slavers","floor":23,"turns":3},{"damage":1,"enemies":"Centurion and Healer","floor":24,"turns":6},{"damage":16,"enemies":"Snake Plant","floor":25,"turns":4},{"damage":7,"enemies":"Gremlin Leader","floor":27,"turns":5},{"damage":0,"enemies":"Chosen and Byrds","floor":29,"turns":3},{"damage":0,"enemies":"Slavers","floor":30,"turns":4},{"damage":45,"enemies":"Cultist and Chosen","floor":31,"turns":7},{"damage":44,"enemies":"Collector","floor":33,"turns":14},{"damage":13,"enemies":"3 Darklings","floor":35,"turns":5},{"damage":0,"enemies":"3 Shapes","floor":37,"turns":4},{"damage":6,"enemies":"Jaw Worm Horde","floor":39,"turns":4},{"damage":11,"enemies":"Nemesis","floor":40,"turns":9},{"damage":10,"enemies":"Giant Head","floor":42,"turns":7},{"damage":0,"enemies":"Nemesis","floor":44,"turns":8},{"damage":15,"enemies":"Maw","floor":47,"turns":9},{"damage":0,"enemies":"3 Darklings","floor":48,"turns":6},{"damage":53,"enemies":"Donu and Deca","floor":50,"turns":12},{"damage":112,"enemies":"Shield and Spear","floor":54,"turns":6}],"seed_played":"7044507826863903115","potions_obtained":[{"floor":3,"key":"SmokeBomb"},{"floor":4,"key":"Poison Potion"},{"floor":14,"key":"Weak Potion"},{"floor":16,"key":"SpeedPotion"},{"floor":19,"key":"AttackPotion"},{"floor":29,"key":"SteroidPotion"},{"floor":33,"key":"Ancient Potion"},{"floor":44,"key":"PowerPotion"},{"floor":48,"key":"LiquidBronze"}],"is_trial":false,"path_per_floor":["M","M","M","M","?","R","?","E","T","R","M","?","E","M","R","B",null,"M","M","?","$","?","E","M","M","T","E","R","M","E","M","R","B",null,"M","$","M","?","M","E","R","E","T","E","?","R","M","M","R","B",null,"R","$","E"],"character_chosen":"DEFECT","items_purchased":["Oddly Smooth Stone","Panache","Redo+1","PanicButton+1","Electrodynamics"],"campfire_rested":6,"item_purchase_floors":[21,36,36,53,53],"current_hp_per_floor":[49,43,37,11,35,35,14,10,10,31,31,48,47,41,41,13,57,57,48,48,48,48,52,58,49,49,49,70,71,71,33,54,17,58,52,52,52,81,75,71,71,85,85,91,91,91,83,91,91,52,81,91,91,0],"gold":107,"neow_bonus":"BOSS_RELIC","is_prod":false,"is_daily":false,"chose_seed":false,"campfire_upgraded":2,"win_rate":0,"timestamp":1559767649,"path_taken":["M","M","M","M","?","R","?","E","T","R","M","?","E","M","R","BOSS","M","M","?","$","?","E","M","?","T","E","R","M","E","M","R","BOSS","M","$","M","?","?","E","R","E","T","E","?","R","M","?","R","BOSS","R","$","E"],"build_version":"2019-01-23","purchased_purges":2,"victory":false,"max_hp_per_floor":[71,71,71,71,71,71,71,71,71,71,71,71,71,71,71,71,71,71,71,71,71,71,71,71,71,71,71,71,71,71,71,71,71,71,71,71,71,81,81,81,81,91,91,91,91,91,91,91,91,91,91,91,91,91],"card_choices":[{"not_picked":["Skim","Streamline"],"picked":"Ball Lightning","floor":1},{"not_picked":["Hologram","Tempest"],"picked":"White Noise","floor":2},{"not_picked":["Undo","Tempest"],"picked":"Coolheaded","floor":3},{"not_picked":["White Noise","Double Energy"],"picked":"Chill","floor":4},{"not_picked":["Beam Cell","Hello World"],"picked":"Ball Lightning","floor":8},{"not_picked":["Turbo","Coolheaded"],"picked":"Go for the Eyes","floor":11},{"not_picked":["Barrage","Undo"],"picked":"Electrodynamics","floor":13},{"not_picked":["Beam Cell","Melter"],"picked":"Glacier","floor":14},{"not_picked":["Fission","Machine Learning"],"picked":"Creative AI","floor":16},{"not_picked":["Redo","Hologram"],"picked":"Conserve Battery","floor":18},{"not_picked":["Steam+1","Turbo"],"picked":"Redo+1","floor":19},{"not_picked":["Beam Cell","Go for the Eyes","Rebound"],"picked":"SKIP","floor":23},{"not_picked":["Steam","Barrage","Rip and Tear"],"picked":"SKIP","floor":24},{"not_picked":["Rip and Tear","Turbo"],"picked":"Multi-Cast","floor":25},{"not_picked":["Reprogram+1","Steam+1"],"picked":"Core Surge","floor":27},{"not_picked":["Ball Lightning","BootSequence+1"],"picked":"Chill+1","floor":29},{"not_picked":["Rebound","Cold Snap"],"picked":"Force Field+1","floor":30},{"not_picked":["Turbo+1","Sunder"],"picked":"Redo+1","floor":31},{"not_picked":["Reboot+1","Biased Cognition"],"picked":"Creative AI","floor":33},{"not_picked":["Beam Cell","Turbo+1"],"picked":"Leap+1","floor":35},{"not_picked":["Sunder","Tempest+1"],"picked":"Coolheaded+1","floor":37},{"not_picked":["Gash","Streamline"],"picked":"Compile Driver","floor":39},{"not_picked":["Streamline","Rainbow+1","BootSequence+1"],"picked":"SKIP","floor":40},{"not_picked":["Recycle+1","Streamline","Storm"],"picked":"SKIP","floor":42},{"not_picked":["Compile Driver+1","Turbo+1"],"picked":"Stack+1","floor":44},{"not_picked":["Streamline+1","Hyperbeam"],"picked":"Undo+1","floor":47},{"not_picked":["Turbo+1","Static Discharge"],"picked":"White Noise+1","floor":48}],"player_experience":577538,"relics_obtained":[{"floor":8,"key":"Happy Flower"},{"floor":9,"key":"PreservedInsect"},{"floor":13,"key":"Boot"},{"floor":23,"key":"Du-Vu Doll"},{"floor":26,"key":"Toxic Egg 2"},{"floor":27,"key":"Anchor"},{"floor":30,"key":"Art of War"},{"floor":40,"key":"Tiny Chest"},{"floor":40,"key":"Orichalcum"},{"floor":42,"key":"Pear"},{"floor":42,"key":"Centennial Puzzle"},{"floor":44,"key":"DataDisk"},{"floor":44,"key":"The Courier"}],"event_choices":[{"damage_healed":0,"gold_gain":75,"player_choice":"Gather Gold","damage_taken":11,"max_hp_gain":0,"max_hp_loss":0,"event_name":"World of Goop","floor":5,"gold_loss":0},{"damage_healed":0,"gold_gain":0,"player_choice":"Entered Light","damage_taken":21,"max_hp_gain":0,"max_hp_loss":0,"event_name":"Shining Light","floor":7,"gold_loss":0,"cards_upgraded":["Zap","Dualcast"]},{"damage_healed":17,"gold_gain":0,"player_choice":"Healed","damage_taken":0,"max_hp_gain":0,"max_hp_loss":0,"event_name":"The Cleric","floor":12,"gold_loss":35},{"damage_healed":0,"gold_gain":0,"cards_transformed":["Strike_B","Strike_B"],"player_choice":"Became Test Subject","damage_taken":0,"max_hp_gain":0,"max_hp_loss":0,"event_name":"Drug Dealer","floor":20,"gold_loss":0,"cards_obtained":["Self Repair","Chill"]},{"damage_healed":0,"gold_gain":0,"player_choice":"Upgraded Two","damage_taken":0,"max_hp_gain":0,"max_hp_loss":0,"event_name":"Designer","floor":22,"gold_loss":50,"cards_upgraded":["Ball Lightning","Go for the Eyes"]},{"cards_removed":["Multi-Cast"],"damage_healed":19,"gold_gain":0,"player_choice":"Offered Rare","damage_taken":0,"max_hp_gain":10,"max_hp_loss":0,"event_name":"Bonfire Elementals","floor":38,"gold_loss":0},{"damage_healed":0,"gold_gain":0,"player_choice":"Gave Potion","damage_taken":0,"relics_obtained":["Cables"],"max_hp_gain":0,"max_hp_loss":0,"event_name":"WeMeetAgain","floor":45,"gold_loss":0}],"is_beta":false,"boss_relics":[{"not_picked":["Busted Crown","White Beast Statue"],"picked":"Fusion Hammer"},{"not_picked":["Philosopher\u0027s Stone","Runic Pyramid"],"picked":"Black Star"}],"items_purged_floors":[21,53],"is_endless":false,"potions_floor_spawned":[3,4,14,16,19,24,29,33,40,42,44,48],"killed_by":"Shield and Spear","ascension_level":19}