{"gold_per_floor":[114,128,142,417,434,434,167,199,199,251,268,327,342,360,360,360],"floor_reached":16,"playtime":453,"items_purged":["Regret"],"score":208,"play_id":"92fa57ca-26d2-44d8-9fcf-abbae6e9a401","local_time":"20191021173222","is_ascension_mode":true,"campfire_choices":[{"data":"Coolheaded","floor":6,"key":"SMITH"},{"data":"Gash","floor":15,"key":"SMITH"}],"neow_cost":"NONE","seed_source_timestamp":780428492119300,"circlet_count":0,"master_deck":["AscendersBane","Strike_B+1","Strike_B+1","Strike_B","Strike_B","Defend_B","Defend_B","Defend_B","Defend_B","Zap","Dualcast","Compile Driver","Gash","Gash+1","Coolheaded+1","Sweeping Beam","Conserve Battery","Cold Snap","Self Repair","Rebound"],"relics":["Cracked Core","NeowsBlessing","Whetstone","DataDisk","Regal Pillow","Blood Vial","Bottled Flame"],"potions_floor_usage":[8,8,14,16,16],"damage_taken":[{"damage":0,"enemies":"Cultist","floor":1,"turns":1},{"damage":0,"enemies":"Jaw Worm","floor":2,"turns":1},{"damage":0,"enemies":"2 Louse","floor":3,"turns":1},{"damage":15,"enemies":"Blue Slaver","floor":5,"turns":4},{"damage":4,"enemies":"Gremlin Nob","floor":8,"turns":3},{"damage":0,"enemies":"Large Slime","floor":11,"turns":5},{"damage":14,"enemies":"Lagavulin Event","floor":12,"turns":5},{"damage":6,"enemies":"Looter","floor":13,"turns":2},{"damage":2,"enemies":"Gremlin Gang","floor":14,"turns":4},{"damage":44,"enemies":"Slime Boss","floor":16,"turns":7}],"seed_played":"6040840891410595465","potions_obtained":[{"floor":1,"key":"Ancient Potion"},{"floor":5,"key":"FearPotion"},{"floor":12,"key":"EntropicBrew"},{"floor":13,"key":"Fire Potion"}],"is_trial":false,"path_per_floor":["M","M","M","?","M","R","$","E","T","T","M","?","M","M","R","B"],"character_chosen":"DEFECT","items_purchased":["Sweeping Beam","Whetstone"],"campfire_rested":0,"item_purchase_floors":[7,7],"current_hp_per_floor":[64,64,64,64,49,49,49,45,45,45,47,35,31,38,38,0],"gold":360,"neow_bonus":"THREE_ENEMY_KILL","is_prod":false,"is_daily":false,"chose_seed":false,"campfire_upgraded":2,"win_rate":0,"timestamp":1571704342,"path_taken":["M","M","M","?","?","R","$","E","T","?","?","?","M","M","R","BOSS"],"build_version":"2019-07-17","purchased_purges":1,"victory":false,"max_hp_per_floor":[71,71,71,71,71,71,71,71,71,71,71,71,71,71,71,71],"card_choices":[{"not_picked":["Steam","Coolheaded"],"picked":"Compile Driver","floor":1},{"not_picked":["Compile Driver","Steam Power"],"picked":"Gash","floor":2},{"not_picked":["Capacitor","Leap"],"picked":"Gash","floor":3},{"not_picked":["Rebound","Go for the Eyes"],"picked":"Coolheaded","floor":5},{"not_picked":["Compile Driver","Turbo"],"picked":"Conserve Battery","floor":8},{"not_picked":["Skim","Coolheaded"],"picked":"Cold Snap","floor":11},{"not_picked":["Streamline","Cold Snap"],"picked":"Self Repair","floor":13},{"not_picked":["Barrage","Steam"],"picked":"Rebound","floor":14}],"player_experience":880478,"relics_obtained":[{"floor":8,"key":"DataDisk"},{"floor":9,"key":"Regal Pillow"},{"floor":10,"key":"Blood Vial"},{"floor":12,"key":"Bottled Flame"}],"event_choices":[{"damage_healed":0,"gold_gain":275,"player_choice":"Desecrate","damage_taken":0,"max_hp_gain":0,"max_hp_loss":0,"event_name":"Golden Shrine","floor":4,"gold_loss":0,"cards_obtained":["Regret"]},{"damage_healed":0,"gold_gain":0,"player_choice":"Searched \u00271\u0027 times","damage_taken":0,"max_hp_gain":0,"max_hp_loss":0,"event_name":"Dead Adventurer","floor":12,"gold_loss":0}],"is_beta":false,"boss_relics":[],"items_purged_floors":[7],"is_endless":false,"potions_floor_spawned":[1,5,12,13],"killed_by":"Slime Boss","ascension_level":20}