{"gold_per_floor":[141,106,120,120,132,162,162,162,211,211,211,241,241,259,259,336,336,314,337,355,59,59,59,59],"floor_reached":24,"playtime":725,"items_purged":["Pain"],"score":429,"play_id":"6605c6c9-2450-4a01-abfe-e49344b51a3a","local_time":"20190625173458","is_ascension_mode":true,"campfire_choices":[{"data":"Hologram","floor":7,"key":"SMITH"},{"floor":11,"key":"REST"},{"floor":13,"key":"REST"},{"data":"Machine Learning","floor":15,"key":"SMITH"},{"floor":23,"key":"REST"}],"neow_cost":"NONE","seed_source_timestamp":918402067691168,"circlet_count":0,"master_deck":["AscendersBane","Defend_B","Defend_B","Defend_B","Defend_B","Zap","Dualcast","Gash","Capacitor","Aggregate","Streamline","Hologram+1","Machine Learning+1","Go for the Eyes","Core Surge","White Noise","Consume","Bite","Bite","Bite","Bite","Bite"],"relics":["FrozenCore","Tiny Chest","Bag of Marbles","Juzu Bracelet","WarpedTongs","Mercury Hourglass","Pen Nib","Runic Capacitor"],"potions_floor_usage":[6,12,16],"damage_taken":[{"damage":9,"enemies":"Jaw Worm","floor":1,"turns":4},{"damage":3,"enemies":"2 Louse","floor":3,"turns":3},{"damage":1,"enemies":"Cultist","floor":5,"turns":3},{"damage":43,"enemies":"Gremlin Nob","floor":6,"turns":5},{"damage":35,"enemies":"Lagavulin","floor":12,"turns":6},{"damage":1,"enemies":"3 Louse","floor":14,"turns":2},{"damage":29,"enemies":"Hexaghost","floor":16,"turns":11},{"damage":27,"enemies":"2 Thieves","floor":18,"turns":4},{"damage":29,"enemies":"Chosen","floor":20,"turns":5},{"damage":26,"enemies":"Masked Bandits","floor":24,"turns":2}],"seed_played":"8044421445443151100","potions_obtained":[{"floor":5,"key":"Block Potion"},{"floor":6,"key":"AttackPotion"},{"floor":14,"key":"Block Potion"}],"is_trial":false,"path_per_floor":["M","?","M","?","M","E","R","?","T","?","R","E","R","M","R","B",null,"M","T","M","$","?","R","?"],"character_chosen":"DEFECT","items_purchased":["Runic Capacitor"],"campfire_rested":3,"item_purchase_floors":[21],"current_hp_per_floor":[55,71,68,68,67,24,24,29,29,29,51,16,38,37,37,8,59,32,32,3,3,3,18,0],"gold":59,"neow_bonus":"RANDOM_COMMON_RELIC","is_prod":false,"is_daily":false,"chose_seed":false,"campfire_upgraded":2,"win_rate":0,"timestamp":1561509298,"path_taken":["M","?","M","?","?","E","R","?","T","?","R","E","R","M","R","BOSS","M","?","M","$","?","R","?"],"build_version":"2019-01-23","purchased_purges":1,"victory":false,"max_hp_per_floor":[71,71,71,71,71,71,71,76,76,76,76,76,76,76,76,76,76,76,76,76,76,53,53,53],"card_choices":[{"not_picked":["Redo","Steam Power"],"picked":"Gash","floor":1},{"not_picked":["Turbo","Steam"],"picked":"Capacitor","floor":3},{"not_picked":["Sweeping Beam","Steam"],"picked":"Streamline","floor":5},{"not_picked":["Storm","Darkness"],"picked":"Hologram","floor":6},{"not_picked":["Doom and Gloom","Rip and Tear"],"picked":"Machine Learning","floor":12},{"not_picked":["Lockon","Beam Cell"],"picked":"Go for the Eyes","floor":14},{"not_picked":["Amplify","Meteor Strike"],"picked":"Core Surge","floor":16},{"not_picked":["Turbo","Rip and Tear"],"picked":"White Noise","floor":18},{"not_picked":["Steam Power","Cold Snap"],"picked":"Consume","floor":20}],"player_experience":624893,"relics_obtained":[{"floor":6,"key":"Bag of Marbles"},{"floor":9,"key":"Juzu Bracelet"},{"floor":12,"key":"Mercury Hourglass"},{"floor":19,"key":"Pen Nib"}],"event_choices":[{"damage_healed":17,"gold_gain":0,"player_choice":"Healed","damage_taken":0,"max_hp_gain":0,"max_hp_loss":0,"event_name":"The Cleric","floor":2,"gold_loss":35},{"damage_healed":0,"gold_gain":0,"cards_transformed":["Strike_B"],"player_choice":"Transformed","damage_taken":0,"max_hp_gain":0,"max_hp_loss":0,"event_name":"Transmorgrifier","floor":4,"gold_loss":0,"cards_obtained":["Aggregate"]},{"damage_healed":0,"gold_gain":0,"player_choice":"Donut","damage_taken":0,"max_hp_gain":5,"max_hp_loss":0,"event_name":"Big Fish","floor":8,"gold_loss":0},{"damage_healed":0,"gold_gain":0,"player_choice":"Rummage","damage_taken":0,"relics_obtained":["WarpedTongs"],"max_hp_gain":0,"max_hp_loss":0,"event_name":"Accursed Blacksmith","floor":10,"gold_loss":0,"cards_obtained":["Pain"]},{"damage_healed":0,"gold_gain":0,"player_choice":"Became a vampire","damage_taken":0,"max_hp_gain":0,"max_hp_loss":23,"event_name":"Vampires","floor":22,"gold_loss":0,"cards_obtained":["Bite","Bite","Bite","Bite","Bite"]},{"damage_healed":0,"gold_gain":0,"player_choice":"Fought Bandits","damage_taken":0,"max_hp_gain":0,"max_hp_loss":0,"event_name":"Masked Bandits","floor":24,"gold_loss":0}],"is_beta":false,"boss_relics":[{"not_picked":["Astrolabe","Eternal Feather"],"picked":"FrozenCore"}],"items_purged_floors":[21],"is_endless":false,"potions_floor_spawned":[5,6,14],"killed_by":"Masked Bandits","ascension_level":20}