{"gold_per_floor":[118,83,83,98,112,126,126,136,136,149,179,198,41,52,52,52],"floor_reached":16,"playtime":540,"items_purged":[],"score":212,"play_id":"ca8f95a5-93df-4bba-a649-08dbc88657ea","local_time":"20190828194506","is_ascension_mode":true,"campfire_choices":[{"data":"Zap","floor":7,"key":"SMITH"},{"data":"Biased Cognition","floor":15,"key":"SMITH"}],"neow_cost":"NONE","seed_source_timestamp":1243705120684100,"circlet_count":0,"master_deck":["AscendersBane","Strike_B","Strike_B","Strike_B+1","Strike_B","Defend_B","Defend_B","Defend_B","Defend_B","Zap+1","Dualcast","Gash","Conserve Battery","Self Repair","Core Surge","Lockon","Rebound+1","Cold Snap","Consume","All For One","Glacier","Biased Cognition+1"],"relics":["Lizard Tail","Juzu Bracelet","Whetstone"],"potions_floor_usage":[11,11,16],"damage_taken":[{"damage":9,"enemies":"Jaw Worm","floor":1,"turns":5},{"damage":13,"enemies":"Small Slimes","floor":4,"turns":3},{"damage":6,"enemies":"Cultist","floor":5,"turns":5},{"damage":25,"enemies":"Exordium Wildlife","floor":6,"turns":7},{"damage":20,"enemies":"3 Louse","floor":8,"turns":5},{"damage":26,"enemies":"Exordium Thugs","floor":10,"turns":6},{"damage":11,"enemies":"Gremlin Nob","floor":11,"turns":3},{"damage":13,"enemies":"Exordium Wildlife","floor":12,"turns":6},{"damage":7,"enemies":"Looter","floor":14,"turns":4},{"damage":38,"enemies":"Slime Boss","floor":16,"turns":3}],"seed_played":"-7769115780103758659","potions_obtained":[{"floor":1,"key":"Strength Potion"},{"floor":4,"key":"FearPotion"},{"floor":12,"key":"Energy Potion"}],"is_trial":false,"path_per_floor":["M","?","?","M","M","M","R","M","T","M","E","M","$","M","R","B"],"character_chosen":"DEFECT","items_purchased":["All For One","Glacier"],"campfire_rested":0,"item_purchase_floors":[13,13],"current_hp_per_floor":[55,71,76,63,57,39,39,26,26,45,41,35,35,28,28,0],"gold":52,"neow_bonus":"BOSS_RELIC","is_prod":false,"is_daily":false,"chose_seed":false,"campfire_upgraded":2,"win_rate":0,"timestamp":1567046706,"path_taken":["M","?","?","M","M","M","R","M","T","M","E","M","?","M","R","BOSS"],"build_version":"2019-07-17","purchased_purges":0,"victory":false,"max_hp_per_floor":[71,71,76,76,76,76,76,76,76,76,76,76,76,76,76,76],"card_choices":[{"not_picked":["Beam Cell","Go for the Eyes"],"picked":"Gash","floor":1},{"not_picked":["Turbo","Chill"],"picked":"Conserve Battery","floor":4},{"not_picked":["Redo","Turbo"],"picked":"Self Repair","floor":5},{"not_picked":["Sweeping Beam","Cold Snap"],"picked":"Core Surge","floor":6},{"not_picked":["Hologram","Go for the Eyes"],"picked":"Lockon","floor":8},{"not_picked":["Heatsinks","Blizzard"],"picked":"Rebound","floor":10},{"not_picked":["Hologram","Coolheaded"],"picked":"Cold Snap","floor":11},{"not_picked":["Steam Power","Rebound"],"picked":"Consume","floor":12},{"not_picked":["Sweeping Beam","Compile Driver"],"picked":"Biased Cognition","floor":14}],"player_experience":756173,"relics_obtained":[{"floor":9,"key":"Juzu Bracelet"},{"floor":11,"key":"Whetstone"}],"event_choices":[{"damage_healed":17,"gold_gain":0,"player_choice":"Healed","damage_taken":0,"max_hp_gain":0,"max_hp_loss":0,"event_name":"The Cleric","floor":2,"gold_loss":35},{"damage_healed":0,"gold_gain":0,"player_choice":"Donut","damage_taken":0,"max_hp_gain":5,"max_hp_loss":0,"event_name":"Big Fish","floor":3,"gold_loss":0}],"is_beta":false,"boss_relics":[],"items_purged_floors":[],"is_endless":false,"potions_floor_spawned":[1,4,12],"killed_by":"Slime Boss","ascension_level":20}