{"gold_per_floor":[117,8,8,19,19,19,36,61,61,12,12,38,50,76,88,200,212,235,265,376,402,414,455,65,65,91,107,107],"floor_reached":28,"playtime":1262,"items_purged":["Strike_B","Strike_B"],"score":429,"play_id":"ab8d1672-06e6-4cdf-9eaf-706b9953c7d7","local_time":"20191026205557","is_ascension_mode":true,"campfire_choices":[{"data":"Sweeping Beam","floor":6,"key":"SMITH"},{"floor":13,"key":"REST"},{"data":"Buffer","floor":15,"key":"SMITH"},{"data":"Self Repair","floor":25,"key":"SMITH"}],"neow_cost":"NONE","seed_source_timestamp":1456028898905700,"circlet_count":0,"master_deck":["Strike_B","Strike_B","Defend_B","Defend_B","Defend_B","Zap","Dualcast","Buffer+1","Capacitor","Melter","Sweeping Beam+1","Ball Lightning","Hologram+1","Redo+1","Hello World","Core Surge","Go for the Eyes","Genetic Algorithm+1","Glacier+1","Self Repair+1","Mayhem"],"relics":["Cracked Core","Toxic Egg 2","Pen Nib","Anchor","MawBank","Velvet Choker","Sundial","Art of War","Smiling Mask"],"potions_floor_usage":[23,23,27,28],"damage_taken":[{"damage":0,"enemies":"Cultist","floor":1,"turns":4},{"damage":0,"enemies":"2 Louse","floor":4,"turns":3},{"damage":0,"enemies":"Jaw Worm","floor":7,"turns":3},{"damage":27,"enemies":"Gremlin Nob","floor":8,"turns":4},{"damage":20,"enemies":"Lagavulin","floor":12,"turns":5},{"damage":0,"enemies":"Blue Slaver","floor":14,"turns":3},{"damage":0,"enemies":"Slime Boss","floor":16,"turns":7},{"damage":0,"enemies":"Chosen","floor":18,"turns":3},{"damage":1,"enemies":"Spheric Guardian","floor":19,"turns":3},{"damage":0,"enemies":"Centurion and Healer","floor":21,"turns":7},{"damage":36,"enemies":"Book of Stabbing","floor":23,"turns":6},{"damage":18,"enemies":"Snake Plant","floor":27,"turns":4},{"damage":52,"enemies":"Gremlin Leader","floor":28,"turns":9}],"seed_played":"-4838257936169403395","potions_obtained":[{"floor":1,"key":"Dexterity Potion"},{"floor":8,"key":"Explosive Potion"},{"floor":16,"key":"SkillPotion"},{"floor":19,"key":"Regen Potion"},{"floor":27,"key":"Regen Potion"}],"is_trial":false,"path_per_floor":["M","$","?","M","$","R","M","E","T","$","T","E","R","M","R","B",null,"M","M","?","M","?","E","$","R","T","M","E"],"character_chosen":"DEFECT","items_purchased":["Melter","Hologram+1","Glacier+1","Self Repair","Mayhem"],"campfire_rested":1,"item_purchase_floors":[2,10,24,24,24],"current_hp_per_floor":[68,68,61,61,61,61,61,34,34,34,34,14,36,36,36,36,65,65,64,64,64,64,42,42,42,42,34,0],"gold":107,"neow_bonus":"ONE_RANDOM_RARE_CARD","is_prod":false,"is_daily":false,"chose_seed":false,"campfire_upgraded":3,"win_rate":0,"timestamp":1572137757,"path_taken":["M","?","?","M","$","R","M","E","T","?","?","E","R","?","R","BOSS","M","M","?","M","?","E","$","R","T","M","E"],"build_version":"2019-07-17","purchased_purges":2,"victory":false,"max_hp_per_floor":[75,75,75,75,75,75,75,75,75,75,75,75,75,75,75,75,75,75,75,75,75,75,75,75,75,75,75,75],"card_choices":[{"not_picked":["Steam Power","Double Energy"],"picked":"Capacitor","floor":1},{"not_picked":["Hello World","Beam Cell"],"picked":"Sweeping Beam","floor":4},{"not_picked":["Hologram","Rebound","Streamline"],"picked":"SKIP","floor":7},{"not_picked":["Gash","Sweeping Beam"],"picked":"Ball Lightning","floor":8},{"not_picked":["Gash","Sunder"],"picked":"Redo+1","floor":12},{"not_picked":["Gash","Multi-Cast+1"],"picked":"Hello World","floor":14},{"not_picked":["Meteor Strike","Thunder Strike"],"picked":"Core Surge","floor":16},{"not_picked":["Sweeping Beam","Cold Snap"],"picked":"Go for the Eyes","floor":18},{"not_picked":["Turbo+1","Darkness+1","Go for the Eyes"],"picked":"SKIP","floor":19},{"not_picked":["Turbo+1","Scrape+1"],"picked":"Genetic Algorithm+1","floor":21},{"not_picked":["Redo+1","Steam Power+1","Loop"],"picked":"SKIP","floor":23},{"not_picked":["Rebound","Steam Power+1","Self Repair"],"picked":"SKIP","floor":27}],"player_experience":468407,"relics_obtained":[{"floor":8,"key":"Toxic Egg 2"},{"floor":9,"key":"Pen Nib"},{"floor":11,"key":"Anchor"},{"floor":12,"key":"MawBank"},{"floor":22,"key":"Sundial"},{"floor":23,"key":"Art of War"},{"floor":26,"key":"Smiling Mask"}],"event_choices":[{"cards_removed":["Defend_B"],"damage_healed":0,"gold_gain":0,"player_choice":"Card Removal","damage_taken":7,"max_hp_gain":0,"max_hp_loss":0,"event_name":"Golden Wing","floor":3,"gold_loss":0},{"damage_healed":0,"gold_gain":99,"player_choice":"Stole From Cult","damage_taken":0,"max_hp_gain":0,"max_hp_loss":0,"event_name":"Nest","floor":20,"gold_loss":0},{"damage_healed":0,"gold_gain":0,"player_choice":"Relic","damage_taken":0,"max_hp_gain":0,"max_hp_loss":0,"event_name":"Wheel of Change","floor":22,"gold_loss":0}],"is_beta":false,"boss_relics":[{"not_picked":["White Beast Statue","Astrolabe"],"picked":"Velvet Choker"}],"items_purged_floors":[2,24],"is_endless":false,"potions_floor_spawned":[1,8,16,19,27],"killed_by":"Gremlin Leader","ascension_level":9}