{"gold_per_floor":[116,116,127,147,157,157,172,247,295,12,23,23,58,58,58,134,134,149,167,199,210,210,210],"floor_reached":23,"playtime":904,"items_purged":[],"score":386,"play_id":"b89d864f-198e-426b-80f2-55eecfa0f2b9","local_time":"20190704231406","is_ascension_mode":true,"campfire_choices":[{"data":"Self Repair","floor":6,"key":"SMITH"},{"data":"Hologram","floor":12,"key":"SMITH"},{"data":"Dualcast","floor":15,"key":"SMITH"}],"neow_cost":"NONE","seed_source_timestamp":1716175281778223,"circlet_count":0,"master_deck":["AscendersBane","Strike_B","Strike_B","Defend_B","Defend_B","Defend_B","Defend_B","Zap","Dualcast+1","Ball Lightning","Hologram+1","Cold Snap","Self Repair+1","Echo Form","Cold Snap","Echo Form","Sweeping Beam+1","Capacitor","Glacier"],"relics":["Runic Dome","Smiling Mask","Meat on the Bone","Mercury Hourglass","Sozu","Red Mask"],"potions_floor_usage":[16,20],"damage_taken":[{"damage":2,"enemies":"Cultist","floor":1,"turns":4},{"damage":2,"enemies":"Jaw Worm","floor":3,"turns":3},{"damage":7,"enemies":"2 Louse","floor":4,"turns":3},{"damage":5,"enemies":"Looter","floor":5,"turns":3},{"damage":20,"enemies":"Large Slime","floor":7,"turns":6},{"damage":3,"enemies":"Gremlin Gang","floor":11,"turns":6},{"damage":9,"enemies":"Lagavulin","floor":13,"turns":5},{"damage":27,"enemies":"Hexaghost","floor":16,"turns":10},{"damage":14,"enemies":"Shell Parasite","floor":18,"turns":6},{"damage":7,"enemies":"Spheric Guardian","floor":19,"turns":5},{"damage":20,"enemies":"Masked Bandits","floor":20,"turns":4},{"damage":17,"enemies":"Cultist and Chosen","floor":21,"turns":8},{"damage":49,"enemies":"Book of Stabbing","floor":23,"turns":3}],"seed_played":"-8501439150000175488","potions_obtained":[{"floor":7,"key":"Energy Potion"},{"floor":11,"key":"Block Potion"},{"floor":13,"key":"Fire Potion"}],"is_trial":false,"path_per_floor":["M","?","M","M","M","R","M","?","T","$","M","R","E","?","R","B",null,"M","M","?","M","?","E"],"character_chosen":"DEFECT","items_purchased":["Meat on the Bone"],"campfire_rested":0,"item_purchase_floors":[10],"current_hp_per_floor":[62,62,60,53,48,48,38,27,27,27,56,56,57,50,50,55,67,71,71,51,46,46,0],"gold":210,"neow_bonus":"BOSS_RELIC","is_prod":false,"is_daily":false,"chose_seed":false,"campfire_upgraded":3,"win_rate":0,"timestamp":1562307246,"path_taken":["M","?","M","M","?","R","M","?","T","$","M","R","E","?","R","BOSS","M","M","?","M","?","E"],"build_version":"2019-07-01","purchased_purges":0,"victory":false,"max_hp_per_floor":[71,71,71,71,71,71,71,71,71,71,71,71,71,71,71,71,71,71,71,71,71,71,71],"card_choices":[{"not_picked":["Go for the Eyes","Consume"],"picked":"Ball Lightning","floor":1},{"not_picked":["Melter","Rebound"],"picked":"Hologram","floor":3},{"not_picked":["Beam Cell","Steam"],"picked":"Cold Snap","floor":4},{"not_picked":["Doom and Gloom","Steam Power"],"picked":"Self Repair","floor":5},{"not_picked":["Chaos","Rebound"],"picked":"Echo Form","floor":7},{"not_picked":["Sunder","Streamline"],"picked":"Cold Snap","floor":11},{"not_picked":["Hyperbeam","Reinforced Body","Sweeping Beam"],"picked":"SKIP","floor":13},{"not_picked":["Rainbow","Biased Cognition"],"picked":"Echo Form","floor":16},{"not_picked":["Go for the Eyes","Steam"],"picked":"Sweeping Beam+1","floor":18},{"not_picked":["Undo","Turbo"],"picked":"Capacitor","floor":19},{"not_picked":["Rebound","Rainbow"],"picked":"Glacier","floor":20},{"not_picked":["Turbo","Hologram","Force Field"],"picked":"SKIP","floor":21}],"player_experience":633940,"relics_obtained":[{"floor":9,"key":"Smiling Mask"},{"floor":13,"key":"Mercury Hourglass"},{"floor":20,"key":"Red Mask"}],"event_choices":[{"cards_removed":["Strike_B"],"damage_healed":0,"gold_gain":0,"player_choice":"Offered Basic","damage_taken":0,"max_hp_gain":0,"max_hp_loss":0,"event_name":"Bonfire Elementals","floor":2,"gold_loss":0},{"damage_healed":0,"gold_gain":75,"player_choice":"Gather Gold","damage_taken":11,"max_hp_gain":0,"max_hp_loss":0,"event_name":"World of Goop","floor":8,"gold_loss":0},{"cards_removed":["Strike_B"],"damage_healed":0,"gold_gain":0,"player_choice":"Card Removal","damage_taken":7,"max_hp_gain":0,"max_hp_loss":0,"event_name":"Golden Wing","floor":14,"gold_loss":0},{"damage_healed":0,"gold_gain":0,"player_choice":"Fought Bandits","damage_taken":0,"max_hp_gain":0,"max_hp_loss":0,"event_name":"Masked Bandits","floor":20,"gold_loss":0},{"damage_healed":0,"gold_gain":0,"player_choice":"Got Potions","damage_taken":0,"max_hp_gain":0,"max_hp_loss":0,"event_name":"Lab","floor":22,"gold_loss":0}],"is_beta":false,"boss_relics":[{"not_picked":["Velvet Choker","Astrolabe"],"picked":"Sozu"}],"items_purged_floors":[],"is_endless":false,"potions_floor_spawned":[7,11,13,21],"killed_by":"Book of Stabbing","ascension_level":20}