{"gold_per_floor":[115,31,31,47,47,74,74,136,183,333,353,363,383,76,76,76],"floor_reached":16,"playtime":464,"items_purged":["Doubt"],"score":250,"play_id":"ded27886-af8e-4d60-9147-1c386d7b4d12","local_time":"20190829160939","is_ascension_mode":true,"campfire_choices":[{"data":"Zap","floor":7,"key":"SMITH"},{"floor":15,"key":"REST"}],"neow_cost":"NONE","seed_source_timestamp":1317254551687000,"circlet_count":0,"master_deck":["AscendersBane","Strike_B","Strike_B","Strike_B","Strike_B","Defend_B","Defend_B","Defend_B","Defend_B","Zap+1","Dualcast+1","Compile Driver","Barrage","Conserve Battery","Recycle+1","BootSequence","Leap+1","Conserve Battery+1","Reinforced Body+1","Undo+1","Panache"],"relics":["Cracked Core","NeowsBlessing","Happy Flower","Gremlin Horn","Toxic Egg 2","Lantern"],"potions_floor_usage":[12,16,16],"damage_taken":[{"damage":0,"enemies":"2 Louse","floor":1,"turns":1},{"damage":0,"enemies":"Small Slimes","floor":4,"turns":1},{"damage":0,"enemies":"Gremlin Nob","floor":6,"turns":1},{"damage":28,"enemies":"3 Sentries","floor":8,"turns":8},{"damage":0,"enemies":"Jaw Worm","floor":11,"turns":4},{"damage":0,"enemies":"Exordium Thugs","floor":12,"turns":4},{"damage":0,"enemies":"Exordium Wildlife","floor":13,"turns":5},{"damage":25,"enemies":"Hexaghost","floor":16,"turns":9}],"seed_played":"-3383087506066563163","potions_obtained":[{"floor":8,"key":"Strength Potion"},{"floor":11,"key":"Poison Potion"}],"is_trial":false,"path_per_floor":["M","$","?","M","?","E","R","?","T","?","M","M","M","$","R","B"],"character_chosen":"DEFECT","items_purchased":["Barrage","Conserve Battery","Strength Potion","Panache"],"campfire_rested":1,"item_purchase_floors":[2,2,14,14],"current_hp_per_floor":[64,64,53,53,32,32,32,4,4,4,4,4,4,4,25,0],"gold":76,"neow_bonus":"THREE_ENEMY_KILL","is_prod":false,"is_daily":false,"chose_seed":false,"campfire_upgraded":1,"win_rate":0,"timestamp":1567120179,"path_taken":["M","$","?","M","?","E","R","?","T","?","?","M","M","$","R","BOSS"],"build_version":"2019-07-17","purchased_purges":1,"victory":false,"max_hp_per_floor":[71,71,71,71,71,71,71,71,71,71,71,71,71,71,71,71],"card_choices":[{"not_picked":["Reprogram","Loop"],"picked":"Compile Driver","floor":1},{"not_picked":["Hello World","Compile Driver"],"picked":"Recycle","floor":4},{"not_picked":["Steam","Consume"],"picked":"BootSequence","floor":6},{"not_picked":["Compile Driver","Cold Snap"],"picked":"Leap","floor":8},{"not_picked":["Stack+1","Leap+1"],"picked":"Conserve Battery+1","floor":11},{"not_picked":["Beam Cell","Redo+1"],"picked":"Reinforced Body+1","floor":12},{"not_picked":["Sweeping Beam","Go for the Eyes"],"picked":"Undo+1","floor":13}],"player_experience":757616,"relics_obtained":[{"floor":6,"key":"Gremlin Horn"},{"floor":8,"key":"Toxic Egg 2"},{"floor":9,"key":"Lantern"}],"event_choices":[{"damage_healed":0,"gold_gain":0,"player_choice":"Success","damage_taken":11,"relics_obtained":["Happy Flower"],"max_hp_gain":0,"max_hp_loss":0,"event_name":"Scrap Ooze","floor":3,"gold_loss":0},{"damage_healed":0,"gold_gain":0,"player_choice":"Entered Light","damage_taken":21,"max_hp_gain":0,"max_hp_loss":0,"event_name":"Shining Light","floor":5,"gold_loss":0,"cards_upgraded":["Dualcast","Recycle"]},{"damage_healed":0,"gold_gain":0,"player_choice":"Searched \u00271\u0027 times","damage_taken":0,"max_hp_gain":0,"max_hp_loss":0,"event_name":"Dead Adventurer","floor":8,"gold_loss":0},{"damage_healed":0,"gold_gain":150,"player_choice":"AGREE","damage_taken":0,"max_hp_gain":0,"max_hp_loss":0,"event_name":"Liars Game","floor":10,"gold_loss":0,"cards_obtained":["Doubt"]}],"is_beta":false,"boss_relics":[],"items_purged_floors":[14],"is_endless":false,"potions_floor_spawned":[8,11],"killed_by":"Hexaghost","ascension_level":20}