{"gold_per_floor":[113,113,133,133,133,133,160,176,202,202,352,362,287,304,304,304],"floor_reached":16,"playtime":388,"items_purged":[],"score":200,"play_id":"cbe2957c-ee0e-4540-9793-958ad142b088","local_time":"20190907160257","is_ascension_mode":true,"campfire_choices":[{"data":"Gash","floor":6,"key":"SMITH"},{"data":"Conserve Battery","floor":10,"key":"SMITH"},{"floor":15,"key":"REST"}],"neow_cost":"NONE","seed_source_timestamp":2094529467222800,"circlet_count":0,"master_deck":["AscendersBane","Strike_B+1","Strike_B","Strike_B","Strike_B+1","Defend_B","Defend_B","Defend_B","Defend_B+1","Zap+1","Dualcast+1","Glacier","Gash+1","Coolheaded","Conserve Battery+1","Consume","Loop"],"relics":["Cracked Core","Pen Nib","Whetstone","War Paint"],"potions_floor_usage":[14],"damage_taken":[{"damage":7,"enemies":"Jaw Worm","floor":1,"turns":3},{"damage":4,"enemies":"Small Slimes","floor":3,"turns":4},{"damage":18,"enemies":"3 Sentries","floor":7,"turns":12},{"damage":0,"enemies":"2 Louse","floor":8,"turns":2},{"damage":2,"enemies":"2 Fungi Beasts","floor":12,"turns":3},{"damage":0,"enemies":"Exordium Wildlife","floor":14,"turns":6},{"damage":51,"enemies":"Slime Boss","floor":16,"turns":6}],"seed_played":"8354295238740421977","potions_obtained":[{"floor":1,"key":"Block Potion"},{"floor":12,"key":"Ancient Potion"}],"is_trial":false,"path_per_floor":["M","?","M","?","$","R","E","M","T","R","?","M","?","M","R","B"],"character_chosen":"DEFECT","items_purchased":[],"campfire_rested":1,"item_purchase_floors":[],"current_hp_per_floor":[57,57,53,48,48,48,30,30,30,30,30,28,28,28,49,0],"gold":304,"neow_bonus":"UPGRADE_CARD","is_prod":false,"is_daily":false,"chose_seed":false,"campfire_upgraded":2,"win_rate":0,"timestamp":1567897377,"path_taken":["M","?","M","?","$","R","E","M","T","R","?","M","?","M","R","BOSS"],"build_version":"2019-07-17","purchased_purges":0,"victory":false,"max_hp_per_floor":[71,71,71,71,71,71,71,71,71,71,71,71,71,71,71,71],"card_choices":[{"not_picked":["White Noise","Tempest"],"picked":"Glacier","floor":1},{"not_picked":["Compile Driver","Turbo"],"picked":"Gash","floor":3},{"not_picked":["Fusion","Fission"],"picked":"Coolheaded","floor":7},{"not_picked":["Streamline","Compile Driver"],"picked":"Conserve Battery","floor":8},{"not_picked":["Sweeping Beam","Coolheaded"],"picked":"Consume","floor":12},{"not_picked":["Recycle","Chill"],"picked":"Loop","floor":14}],"player_experience":797114,"relics_obtained":[{"floor":7,"key":"Whetstone"},{"floor":9,"key":"War Paint"}],"event_choices":[{"damage_healed":0,"gold_gain":0,"player_choice":"Ignored","damage_taken":0,"max_hp_gain":0,"max_hp_loss":0,"event_name":"Golden Wing","floor":2,"gold_loss":0},{"damage_healed":0,"gold_gain":0,"player_choice":"Success","damage_taken":5,"relics_obtained":["Pen Nib"],"max_hp_gain":0,"max_hp_loss":0,"event_name":"Scrap Ooze","floor":4,"gold_loss":0},{"damage_healed":0,"gold_gain":150,"player_choice":"AGREE","damage_taken":0,"max_hp_gain":0,"max_hp_loss":0,"event_name":"Liars Game","floor":11,"gold_loss":0,"cards_obtained":["Doubt"]},{"cards_removed":["Doubt"],"damage_healed":0,"gold_gain":0,"player_choice":"Card Removal","damage_taken":0,"max_hp_gain":0,"max_hp_loss":0,"event_name":"The Cleric","floor":13,"gold_loss":75}],"is_beta":false,"boss_relics":[],"items_purged_floors":[],"is_endless":false,"potions_floor_spawned":[1,12],"killed_by":"Slime Boss","ascension_level":20}