{"gold_per_floor":[118,118,193,468,487,487,501,529,601,601,629,162,162,162,162,233,233,244,244,255,255,305,331,331,350,350,367,367,20,20,39,39,117,117,137,117,130,130,154,154,254,254],"floor_reached":42,"playtime":2198,"items_purged":["Regret"],"score":940,"play_id":"06214a75-275b-4449-b419-ec0b82869447","local_time":"20191001214315","is_ascension_mode":true,"campfire_choices":[{"data":"Compile Driver","floor":6.0,"key":"SMITH"},{"data":"Hyperbeam","floor":10.0,"key":"SMITH"},{"floor":15.0,"key":"REST"},{"data":"Defragment","floor":24.0,"key":"SMITH"},{"data":"Biased Cognition","floor":32.0,"key":"SMITH"},{"floor":40,"key":"RECALL"}],"neow_cost":"NONE","seed_source_timestamp":0,"circlet_count":0,"master_deck":["AscendersBane","Defend_B+1","Defend_B+1","Defend_B+1","Defend_B+1","Zap+1","Dualcast","Conserve Battery","Compile Driver+1","Coolheaded","Hyperbeam+1","BootSequence","Barrage","Biased Cognition+1","Chill","Compile Driver+1","Defragment+1","Stack+1","Bite","Bite","Bite","Bite","Bite","Core Surge","Echo Form","Electrodynamics","Parasite"],"special_seed":0,"relics":["Cracked Core","NeowsBlessing","Centennial Puzzle","Pantograph","Boot","FossilizedHelix","Emotion Chip","Cursed Key","Nilry\u0027s Codex","Bag of Marbles","Bottled Tornado","DataDisk","Fusion Hammer","Bag of Preparation","Turnip"],"potions_floor_usage":[33,37],"damage_taken":[{"damage":0.0,"enemies":"2 Louse","floor":1.0,"turns":1.0},{"damage":0.0,"enemies":"Jaw Worm","floor":5.0,"turns":1.0},{"damage":0.0,"enemies":"Cultist","floor":7.0,"turns":1.0},{"damage":31.0,"enemies":"Lagavulin","floor":8.0,"turns":6.0},{"damage":11.0,"enemies":"Gremlin Nob","floor":11.0,"turns":3.0},{"damage":19.0,"enemies":"Slime Boss","floor":16.0,"turns":10.0},{"damage":0.0,"enemies":"Chosen","floor":18.0,"turns":5.0},{"damage":3.0,"enemies":"Shell Parasite","floor":20.0,"turns":10.0},{"damage":0.0,"enemies":"Gremlin Leader","floor":23.0,"turns":5.0},{"damage":18.0,"enemies":"Shelled Parasite and Fungi","floor":25.0,"turns":5.0},{"damage":9.0,"enemies":"Snake Plant","floor":27.0,"turns":5.0},{"damage":0.0,"enemies":"Sentry and Sphere","floor":31.0,"turns":22.0},{"damage":69,"enemies":"Automaton","floor":33,"turns":22},{"damage":0,"enemies":"3 Shapes","floor":35,"turns":2},{"damage":34,"enemies":"3 Darklings","floor":37,"turns":15},{"damage":0,"enemies":"Mind Bloom Boss Battle","floor":41,"turns":8},{"damage":59,"enemies":"Spire Growth","floor":42,"turns":4}],"seed_played":"1760536534201629317","potions_obtained":[{"floor":5.0,"key":"AttackPotion"},{"floor":8.0,"key":"Fire Potion"},{"floor":16.0,"key":"Ancient Potion"},{"floor":18.0,"key":"Energy Potion"},{"floor":20.0,"key":"PowerPotion"},{"floor":25.0,"key":"Fire Potion"},{"floor":35,"key":"Energy Potion"},{"floor":41,"key":"Ancient Potion"}],"is_trial":false,"path_per_floor":["M","?","?","?","M","R","M","E","T","R","E","$","?","T","R","B",null,"M","?","M","?","?","E","R","M","T","M","?","$","?","M","R","B",null,"M","?","M","$","T","R","?","M"],"character_chosen":"DEFECT","items_purchased":["FossilizedHelix","Barrage","DataDisk","Core Surge"],"campfire_rested":1,"item_purchase_floors":[12,12,29,29],"current_hp_per_floor":[64,64,53,53,53,53,53,22,22,22,11,11,6,6,27,33,62,62,41,38,38,38,38,38,20,20,11,11,11,11,49,49,30,44,48,48,49,49,49,49,49,0],"gold":254,"neow_bonus":"THREE_ENEMY_KILL","is_prod":false,"is_daily":false,"chose_seed":false,"campfire_upgraded":4,"win_rate":0,"timestamp":1569991395,"path_taken":["M","?","?","?","?","R","M","E","T","R","E","$","?","?","R","BOSS","M","?","M","?","?","E","R","M","T","M","?","?","?","M","R","BOSS","M","?","M","$","?","R","?","M"],"build_version":"2019-07-17","purchased_purges":1,"victory":false,"max_hp_per_floor":[71,71,71,71,71,71,71,71,71,71,71,71,71,71,71,71,71,71,71,71,71,71,71,71,71,71,71,49,49,49,49,49,49,49,49,49,49,49,49,49,49,49],"card_choices":[{"not_picked":["Barrage","Stack"],"picked":"Conserve Battery","floor":1.0},{"not_picked":["Stack","Barrage"],"picked":"Compile Driver","floor":5.0},{"not_picked":["Leap","Double Energy"],"picked":"Coolheaded","floor":7.0},{"not_picked":["Coolheaded","Steam"],"picked":"Hyperbeam","floor":8.0},{"not_picked":["Redo","Heatsinks"],"picked":"BootSequence","floor":11.0},{"not_picked":["Core Surge","Fission"],"picked":"Biased Cognition","floor":16.0},{"not_picked":["Leap","Streamline"],"picked":"Chill","floor":18.0},{"not_picked":["Coolheaded","Go for the Eyes"],"picked":"Compile Driver+1","floor":20.0},{"not_picked":["Heatsinks","Reinforced Body"],"picked":"Defragment","floor":23.0},{"not_picked":["Steam","Barrage+1"],"picked":"Stack+1","floor":25.0},{"not_picked":["Barrage","Streamline","Stack"],"picked":"SKIP","floor":27.0},{"not_picked":["Steam Power","Go for the Eyes"],"picked":"Echo Form","floor":31.0},{"not_picked":["Fission","Buffer"],"picked":"Electrodynamics","floor":33},{"not_picked":["Redo","FTL","Turbo"],"picked":"SKIP","floor":35},{"not_picked":["Cold Snap+1","Sweeping Beam","Turbo"],"picked":"SKIP","floor":37}],"player_experience":812195,"relics_obtained":[{"floor":8.0,"key":"Centennial Puzzle"},{"floor":9.0,"key":"Pantograph"},{"floor":11.0,"key":"Boot"},{"floor":14.0,"key":"Emotion Chip"},{"floor":19.0,"key":"Nilry\u0027s Codex"},{"floor":23.0,"key":"Bag of Marbles"},{"floor":26.0,"key":"Bottled Tornado"},{"floor":39,"key":"Bag of Preparation"},{"floor":41,"key":"Turnip"}],"event_choices":[{"damage_healed":0.0,"max_hp_gain":0.0,"max_hp_loss":0.0,"gold_gain":0.0,"event_name":"Living Wall","player_choice":"Grow","floor":2.0,"gold_loss":0.0,"damage_taken":0.0,"cards_upgraded":["Zap"]},{"damage_healed":0.0,"max_hp_gain":0.0,"max_hp_loss":0.0,"gold_gain":75.0,"event_name":"World of Goop","player_choice":"Gather Gold","floor":3.0,"gold_loss":0.0,"damage_taken":11.0},{"damage_healed":0.0,"max_hp_gain":0.0,"max_hp_loss":0.0,"gold_gain":275.0,"event_name":"Golden Shrine","player_choice":"Desecrate","floor":4.0,"gold_loss":0.0,"damage_taken":0.0,"cards_obtained":["Regret"]},{"damage_healed":0.0,"max_hp_gain":0.0,"max_hp_loss":0.0,"gold_gain":0.0,"event_name":"Scrap Ooze","player_choice":"Fled","floor":13.0,"gold_loss":0.0,"damage_taken":5.0},{"damage_healed":0.0,"max_hp_gain":0.0,"max_hp_loss":0.0,"gold_gain":0.0,"event_name":"Cursed Tome","player_choice":"Obtained Book","floor":19.0,"gold_loss":0.0,"damage_taken":21.0},{"damage_healed":0.0,"max_hp_gain":0.0,"max_hp_loss":0.0,"gold_gain":0.0,"event_name":"Back to Basics","player_choice":"Simplicity","floor":21.0,"gold_loss":0.0,"damage_taken":0.0,"cards_upgraded":["Strike_B","Strike_B","Strike_B","Strike_B","Defend_B","Defend_B","Defend_B","Defend_B"]},{"damage_healed":0.0,"max_hp_gain":0.0,"max_hp_loss":0.0,"gold_gain":50.0,"event_name":"Nest","player_choice":"Stole From Cult","floor":22.0,"gold_loss":0.0,"damage_taken":0.0},{"damage_healed":0.0,"max_hp_gain":0.0,"max_hp_loss":22.0,"gold_gain":0.0,"event_name":"Vampires","player_choice":"Became a vampire","floor":28.0,"gold_loss":0.0,"damage_taken":0.0,"cards_obtained":["Bite","Bite","Bite","Bite","Bite"]},{"cards_removed":["Normality"],"damage_healed":0.0,"max_hp_gain":0.0,"max_hp_loss":0.0,"gold_gain":0.0,"event_name":"Purifier","player_choice":"Purged","floor":30.0,"gold_loss":0.0,"damage_taken":0.0},{"damage_healed":0,"gold_gain":0,"player_choice":"Bought 1 Potion","damage_taken":0,"max_hp_gain":0,"max_hp_loss":0,"event_name":"The Woman in Blue","floor":36,"gold_loss":0},{"damage_healed":0,"gold_gain":0,"player_choice":"Fight","damage_taken":0,"max_hp_gain":0,"max_hp_loss":0,"event_name":"MindBloom","floor":41,"gold_loss":0}],"is_beta":false,"boss_relics":[{"not_picked":["Ectoplasm","FrozenCore"],"picked":"Cursed Key"},{"not_picked":["Black Star","Eternal Feather"],"picked":"Fusion Hammer"}],"items_purged_floors":[12],"is_endless":false,"potions_floor_spawned":[5,8,16,18,20,25,35,41],"killed_by":"Spire Growth","ascension_level":20}