{"gold_per_floor":[119,119,3,78,93,93,93,109,133,167,167,198,198,231,231,305,305,323,333,352,352,277,277,277,277],"floor_reached":25,"playtime":692,"items_purged":["Strike_B"],"score":434,"play_id":"2e1749f4-239e-4ace-bb59-4787f641fffe","local_time":"20191027130601","is_ascension_mode":true,"campfire_choices":[{"floor":6,"key":"REST"},{"data":"1","floor":11,"key":"LIFT"},{"floor":13,"key":"REST"},{"data":"2","floor":15,"key":"LIFT"},{"data":"3","floor":23,"key":"LIFT"}],"neow_cost":"NONE","seed_source_timestamp":148630531282400,"circlet_count":0,"master_deck":["AscendersBane","Strike_B","Strike_B+1","Strike_B","Defend_B","Defend_B","Defend_B","Defend_B","Zap","Dualcast","Hello World+1","Defragment+1","Go for the Eyes","Conserve Battery","Self Repair","Hologram","Electrodynamics+1","Gash","All For One","BootSequence+1","Ball Lightning","Writhe"],"relics":["Cracked Core","NeowsBlessing","Regal Pillow","Girya","Frozen Egg 2","Bronze Scales","Black Star","Nilry\u0027s Codex","Orichalcum"],"potions_floor_usage":[16],"damage_taken":[{"damage":0,"enemies":"Cultist","floor":1,"turns":1},{"damage":0,"enemies":"Jaw Worm","floor":5,"turns":1},{"damage":0,"enemies":"2 Louse","floor":8,"turns":1},{"damage":28,"enemies":"3 Sentries","floor":10,"turns":8},{"damage":11,"enemies":"Lagavulin","floor":12,"turns":5},{"damage":15,"enemies":"3 Sentries","floor":14,"turns":4},{"damage":29,"enemies":"The Guardian","floor":16,"turns":9},{"damage":15,"enemies":"Chosen","floor":18,"turns":4},{"damage":2,"enemies":"3 Byrds","floor":19,"turns":2},{"damage":3,"enemies":"Centurion and Healer","floor":20,"turns":4},{"damage":38,"enemies":"Cultist and Chosen","floor":25,"turns":3}],"seed_played":"-6811602553956785261","potions_obtained":[{"floor":1,"key":"Ancient Potion"},{"floor":8,"key":"Strength Potion"},{"floor":14,"key":"Strength Potion"},{"floor":16,"key":"LiquidBronze"}],"is_trial":false,"path_per_floor":["M","?","$","?","M","R","?","M","T","E","R","E","R","E","R","B",null,"M","M","M","?","$","R","?","M"],"character_chosen":"DEFECT","items_purchased":["Defragment","Go for the Eyes"],"campfire_rested":2,"item_purchase_floors":[3,3],"current_hp_per_floor":[64,43,43,32,32,53,53,53,53,32,32,21,57,49,49,27,60,52,57,54,33,33,33,33,0],"gold":277,"neow_bonus":"THREE_ENEMY_KILL","is_prod":false,"is_daily":false,"chose_seed":false,"campfire_upgraded":0,"win_rate":0,"timestamp":1572206761,"path_taken":["M","?","$","?","M","R","?","M","T","E","R","E","R","E","R","BOSS","M","M","M","?","$","R","?","?"],"build_version":"2019-07-17","purchased_purges":1,"victory":false,"max_hp_per_floor":[71,71,71,71,71,71,71,71,71,71,71,71,71,71,71,71,71,71,71,71,71,71,71,71,71],"card_choices":[{"not_picked":["Chaos","Reprogram"],"picked":"Hello World","floor":1},{"not_picked":["Streamline","White Noise"],"picked":"Conserve Battery","floor":5},{"not_picked":["Conserve Battery","FTL"],"picked":"Self Repair","floor":8},{"not_picked":["Barrage","Doom and Gloom"],"picked":"Hologram","floor":10},{"not_picked":["Beam Cell","BootSequence"],"picked":"Electrodynamics","floor":12},{"not_picked":["Turbo","Thunder Strike"],"picked":"Gash","floor":14},{"not_picked":["Rainbow","Multi-Cast"],"picked":"All For One","floor":16},{"not_picked":["Leap","Auto Shields","Stack"],"picked":"SKIP","floor":18},{"not_picked":["Coolheaded","Barrage"],"picked":"BootSequence+1","floor":19},{"not_picked":["White Noise","Tempest"],"picked":"Ball Lightning","floor":20}],"player_experience":907051,"relics_obtained":[{"floor":9,"key":"Regal Pillow"},{"floor":10,"key":"Girya"},{"floor":12,"key":"Frozen Egg 2"},{"floor":14,"key":"Bronze Scales"},{"floor":21,"key":"Nilry\u0027s Codex"}],"event_choices":[{"damage_healed":0,"gold_gain":0,"player_choice":"Entered Light","damage_taken":21,"max_hp_gain":0,"max_hp_loss":0,"event_name":"Shining Light","floor":2,"gold_loss":0,"cards_upgraded":["Hello World","Strike_B"]},{"damage_healed":0,"gold_gain":75,"player_choice":"Gather Gold","damage_taken":11,"max_hp_gain":0,"max_hp_loss":0,"event_name":"World of Goop","floor":4,"gold_loss":0},{"damage_healed":0,"gold_gain":0,"player_choice":"Grow","damage_taken":0,"max_hp_gain":0,"max_hp_loss":0,"event_name":"Living Wall","floor":7,"gold_loss":0,"cards_upgraded":["Defragment"]},{"damage_healed":0,"gold_gain":0,"player_choice":"Obtained Book","damage_taken":21,"max_hp_gain":0,"max_hp_loss":0,"event_name":"Cursed Tome","floor":21,"gold_loss":0},{"damage_healed":0,"gold_gain":0,"player_choice":"Opened","damage_taken":0,"relics_obtained":["Orichalcum"],"max_hp_gain":0,"max_hp_loss":0,"event_name":"The Mausoleum","floor":24,"gold_loss":0,"cards_obtained":["Writhe"]}],"is_beta":false,"boss_relics":[{"not_picked":["Ectoplasm","Lizard Tail"],"picked":"Black Star"}],"items_purged_floors":[22],"is_endless":false,"potions_floor_spawned":[1,8,14,16],"killed_by":"Cultist and Chosen","ascension_level":20}