{"gold_per_floor":[119,130,130,148,148,148,166,166,166,241,211,211,246,270,270,270],"floor_reached":16,"playtime":287,"items_purged":[],"score":200,"play_id":"36a06460-37ae-4d97-b9ca-f6b14132821e","local_time":"20190806214029","is_ascension_mode":true,"campfire_choices":[{"floor":6,"key":"REST"},{"data":"Sweeping Beam","floor":8,"key":"SMITH"},{"floor":12,"key":"REST"},{"floor":15,"key":"REST"}],"neow_cost":"NONE","seed_source_timestamp":421048317508700,"circlet_count":0,"master_deck":["AscendersBane","Strike_B","Strike_B","Strike_B","Strike_B","Defend_B","Defend_B","Defend_B","Defend_B","Zap","Dualcast","Sweeping Beam+1","Auto Shields","Compile Driver","Cold Snap","Ball Lightning"],"relics":["Cracked Core","Bag of Marbles","Golden Idol","Frozen Egg 2","Mummified Hand","Du-Vu Doll"],"potions_floor_usage":[7,13,14,16],"damage_taken":[{"damage":9,"enemies":"Jaw Worm","floor":1,"turns":4},{"damage":6,"enemies":"2 Louse","floor":2,"turns":2},{"damage":3,"enemies":"Small Slimes","floor":4,"turns":2},{"damage":14,"enemies":"Exordium Thugs","floor":7,"turns":4},{"damage":25,"enemies":"Lagavulin","floor":13,"turns":7},{"damage":1,"enemies":"Blue Slaver","floor":14,"turns":3},{"damage":45,"enemies":"Slime Boss","floor":16,"turns":6}],"seed_played":"5354145750659902368","potions_obtained":[{"floor":4,"key":"Poison Potion"},{"floor":11,"key":"GamblersBrew"},{"floor":11,"key":"SpeedPotion"},{"floor":14,"key":"Weak Potion"}],"is_trial":false,"path_per_floor":["M","M","?","M","T","R","M","R","T","?","?","R","E","M","R","B"],"character_chosen":"DEFECT","items_purchased":[],"campfire_rested":3,"item_purchase_floors":[],"current_hp_per_floor":[55,49,25,22,22,43,29,29,29,18,18,39,14,13,34,0],"gold":270,"neow_bonus":"RANDOM_COMMON_RELIC","is_prod":false,"is_daily":false,"chose_seed":false,"campfire_upgraded":1,"win_rate":0,"timestamp":1565152829,"path_taken":["M","M","?","M","?","R","M","R","T","?","?","R","E","?","R","BOSS"],"build_version":"2019-07-17","purchased_purges":0,"victory":false,"max_hp_per_floor":[71,71,71,71,71,71,71,71,71,71,71,71,71,71,71,71],"card_choices":[{"not_picked":["Leap","Stack"],"picked":"Sweeping Beam","floor":1},{"not_picked":["Fusion","Sweeping Beam"],"picked":"Auto Shields","floor":2},{"not_picked":["Steam","Steam Power"],"picked":"Compile Driver","floor":4},{"not_picked":["Steam","Barrage"],"picked":"Cold Snap","floor":7},{"not_picked":["Scrape","Compile Driver","Streamline"],"picked":"SKIP","floor":13},{"not_picked":["Sweeping Beam","Streamline"],"picked":"Ball Lightning","floor":14}],"player_experience":718727,"relics_obtained":[{"floor":5,"key":"Frozen Egg 2"},{"floor":9,"key":"Mummified Hand"},{"floor":13,"key":"Du-Vu Doll"}],"event_choices":[{"damage_healed":0,"gold_gain":0,"player_choice":"Take Damage","damage_taken":24,"relics_obtained":["Golden Idol"],"max_hp_gain":0,"max_hp_loss":0,"event_name":"Golden Idol","floor":3,"gold_loss":0},{"damage_healed":0,"gold_gain":75,"player_choice":"Gather Gold","damage_taken":11,"max_hp_gain":0,"max_hp_loss":0,"event_name":"World of Goop","floor":10,"gold_loss":0},{"damage_healed":0,"gold_gain":0,"player_choice":"Bought 2 Potions","damage_taken":0,"max_hp_gain":0,"max_hp_loss":0,"event_name":"The Woman in Blue","floor":11,"gold_loss":0}],"is_beta":false,"boss_relics":[],"items_purged_floors":[],"is_endless":false,"potions_floor_spawned":[4,14],"killed_by":"Slime Boss","ascension_level":20}