{"gold_per_floor":[118,133,133,98,8,37,37,56,80,122,149,186,215,227],"floor_reached":14,"playtime":511,"items_purged":[],"score":198,"play_id":"84164349-a5ce-4c3f-859c-08bb8a8ce765","local_time":"20191027210139","is_ascension_mode":true,"campfire_choices":[{"data":"Rainbow","floor":7,"key":"SMITH"}],"neow_cost":"NONE","seed_source_timestamp":133385210677600,"circlet_count":0,"master_deck":["AscendersBane","Strike_B","Strike_B","Strike_B","Strike_B","Defend_B","Defend_B","Defend_B","Defend_B","Zap+1","Dualcast","Streamline","Sweeping Beam","Glacier","Ball Lightning","Rainbow+1","Coolheaded","Core Surge","Defragment"],"relics":["Cracked Core","Orichalcum","MawBank","Pen Nib","Bag of Marbles"],"potions_floor_usage":[12],"damage_taken":[{"damage":8,"enemies":"Jaw Worm","floor":1,"turns":4},{"damage":7,"enemies":"Small Slimes","floor":2,"turns":3},{"damage":24,"enemies":"Gremlin Nob","floor":6,"turns":4},{"damage":0,"enemies":"Cultist","floor":8,"turns":3},{"damage":28,"enemies":"Lagavulin","floor":10,"turns":5},{"damage":10,"enemies":"Lots of Slimes","floor":11,"turns":3},{"damage":6,"enemies":"3 Sentries","floor":12,"turns":7},{"damage":4,"enemies":"Large Slime","floor":13,"turns":5},{"damage":5,"enemies":"Exordium Wildlife","floor":14,"turns":1}],"seed_played":"-4758110980644591793","potions_obtained":[{"floor":6,"key":"Ancient Potion"},{"floor":8,"key":"PotionOfCapacity"}],"is_trial":false,"path_per_floor":["M","M","?","?","$","E","R","M","T","E","M","E","M","M"],"character_chosen":"DEFECT","items_purchased":["Glacier","Ball Lightning"],"campfire_rested":0,"item_purchase_floors":[5,5],"current_hp_per_floor":[63,56,56,75,75,51,51,51,51,23,13,7,3,0],"gold":227,"neow_bonus":"TEN_PERCENT_HP_BONUS","is_prod":false,"is_daily":false,"chose_seed":false,"campfire_upgraded":1,"win_rate":0,"timestamp":1572206499,"path_taken":["M","M","?","?","$","E","R","M","T","E","M","E","M","M"],"build_version":"2019-10-25-V3","purchased_purges":0,"victory":false,"max_hp_per_floor":[78,78,78,78,78,78,78,78,78,78,78,78,78,78],"card_choices":[{"not_picked":["Steam","Capacitor"],"picked":"Streamline","floor":1},{"not_picked":["Barrage","Turbo"],"picked":"Sweeping Beam","floor":2},{"not_picked":["Self Repair","Barrage"],"picked":"Rainbow","floor":6},{"not_picked":["Double Energy","Turbo"],"picked":"Coolheaded","floor":8},{"not_picked":["Barrage","Rebound"],"picked":"Core Surge","floor":10},{"not_picked":["Chill","Chaos"],"picked":"Defragment","floor":11},{"not_picked":["Compile Driver","Sweeping Beam","Hologram"],"picked":"SKIP","floor":12},{"not_picked":["Melter","Hologram","Thunder Strike"],"picked":"SKIP","floor":13}],"player_experience":582845,"relics_obtained":[{"floor":6,"key":"Orichalcum"},{"floor":9,"key":"MawBank"},{"floor":10,"key":"Pen Nib"},{"floor":12,"key":"Bag of Marbles"}],"event_choices":[{"damage_healed":0,"gold_gain":0,"player_choice":"Grow","damage_taken":0,"max_hp_gain":0,"max_hp_loss":0,"event_name":"Living Wall","floor":3,"gold_loss":0,"cards_upgraded":["Zap"]},{"damage_healed":19,"gold_gain":0,"player_choice":"Healed","damage_taken":0,"max_hp_gain":0,"max_hp_loss":0,"event_name":"The Cleric","floor":4,"gold_loss":35}],"is_beta":true,"boss_relics":[],"items_purged_floors":[],"is_endless":false,"potions_floor_spawned":[6,8,11],"killed_by":"Exordium Wildlife","ascension_level":16}