{"gold_per_floor":[109,109,109,122,122,122,122,122,122,122,162,176,194,218,218,314,314,329,352,352,54,54,54,82,82,150,177,195,223,242,113,113,190,190,205,221,221,236,256,256,289,31,58,58],"floor_reached":44,"playtime":1560,"items_purged":["Strike_B"],"score":1042,"play_id":"8753b2a4-7e9f-4a53-baf9-6ad0ded3c471","local_time":"20191021182759","is_ascension_mode":true,"campfire_choices":[{"data":"Zap","floor":6,"key":"SMITH"},{"data":"Undo","floor":8,"key":"SMITH"},{"data":"Ball Lightning","floor":10,"key":"SMITH"},{"data":"Echo Form","floor":15,"key":"SMITH"},{"floor":23,"key":"REST"},{"floor":25,"key":"REST"},{"floor":32,"key":"REST"},{"floor":40,"key":"RECALL"}],"neow_cost":"NONE","seed_source_timestamp":782656870819100,"circlet_count":0,"master_deck":["AscendersBane","Strike_B","Defend_B","Defend_B","Defend_B","Zap+1","Undo+1","Ball Lightning+1","Echo Form+1","Compile Driver+1","Beam Cell+1","Streamline+1","Buffer","Conserve Battery","Gash+1","Leap","Go for the Eyes+1","Self Repair+1","Gash+1","Self Repair","Coolheaded","Capacitor","Undo","Core Surge+1","Genetic Algorithm","Self Repair","Hologram","Defragment"],"relics":["Cracked Core","NeowsBlessing","Bloody Idol","Meat on the Bone","Molten Egg 2","Fusion Hammer","Medical Kit","Mummified Hand","Blue Candle","Bronze Scales","Bag of Marbles","Coffee Dripper","Letter Opener","Potion Belt"],"potions_floor_usage":[12,16,24,29,33],"damage_taken":[{"damage":0,"enemies":"Jaw Worm","floor":1,"turns":1},{"damage":0,"enemies":"Small Slimes","floor":4,"turns":1},{"damage":0,"enemies":"Gremlin Nob","floor":11,"turns":1},{"damage":0,"enemies":"Cultist","floor":12,"turns":2},{"damage":19,"enemies":"Exordium Wildlife","floor":13,"turns":3},{"damage":3,"enemies":"Blue Slaver","floor":14,"turns":3},{"damage":27,"enemies":"Hexaghost","floor":16,"turns":7},{"damage":14,"enemies":"3 Byrds","floor":18,"turns":5},{"damage":16,"enemies":"Shell Parasite","floor":19,"turns":2},{"damage":38,"enemies":"Slavers","floor":24,"turns":6},{"damage":9,"enemies":"Book of Stabbing","floor":27,"turns":6},{"damage":15,"enemies":"Chosen and Byrds","floor":28,"turns":6},{"damage":48,"enemies":"Gremlin Leader","floor":29,"turns":7},{"damage":37,"enemies":"Snake Plant","floor":30,"turns":5},{"damage":16,"enemies":"Champ","floor":33,"turns":12},{"damage":8,"enemies":"Orb Walker","floor":35,"turns":4},{"damage":47,"enemies":"3 Darklings","floor":36,"turns":9},{"damage":0,"enemies":"Spire Growth","floor":38,"turns":6},{"damage":17,"enemies":"Maw","floor":39,"turns":8},{"damage":56,"enemies":"Nemesis","floor":41,"turns":13},{"damage":70,"enemies":"Reptomancer","floor":44,"turns":3}],"seed_played":"-2319198579867135582","potions_obtained":[{"floor":11,"key":"Fruit Juice"},{"floor":14,"key":"Poison Potion"},{"floor":18,"key":"AttackPotion"},{"floor":24,"key":"Block Potion"},{"floor":27,"key":"LiquidBronze"},{"floor":30,"key":"Strength Potion"},{"floor":38,"key":"LiquidBronze"}],"is_trial":false,"path_per_floor":["M","?","?","M","?","R","?","R","T","R","E","M","M","M","R","B",null,"M","M","?","$","?","R","E","R","T","E","M","E","M","$","R","B",null,"M","M","?","M","M","R","E","$","T","E"],"character_chosen":"DEFECT","items_purchased":["Medical Kit","Capacitor","Undo","Potion Belt","Defragment"],"campfire_rested":3,"item_purchase_floors":[21,31,31,42,42],"current_hp_per_floor":[64,57,57,57,33,33,33,33,33,33,45,50,43,40,40,25,63,49,45,45,45,45,67,46,68,73,69,69,58,52,52,74,76,76,76,76,76,76,76,76,61,61,66,0],"gold":58,"neow_bonus":"THREE_ENEMY_KILL","is_prod":false,"is_daily":false,"chose_seed":false,"campfire_upgraded":4,"win_rate":0,"timestamp":1571707679,"path_taken":["M","?","?","?","?","R","?","R","T","R","E","M","M","M","R","BOSS","M","M","?","$","?","R","E","R","T","E","?","E","M","$","R","BOSS","M","M","?","M","M","R","E","$","T","E"],"build_version":"2019-07-17","purchased_purges":1,"victory":false,"max_hp_per_floor":[71,71,71,71,71,71,71,71,71,71,71,76,76,76,76,76,76,76,76,76,76,76,76,76,76,76,76,76,76,76,76,76,76,76,76,76,76,76,76,76,76,76,76,76],"card_choices":[{"not_picked":["Steam","Auto Shields"],"picked":"Undo","floor":1},{"not_picked":["Stack","Beam Cell"],"picked":"Ball Lightning","floor":4},{"not_picked":["Fusion","Reinforced Body"],"picked":"Echo Form","floor":11},{"not_picked":["Barrage+1","Steam Power"],"picked":"Compile Driver+1","floor":12},{"not_picked":["Leap","Rebound+1"],"picked":"Beam Cell+1","floor":13},{"not_picked":["Compile Driver+1","Sunder+1"],"picked":"Streamline+1","floor":14},{"not_picked":["Reboot","Seek"],"picked":"Buffer","floor":16},{"not_picked":["Sweeping Beam+1","Cold Snap+1"],"picked":"Conserve Battery","floor":18},{"not_picked":["Steam","Coolheaded"],"picked":"Gash+1","floor":19},{"not_picked":["White Noise","Turbo+1"],"picked":"Go for the Eyes+1","floor":24},{"not_picked":["BootSequence","Go for the Eyes+1"],"picked":"Self Repair+1","floor":27},{"not_picked":["Barrage+1","Tempest"],"picked":"Gash+1","floor":28},{"not_picked":["Sweeping Beam+1","Conserve Battery"],"picked":"Self Repair","floor":29},{"not_picked":["Cold Snap+1","Capacitor"],"picked":"Coolheaded","floor":30},{"not_picked":["Rainbow","Fission"],"picked":"Core Surge+1","floor":33},{"not_picked":["Tempest","Fusion","Turbo"],"picked":"SKIP","floor":35},{"not_picked":["Streamline+1","White Noise+1"],"picked":"Genetic Algorithm","floor":36},{"not_picked":["Static Discharge","Double Energy+1"],"picked":"Self Repair","floor":38},{"not_picked":["Tempest+1","Turbo","Chaos"],"picked":"SKIP","floor":39},{"not_picked":["Coolheaded","Steam"],"picked":"Hologram","floor":41}],"player_experience":882616,"relics_obtained":[{"floor":9,"key":"Meat on the Bone"},{"floor":11,"key":"Molten Egg 2"},{"floor":24,"key":"Mummified Hand"},{"floor":26,"key":"Blue Candle"},{"floor":27,"key":"Bronze Scales"},{"floor":29,"key":"Bag of Marbles"},{"floor":41,"key":"Letter Opener"}],"event_choices":[{"cards_removed":["Defend_B"],"damage_healed":0,"gold_gain":0,"player_choice":"Card Removal","damage_taken":7,"max_hp_gain":0,"max_hp_loss":0,"event_name":"Golden Wing","floor":2,"gold_loss":0},{"cards_removed":["Strike_B"],"damage_healed":0,"gold_gain":0,"player_choice":"Offered Basic","damage_taken":0,"max_hp_gain":0,"max_hp_loss":0,"event_name":"Bonfire Elementals","floor":3,"gold_loss":0},{"damage_healed":0,"gold_gain":0,"player_choice":"Take Damage","damage_taken":24,"relics_obtained":["Golden Idol"],"max_hp_gain":0,"max_hp_loss":0,"event_name":"Golden Idol","floor":5,"gold_loss":0},{"damage_healed":0,"gold_gain":0,"player_choice":"Upgraded","damage_taken":0,"max_hp_gain":0,"max_hp_loss":0,"event_name":"Upgrade Shrine","floor":7,"gold_loss":0,"cards_upgraded":["Dualcast"]},{"damage_healed":0,"gold_gain":0,"player_choice":"Gave Idol","damage_taken":0,"relics_obtained":["Bloody Idol"],"max_hp_gain":0,"max_hp_loss":0,"event_name":"Forgotten Altar","floor":20,"relics_lost":["Golden Idol"],"gold_loss":0},{"damage_healed":0,"gold_gain":0,"cards_transformed":["Strike_B"],"player_choice":"Transformed","damage_taken":0,"max_hp_gain":0,"max_hp_loss":0,"event_name":"Transmorgrifier","floor":22,"gold_loss":0,"cards_obtained":["Leap"]},{"cards_removed":["Dualcast"],"damage_healed":0,"gold_gain":0,"player_choice":"Removed Skill","damage_taken":0,"max_hp_gain":0,"max_hp_loss":0,"event_name":"Falling","floor":37,"gold_loss":0}],"is_beta":false,"boss_relics":[{"not_picked":["Cursed Key","Astrolabe"],"picked":"Fusion Hammer"},{"not_picked":["Empty Cage","Runic Pyramid"],"picked":"Coffee Dripper"}],"items_purged_floors":[21],"is_endless":false,"potions_floor_spawned":[11,14,18,24,27,30,38],"killed_by":"Reptomancer","ascension_level":20}