{"gold_per_floor":[117,42,42,42,54,54,80,80,106,106,132,132,152,169,169,265,265,276,294,294,34,49,49,84,84,84,95,20,20,20,33,33,129,129,145,160,171,220,220,220,232,232,232,4,33,33,53,0,0,0],"floor_reached":51,"playtime":3477,"items_purged":["Strike_B"],"score":703,"play_id":"70adf992-7026-4c40-8325-73f1b2959fd4","local_time":"20191026003100","is_ascension_mode":false,"campfire_choices":[{"data":"Zap","floor":6.0,"key":"SMITH"},{"data":"Cold Snap","floor":8.0,"key":"SMITH"},{"data":"Conserve Battery","floor":10.0,"key":"SMITH"},{"data":"Defend_B","floor":15.0,"key":"PURGE"},{"data":"Fission","floor":23.0,"key":"SMITH"},{"data":"Glacier","floor":30.0,"key":"SMITH"},{"data":"Rip and Tear","floor":32.0,"key":"SMITH"},{"floor":40.0,"key":"REST"},{"data":"Blizzard","floor":42.0,"key":"SMITH"},{"data":"The Bomb","floor":46.0,"key":"SMITH"},{"data":"Good Instincts","floor":49,"key":"SMITH"}],"neow_cost":"NONE","seed_source_timestamp":0,"circlet_count":0,"master_deck":["Strike_B+1","Strike_B+1","Defend_B+1","Zap+1","Dualcast","Coolheaded","Cold Snap+1","Conserve Battery+1","Loop+1","Good Instincts+1","FTL","Glacier+1","Fission+1","Compile Driver+1","White Noise","Self Repair","Rip and Tear+1","Streamline+1","BootSequence+1","Amplify","Blizzard+1","Capacitor","FTL+1","The Bomb+1","Ball Lightning+1","Hello World","Double Energy+1","Consume+1"],"special_seed":0,"relics":["Cracked Core","NeowsBlessing","Whetstone","Oddly Smooth Stone","Peace Pipe","Empty Cage","MutagenicStrength","Mummified Hand","Anchor","Letter Opener","Eternal Feather","Bird Faced Urn","Meat on the Bone","Strawberry","Bottled Tornado","Red Mask"],"potions_floor_usage":[50],"damage_taken":[{"damage":0.0,"enemies":"Jaw Worm","floor":1.0,"turns":1.0},{"damage":0.0,"enemies":"2 Louse","floor":5.0,"turns":1.0},{"damage":0.0,"enemies":"Gremlin Nob","floor":7.0,"turns":1.0},{"damage":3.0,"enemies":"Lagavulin","floor":11.0,"turns":5.0},{"damage":0.0,"enemies":"Cultist","floor":13.0,"turns":2.0},{"damage":2.0,"enemies":"Exordium Thugs","floor":14.0,"turns":5.0},{"damage":10.0,"enemies":"The Guardian","floor":16.0,"turns":14.0},{"damage":2.0,"enemies":"Chosen","floor":18.0,"turns":5.0},{"damage":12.0,"enemies":"3 Byrds","floor":19.0,"turns":7.0},{"damage":4.0,"enemies":"Snecko","floor":22.0,"turns":7.0},{"damage":22.0,"enemies":"Gremlin Leader","floor":24.0,"turns":10.0},{"damage":4.0,"enemies":"Shelled Parasite and Fungi","floor":27.0,"turns":4.0},{"damage":0.0,"enemies":"Centurion and Healer","floor":31.0,"turns":5.0},{"damage":16.0,"enemies":"Champ","floor":33.0,"turns":13.0},{"damage":0.0,"enemies":"Orb Walker","floor":35.0,"turns":4.0},{"damage":11.0,"enemies":"3 Darklings","floor":36.0,"turns":5.0},{"damage":3.0,"enemies":"Transient","floor":37.0,"turns":5.0},{"damage":65.0,"enemies":"2 Orb Walkers","floor":38.0,"turns":7.0},{"damage":33.0,"enemies":"Maw","floor":41.0,"turns":8.0},{"damage":21.0,"enemies":"Reptomancer","floor":45.0,"turns":6.0},{"damage":23.0,"enemies":"Sphere and 2 Shapes","floor":47.0,"turns":5.0},{"damage":77,"enemies":"Awakened One","floor":50,"turns":17}],"seed_played":"4868500033734284249","potions_obtained":[{"floor":1.0,"key":"Poison Potion"},{"floor":7.0,"key":"Block Potion"},{"floor":19.0,"key":"Poison Potion"},{"floor":27.0,"key":"Block Potion"},{"floor":31.0,"key":"Energy Potion"},{"floor":36.0,"key":"SteroidPotion"},{"floor":38.0,"key":"Strength Potion"}],"is_trial":false,"path_per_floor":["M","$","?","?","M","R","E","R","T","R","E","?","M","M","R","B",null,"M","M","?","$","M","R","E","$","T","M","?","?","R","M","R","B",null,"M","M","M","?","?","R","M","R","T","$","E","R","M","?","R","B",null],"character_chosen":"DEFECT","items_purchased":["Mummified Hand","Hello World","Strawberry"],"campfire_rested":1,"item_purchase_floors":[21,44,44],"current_hp_per_floor":[75,75,60,60,60,60,60,60,60,60,57,57,57,55,55,45,75,73,61,61,61,57,57,42,42,42,45,45,45,45,52,52,43,75,75,71,75,17,17,51,33,48,48,55,51,66,60,60,75,27],"gold":0,"neow_bonus":"THREE_ENEMY_KILL","is_prod":false,"is_daily":false,"chose_seed":false,"campfire_upgraded":9,"win_rate":0,"timestamp":1572064260,"path_taken":["M","$","?","?","M","R","E","R","T","R","E","?","M","?","R","BOSS","M","M","?","$","M","R","E","$","T","M","?","?","R","M","R","BOSS","M","M","M","?","?","R","?","R","T","$","E","R","M","?","R","BOSS"],"build_version":"2019-07-17","purchased_purges":1,"victory":true,"max_hp_per_floor":[75,75,75,75,75,75,75,75,75,75,75,75,75,75,75,75,75,75,75,75,75,75,75,75,75,75,75,75,75,75,75,75,75,75,75,75,75,75,75,75,75,75,75,82,82,82,82,82,82,82],"card_choices":[{"not_picked":["Heatsinks","Fusion"],"picked":"Coolheaded","floor":1.0},{"not_picked":["Redo","Turbo"],"picked":"Cold Snap","floor":5.0},{"not_picked":["Sweeping Beam","Coolheaded"],"picked":"Conserve Battery","floor":7.0},{"not_picked":["Hologram","Cold Snap"],"picked":"Loop","floor":11.0},{"not_picked":["Reinforced Body","Beam Cell"],"picked":"FTL","floor":13.0},{"not_picked":["Streamline","Blizzard"],"picked":"Glacier","floor":14.0},{"not_picked":["Creative AI","Biased Cognition"],"picked":"Fission","floor":16.0},{"not_picked":["Cold Snap","Sunder"],"picked":"Compile Driver+1","floor":18.0},{"not_picked":["Scrape","Streamline"],"picked":"White Noise","floor":19.0},{"not_picked":["Conserve Battery+1","Hologram"],"picked":"Self Repair","floor":22.0},{"not_picked":["Conserve Battery","Skim"],"picked":"Rip and Tear","floor":24.0},{"not_picked":["Thunder Strike","Beam Cell"],"picked":"Streamline+1","floor":27.0},{"not_picked":["Consume","Gash"],"picked":"BootSequence+1","floor":31.0},{"not_picked":["Multi-Cast","All For One"],"picked":"Amplify","floor":33.0},{"not_picked":["Streamline","Loop+1"],"picked":"Blizzard","floor":35.0},{"not_picked":["Self Repair+1","Barrage+1"],"picked":"Capacitor","floor":36.0},{"not_picked":["Undo","Leap"],"picked":"FTL+1","floor":37.0},{"not_picked":["Purity","Discovery"],"picked":"The Bomb","floor":39.0},{"not_picked":["Genetic Algorithm","Compile Driver+1"],"picked":"Ball Lightning+1","floor":41.0},{"not_picked":["Static Discharge+1","Steam"],"picked":"Double Energy+1","floor":45.0},{"not_picked":["Force Field+1","Sweeping Beam"],"picked":"Consume+1","floor":47}],"player_experience":455996,"relics_obtained":[{"floor":7.0,"key":"Whetstone"},{"floor":9.0,"key":"Oddly Smooth Stone"},{"floor":11.0,"key":"Peace Pipe"},{"floor":24.0,"key":"Anchor"},{"floor":26.0,"key":"Letter Opener"},{"floor":38.0,"key":"Bird Faced Urn"},{"floor":43.0,"key":"Meat on the Bone"},{"floor":45.0,"key":"Bottled Tornado"}],"event_choices":[{"damage_healed":0.0,"max_hp_gain":0.0,"max_hp_loss":0.0,"gold_gain":0.0,"event_name":"Shining Light","player_choice":"Entered Light","floor":3.0,"gold_loss":0.0,"damage_taken":15.0,"cards_upgraded":["Defend_B","Strike_B"]},{"damage_healed":0.0,"max_hp_gain":0.0,"max_hp_loss":0.0,"gold_gain":0.0,"event_name":"The Cleric","player_choice":"Leave","floor":4.0,"gold_loss":0.0,"damage_taken":0.0},{"damage_healed":0.0,"max_hp_gain":0.0,"max_hp_loss":0.0,"gold_gain":0.0,"event_name":"Match and Keep!","player_choice":"1 cards matched","floor":12.0,"gold_loss":0.0,"damage_taken":0.0,"cards_obtained":["Good Instincts"]},{"damage_healed":0.0,"max_hp_gain":0.0,"max_hp_loss":0.0,"gold_gain":0.0,"event_name":"Match and Keep!","player_choice":"1 cards matched","floor":12.0,"gold_loss":0.0,"damage_taken":0.0,"cards_obtained":["Good Instincts"]},{"damage_healed":0.0,"max_hp_gain":0.0,"max_hp_loss":0.0,"gold_gain":0.0,"event_name":"Match and Keep!","player_choice":"1 cards matched","floor":12.0,"gold_loss":0.0,"damage_taken":0.0,"cards_obtained":["Good Instincts"]},{"damage_healed":0.0,"max_hp_gain":0.0,"max_hp_loss":0.0,"gold_gain":0.0,"event_name":"Drug Dealer","player_choice":"Inject Mutagens","floor":20.0,"gold_loss":0.0,"damage_taken":0.0,"relics_obtained":["MutagenicStrength"]},{"cards_removed":["Defend_B"],"damage_healed":0.0,"max_hp_gain":0.0,"max_hp_loss":0.0,"gold_gain":0.0,"event_name":"Beggar","player_choice":"Gave Gold","floor":28.0,"gold_loss":75.0,"damage_taken":0.0},{"damage_healed":0.0,"max_hp_gain":0.0,"max_hp_loss":0.0,"gold_gain":0.0,"event_name":"Accursed Blacksmith","player_choice":"Forge","floor":29.0,"gold_loss":0.0,"damage_taken":0.0,"cards_upgraded":["Loop"]},{"damage_healed":0.0,"max_hp_gain":0.0,"max_hp_loss":0.0,"gold_gain":0.0,"event_name":"Mysterious Sphere","player_choice":"Fight","floor":38.0,"gold_loss":0.0,"damage_taken":0.0},{"damage_healed":0.0,"max_hp_gain":0.0,"max_hp_loss":0.0,"gold_gain":0.0,"event_name":"SensoryStone","player_choice":"Memory 1","floor":39.0,"gold_loss":0.0,"damage_taken":0.0},{"damage_healed":0,"gold_gain":0,"player_choice":"Paid","damage_taken":0,"relics_obtained":["Red Mask"],"max_hp_gain":0,"max_hp_loss":0,"event_name":"Tomb of Lord Red Mask","floor":48,"gold_loss":53}],"is_beta":false,"boss_relics":[{"not_picked":["Busted Crown","Velvet Choker"],"picked":"Empty Cage"},{"not_picked":["Lizard Tail","Calling Bell"],"picked":"Eternal Feather"}],"items_purged_floors":[2],"is_endless":false,"potions_floor_spawned":[1,7,19,27,31,36,38],"ascension_level":0}