{"gold_per_floor":[115,126,143,65,65,79,79,79,106,139,18,18,31,50,50,124,124,134,144,67,67,67,67,102,102,102,44,44,44],"floor_reached":29,"playtime":986,"items_purged":[],"score":532,"play_id":"87a1adff-a33f-4ec9-9d2b-14593a7b1870","local_time":"20190908213822","is_ascension_mode":true,"campfire_choices":[{"data":"Sweeping Beam","floor":7,"key":"SMITH"},{"data":"Gash","floor":12,"key":"SMITH"},{"data":"Coolheaded","floor":15,"key":"SMITH"},{"data":"Meteor Strike","floor":23,"key":"SMITH"},{"data":"Beam Cell","floor":25,"key":"SMITH"}],"neow_cost":"NONE","seed_source_timestamp":2200455242725500,"circlet_count":0,"master_deck":["AscendersBane","Strike_B","Strike_B","Strike_B","Defend_B","Defend_B","Defend_B","Defend_B","Zap","Dualcast","Go for the Eyes+1","Gash+1","Sweeping Beam+1","Conserve Battery","Coolheaded+1","All For One","Undo","Beam Cell+1","Beam Cell","Seek","Gash","Go for the Eyes","Meteor Strike+1","Shame","Coolheaded"],"relics":["Coffee Dripper","Centennial Puzzle","PreservedInsect","Sozu","Anchor","Nilry\u0027s Codex","Pen Nib","Omamori"],"potions_floor_usage":[10,10,16,16],"damage_taken":[{"damage":2,"enemies":"Jaw Worm","floor":1,"turns":4},{"damage":0,"enemies":"Cultist","floor":2,"turns":3},{"damage":4,"enemies":"2 Louse","floor":3,"turns":2},{"damage":1,"enemies":"Blue Slaver","floor":6,"turns":4},{"damage":26,"enemies":"Gremlin Nob","floor":10,"turns":5},{"damage":0,"enemies":"2 Fungi Beasts","floor":13,"turns":2},{"damage":0,"enemies":"3 Louse","floor":14,"turns":3},{"damage":9,"enemies":"The Guardian","floor":16,"turns":8},{"damage":9,"enemies":"3 Byrds","floor":18,"turns":4},{"damage":9,"enemies":"Chosen","floor":19,"turns":6},{"damage":0,"enemies":"Gremlin Leader","floor":24,"turns":7},{"damage":6,"enemies":"Snake Plant","floor":29,"turns":5}],"seed_played":"7645572378542578902","potions_obtained":[{"floor":2,"key":"Ancient Potion"},{"floor":3,"key":"Weak Potion"},{"floor":14,"key":"Strength Potion"},{"floor":16,"key":"LiquidBronze"}],"is_trial":false,"path_per_floor":["M","M","M","$","?","M","R","?","T","E","$","R","M","M","R","B",null,"M","M","$","?","?","R","E","R","T","$","?","M"],"character_chosen":"DEFECT","items_purchased":["Sweeping Beam","Conserve Battery","Undo","Regen Potion","Meteor Strike","Coolheaded"],"campfire_rested":0,"item_purchase_floors":[4,4,11,11,20,27],"current_hp_per_floor":[62,62,58,58,58,57,57,57,57,31,31,31,31,31,31,37,63,54,45,45,45,24,24,24,24,24,24,4,0],"gold":44,"neow_bonus":"BOSS_RELIC","is_prod":false,"is_daily":false,"chose_seed":false,"campfire_upgraded":5,"win_rate":0,"timestamp":1568003902,"path_taken":["M","M","M","$","?","?","R","?","T","E","$","R","M","M","R","BOSS","M","M","$","?","?","R","E","R","T","?","?","M"],"build_version":"2019-07-17","purchased_purges":0,"victory":false,"max_hp_per_floor":[71,71,71,71,71,71,71,71,71,71,71,71,71,71,71,71,71,71,71,71,71,71,71,71,71,71,71,76,76],"card_choices":[{"not_picked":["Steam","Reprogram"],"picked":"Go for the Eyes","floor":1},{"not_picked":["Steam","Double Energy","Redo"],"picked":"SKIP","floor":2},{"not_picked":["Turbo","Leap"],"picked":"Gash","floor":3},{"not_picked":["White Noise","Rebound"],"picked":"Coolheaded","floor":6},{"not_picked":["Blizzard","Capacitor"],"picked":"All For One","floor":10},{"not_picked":["Stack","Hello World"],"picked":"Beam Cell","floor":13},{"not_picked":["Rebound","Redo"],"picked":"Beam Cell","floor":14},{"not_picked":["Multi-Cast","Amplify"],"picked":"Seek","floor":16},{"not_picked":["Sweeping Beam","Ball Lightning"],"picked":"Gash","floor":18},{"not_picked":["Rip and Tear","Capacitor"],"picked":"Go for the Eyes","floor":19},{"not_picked":["Stack","Static Discharge","Hello World"],"picked":"SKIP","floor":24}],"player_experience":798008,"relics_obtained":[{"floor":9,"key":"Centennial Puzzle"},{"floor":10,"key":"PreservedInsect"},{"floor":22,"key":"Nilry\u0027s Codex"},{"floor":24,"key":"Pen Nib"},{"floor":26,"key":"Omamori"}],"event_choices":[{"cards_removed":["Strike_B"],"damage_healed":0,"gold_gain":0,"player_choice":"Offered Basic","damage_taken":0,"max_hp_gain":0,"max_hp_loss":0,"event_name":"Bonfire Elementals","floor":5,"gold_loss":0},{"damage_healed":0,"gold_gain":0,"player_choice":"Grow","damage_taken":0,"max_hp_gain":0,"max_hp_loss":0,"event_name":"Living Wall","floor":8,"gold_loss":0,"cards_upgraded":["Go for the Eyes"]},{"damage_healed":0,"gold_gain":0,"player_choice":"Stole Relic","damage_taken":0,"relics_obtained":["Anchor"],"max_hp_gain":0,"max_hp_loss":0,"event_name":"Addict","floor":21,"gold_loss":0,"cards_obtained":["Shame"]},{"damage_healed":0,"gold_gain":0,"player_choice":"Obtained Book","damage_taken":21,"max_hp_gain":0,"max_hp_loss":0,"event_name":"Cursed Tome","floor":22,"gold_loss":0},{"damage_healed":0,"gold_gain":0,"player_choice":"Shed Blood","damage_taken":25,"max_hp_gain":5,"max_hp_loss":0,"event_name":"Forgotten Altar","floor":28,"gold_loss":0}],"is_beta":false,"boss_relics":[{"not_picked":["Busted Crown","Runic Dome"],"picked":"Sozu"}],"items_purged_floors":[],"is_endless":false,"potions_floor_spawned":[2,3,14,16,24],"killed_by":"Snake Plant","ascension_level":20}