{"gold_per_floor":[115,9,33,44,44,74,74,107,131,131,56,70,84,84,84,155,155,165,165,90,62,62,95,114,114],"floor_reached":25,"playtime":723,"items_purged":[],"score":529,"play_id":"d53cecab-1d3e-41cc-84df-84603e573e5e","local_time":"20191012114510","is_ascension_mode":true,"campfire_choices":[{"data":"Zap","floor":7,"key":"SMITH"},{"data":"Gash","floor":10,"key":"SMITH"},{"data":"Reinforced Body","floor":15,"key":"SMITH"}],"neow_cost":"NONE","seed_source_timestamp":124244567875700,"circlet_count":0,"master_deck":["AscendersBane","Strike_B+1","Strike_B+1","Defend_B","Defend_B","Defend_B","Defend_B","Zap+1","Dualcast","Ball Lightning","Self Repair","Cold Snap","Compile Driver","Self Repair","Gash+1","Reinforced Body+1","Echo Form","Conserve Battery","Stack","Self Repair","Self Repair"],"relics":["Cracked Core","NeowsBlessing","Bronze Scales","Happy Flower","Shuriken","Whetstone","Philosopher\u0027s Stone","MutagenicStrength","Anchor"],"potions_floor_usage":[23,25],"damage_taken":[{"damage":0,"enemies":"Cultist","floor":1,"turns":1},{"damage":0,"enemies":"Small Slimes","floor":4,"turns":1},{"damage":0,"enemies":"3 Sentries","floor":6,"turns":1},{"damage":30,"enemies":"Gremlin Nob","floor":8,"turns":4},{"damage":5,"enemies":"Jaw Worm","floor":12,"turns":4},{"damage":1,"enemies":"Blue Slaver","floor":13,"turns":2},{"damage":39,"enemies":"Slime Boss","floor":16,"turns":8},{"damage":19,"enemies":"Spheric Guardian","floor":18,"turns":5},{"damage":21,"enemies":"Slavers","floor":23,"turns":7},{"damage":28,"enemies":"Shell Parasite","floor":24,"turns":5},{"damage":37,"enemies":"Book of Stabbing","floor":25,"turns":5}],"seed_played":"8868811042695826501","potions_obtained":[{"floor":12,"key":"SkillPotion"},{"floor":13,"key":"Dexterity Potion"},{"floor":24,"key":"Weak Potion"}],"is_trial":false,"path_per_floor":["M","$","T","M","$","E","R","E","T","R","?","M","M","?","R","B",null,"M","?","?","$","?","E","M","E"],"character_chosen":"DEFECT","items_purchased":["Self Repair","Cold Snap","Stack"],"campfire_rested":0,"item_purchase_floors":[2,2,21],"current_hp_per_floor":[64,64,64,71,71,71,71,55,55,55,55,64,71,71,71,46,65,71,71,71,71,51,51,37,0],"gold":114,"neow_bonus":"THREE_ENEMY_KILL","is_prod":false,"is_daily":false,"chose_seed":false,"campfire_upgraded":3,"win_rate":0,"timestamp":1570905910,"path_taken":["M","?","?","M","$","E","R","E","T","R","?","M","?","?","R","BOSS","M","?","?","$","?","E","M","E"],"build_version":"2019-07-17","purchased_purges":0,"victory":false,"max_hp_per_floor":[71,71,71,71,71,71,71,71,71,71,71,71,71,71,71,71,71,71,71,71,71,76,76,76,76],"card_choices":[{"not_picked":["Stack","Hello World"],"picked":"Ball Lightning","floor":1},{"not_picked":["Melter","Coolheaded"],"picked":"Compile Driver","floor":4},{"not_picked":["Ball Lightning","Steam"],"picked":"Self Repair","floor":6},{"not_picked":["Steam","Chill"],"picked":"Gash","floor":8},{"not_picked":["Turbo","Darkness","Rip and Tear"],"picked":"SKIP","floor":12},{"not_picked":["Steam","Sweeping Beam"],"picked":"Reinforced Body","floor":13},{"not_picked":["Buffer","Seek"],"picked":"Echo Form","floor":16},{"not_picked":["Leap","Tempest"],"picked":"Conserve Battery","floor":18},{"not_picked":["Consume","Cold Snap"],"picked":"Self Repair","floor":23},{"not_picked":["Conserve Battery","Steam"],"picked":"Self Repair","floor":24}],"player_experience":846705,"relics_obtained":[{"floor":3,"key":"Bronze Scales"},{"floor":6,"key":"Happy Flower"},{"floor":8,"key":"Shuriken"},{"floor":9,"key":"Whetstone"},{"floor":23,"key":"Anchor"}],"event_choices":[{"cards_removed":["Strike_B"],"damage_healed":0,"gold_gain":0,"player_choice":"Card Removal","damage_taken":0,"max_hp_gain":0,"max_hp_loss":0,"event_name":"The Cleric","floor":11,"gold_loss":75},{"damage_healed":0,"gold_gain":0,"player_choice":"Ignored","damage_taken":0,"max_hp_gain":0,"max_hp_loss":0,"event_name":"Liars Game","floor":14,"gold_loss":0},{"damage_healed":0,"gold_gain":0,"player_choice":"Inject Mutagens","damage_taken":0,"relics_obtained":["MutagenicStrength"],"max_hp_gain":0,"max_hp_loss":0,"event_name":"Drug Dealer","floor":19,"gold_loss":0},{"cards_removed":["Strike_B"],"damage_healed":0,"gold_gain":0,"player_choice":"Gave Gold","damage_taken":0,"max_hp_gain":0,"max_hp_loss":0,"event_name":"Beggar","floor":20,"gold_loss":75},{"damage_healed":0,"gold_gain":0,"player_choice":"Shed Blood","damage_taken":25,"max_hp_gain":5,"max_hp_loss":0,"event_name":"Forgotten Altar","floor":22,"gold_loss":0}],"is_beta":false,"boss_relics":[{"not_picked":["FrozenCore","Sozu"],"picked":"Philosopher\u0027s Stone"}],"items_purged_floors":[],"is_endless":false,"potions_floor_spawned":[12,13,24],"killed_by":"Book of Stabbing","ascension_level":20}