{"gold_per_floor":[119,269,281,291,291,291,319,319,374,374,222,222,252,262,262,337,337,357,357,272,272,289,289,320,320,320,8,25,25,25,56,56,56],"floor_reached":33,"playtime":999,"items_purged":["Doubt","Writhe"],"score":558,"play_id":"3cba1c41-3e28-4fe2-81ad-f8b7674e85cf","local_time":"20190715114312","is_ascension_mode":true,"campfire_choices":[{"data":"Static Discharge","floor":6,"key":"SMITH"},{"floor":8,"key":"REST"},{"floor":10,"key":"REST"},{"floor":15,"key":"REST"},{"floor":23,"key":"REST"},{"floor":25,"key":"REST"},{"floor":32,"key":"REST"}],"neow_cost":"NONE","seed_source_timestamp":349303349721560,"circlet_count":0,"master_deck":["AscendersBane","Strike_B+1","Strike_B+1","Strike_B+1","Strike_B+1","Defend_B+1","Defend_B+1","Defend_B+1","Defend_B+1","Zap+1","Dualcast","Compile Driver","BootSequence","Static Discharge+1","Gash","Capacitor","Cold Snap","All For One","Genetic Algorithm","Doom and Gloom","Genetic Algorithm","Electrodynamics","Compile Driver","RitualDagger","Cold Snap","Gash+1","Electrodynamics","Defragment","Glacier+1","Envenom"],"relics":["Cracked Core","Dream Catcher","Bronze Scales","Regal Pillow","Odd Mushroom","Runic Pyramid","Centennial Puzzle","Lantern","Incense Burner","Mummified Hand","PrismaticShard","Strawberry"],"potions_floor_usage":[7,16,31,31],"damage_taken":[{"damage":1,"enemies":"Cultist","floor":1,"turns":4},{"damage":2,"enemies":"2 Louse","floor":3,"turns":3},{"damage":2,"enemies":"Jaw Worm","floor":4,"turns":4},{"damage":34,"enemies":"3 Sentries","floor":7,"turns":6},{"damage":17,"enemies":"The Mushroom Lair","floor":13,"turns":4},{"damage":16,"enemies":"Large Slime","floor":14,"turns":6},{"damage":54,"enemies":"Slime Boss","floor":16,"turns":8},{"damage":0,"enemies":"3 Byrds","floor":18,"turns":2},{"damage":26,"enemies":"Spheric Guardian","floor":22,"turns":5},{"damage":48,"enemies":"Slavers","floor":24,"turns":4},{"damage":0,"enemies":"Cultist and Chosen","floor":28,"turns":4},{"damage":16,"enemies":"Book of Stabbing","floor":31,"turns":4},{"damage":72,"enemies":"Collector","floor":33,"turns":8}],"seed_played":"-5740552253601417053","potions_obtained":[{"floor":3,"key":"Swift Potion"},{"floor":4,"key":"SpeedPotion"},{"floor":14,"key":"SpeedPotion"},{"floor":18,"key":"Poison Potion"},{"floor":28,"key":"Regen Potion"}],"is_trial":false,"path_per_floor":["M","?","M","M","?","R","E","R","T","R","$","?","?","M","R","B",null,"M","?","?","?","M","R","E","R","T","$","M","?","?","E","R","B"],"character_chosen":"DEFECT","items_purchased":["All For One","PrismaticShard"],"campfire_rested":6,"item_purchase_floors":[11,27],"current_hp_per_floor":[63,63,61,59,38,38,4,25,25,61,61,61,44,28,64,10,56,56,50,50,50,24,60,12,48,48,48,48,48,28,31,70,0],"gold":56,"neow_bonus":"RANDOM_COMMON_RELIC","is_prod":false,"is_daily":false,"chose_seed":false,"campfire_upgraded":1,"win_rate":0,"timestamp":1563216192,"path_taken":["M","?","M","M","?","R","E","R","T","R","$","?","?","M","R","BOSS","M","?","?","?","M","R","E","R","T","$","M","?","?","E","R","BOSS"],"build_version":"2019-07-05","purchased_purges":2,"victory":false,"max_hp_per_floor":[71,71,71,71,71,71,71,71,71,71,71,71,71,71,71,71,71,71,71,71,71,71,71,71,71,71,71,71,71,76,83,83,83],"card_choices":[{"not_picked":["BootSequence","Streamline"],"picked":"Compile Driver","floor":1},{"not_picked":["Redo","Force Field"],"picked":"BootSequence","floor":3},{"not_picked":["Coolheaded","Redo"],"picked":"Static Discharge","floor":4},{"not_picked":["Rebound","Skim"],"picked":"Gash","floor":7},{"not_picked":["Blizzard","Turbo"],"picked":"Capacitor","floor":8},{"not_picked":["Rebound","Coolheaded"],"picked":"Cold Snap","floor":10},{"not_picked":["Coolheaded","Barrage"],"picked":"Genetic Algorithm","floor":13},{"not_picked":["Barrage","Coolheaded"],"picked":"Doom and Gloom","floor":14},{"not_picked":["Conserve Battery","Redo"],"picked":"Genetic Algorithm","floor":15},{"not_picked":["Creative AI","Rainbow"],"picked":"Electrodynamics","floor":16},{"not_picked":["Beam Cell","BootSequence"],"picked":"Compile Driver","floor":18},{"not_picked":["Lockon","Redo"],"picked":"Cold Snap","floor":22},{"not_picked":["Redo","Sunder+1"],"picked":"Gash+1","floor":23},{"not_picked":["Steam","Auto Shields"],"picked":"Electrodynamics","floor":24},{"not_picked":["Rip and Tear","FTL"],"picked":"Defragment","floor":25},{"not_picked":["Combust","Deadly Poison","Redo"],"picked":"SKIP","floor":28},{"not_picked":["Pommel Strike","Gash"],"picked":"Glacier+1","floor":31},{"not_picked":["Anger","Gash"],"picked":"Envenom","floor":32}],"player_experience":672920,"relics_obtained":[{"floor":7,"key":"Bronze Scales"},{"floor":9,"key":"Regal Pillow"},{"floor":13,"key":"Odd Mushroom"},{"floor":24,"key":"Incense Burner"},{"floor":26,"key":"Mummified Hand"},{"floor":31,"key":"Strawberry"}],"event_choices":[{"damage_healed":0,"gold_gain":150,"player_choice":"AGREE","damage_taken":0,"max_hp_gain":0,"max_hp_loss":0,"event_name":"Liars Game","floor":2,"gold_loss":0,"cards_obtained":["Doubt"]},{"damage_healed":0,"gold_gain":0,"player_choice":"Entered Light","damage_taken":21,"max_hp_gain":0,"max_hp_loss":0,"event_name":"Shining Light","floor":5,"gold_loss":0,"cards_upgraded":["Defend_B","Defend_B"]},{"damage_healed":0,"gold_gain":0,"player_choice":"Grow","damage_taken":0,"max_hp_gain":0,"max_hp_loss":0,"event_name":"Living Wall","floor":12,"gold_loss":0,"cards_upgraded":["Zap"]},{"damage_healed":0,"gold_gain":0,"player_choice":"Fought Mushrooms","damage_taken":0,"max_hp_gain":0,"max_hp_loss":0,"event_name":"Mushrooms","floor":13,"gold_loss":0},{"damage_healed":0,"gold_gain":0,"player_choice":"Joined the Cult","damage_taken":6,"max_hp_gain":0,"max_hp_loss":0,"event_name":"Nest","floor":19,"gold_loss":0,"cards_obtained":["RitualDagger"]},{"damage_healed":0,"gold_gain":0,"player_choice":"Obtained Relic","damage_taken":0,"relics_obtained":["Centennial Puzzle"],"max_hp_gain":0,"max_hp_loss":0,"event_name":"Addict","floor":20,"gold_loss":85},{"damage_healed":0,"gold_gain":0,"player_choice":"Opened","damage_taken":0,"relics_obtained":["Lantern"],"max_hp_gain":0,"max_hp_loss":0,"event_name":"The Mausoleum","floor":21,"gold_loss":0,"cards_obtained":["Writhe"]},{"damage_healed":0,"gold_gain":0,"player_choice":"Simplicity","damage_taken":0,"max_hp_gain":0,"max_hp_loss":0,"event_name":"Back to Basics","floor":29,"gold_loss":0,"cards_upgraded":["Strike_B","Strike_B","Strike_B","Strike_B","Defend_B","Defend_B"]},{"damage_healed":0,"gold_gain":0,"player_choice":"Shed Blood","damage_taken":25,"max_hp_gain":5,"max_hp_loss":0,"event_name":"Forgotten Altar","floor":30,"gold_loss":0}],"is_beta":false,"boss_relics":[{"not_picked":["Lizard Tail","Coffee Dripper"],"picked":"Runic Pyramid"}],"items_purged_floors":[11,27],"is_endless":false,"potions_floor_spawned":[3,4,14,18,24,28],"killed_by":"Collector","ascension_level":20}