{"gold_per_floor":[109,123,123,123,134,134,159,73,73,73,106,56,86,98,98,172,172,184,184,109,30,49,82,94,106,191,215,246,258,305,317],"floor_reached":31,"playtime":832,"items_purged":["Strike_B"],"score":562,"play_id":"7d8b74c7-c724-4a8a-8a93-9bbc3d6391e5","local_time":"20190817115256","is_ascension_mode":true,"campfire_choices":[{"data":"Sunder","floor":6,"key":"SMITH"},{"data":"Barrage","floor":15,"key":"SMITH"},{"data":"Self Repair","floor":24,"key":"SMITH"},{"data":"Electrodynamics","floor":29,"key":"SMITH"}],"neow_cost":"NONE","seed_source_timestamp":264680843355200,"circlet_count":0,"master_deck":["AscendersBane","Strike_B","Strike_B","Strike_B","Defend_B","Defend_B","Defend_B","Defend_B","Dualcast","Cold Snap","Coolheaded","Sunder+1","Ball Lightning","Conserve Battery+1","Undo","Barrage+1","Electrodynamics+1","Ball Lightning","Capacitor","Ball Lightning","Self Repair+1","Injury","Compile Driver","Gash","Meteor Strike"],"relics":["Coffee Dripper","Shuriken","Smiling Mask","Pear","Cursed Key","MawBank","Pantograph","Potion Belt"],"potions_floor_usage":[7,7,30],"damage_taken":[{"damage":7,"enemies":"Jaw Worm","floor":1,"turns":3},{"damage":5,"enemies":"2 Louse","floor":2,"turns":3},{"damage":0,"enemies":"Small Slimes","floor":5,"turns":4},{"damage":21,"enemies":"Gremlin Nob","floor":7,"turns":4},{"damage":19,"enemies":"Lagavulin","floor":11,"turns":6},{"damage":0,"enemies":"Looter","floor":14,"turns":2},{"damage":3,"enemies":"The Guardian","floor":16,"turns":11},{"damage":0,"enemies":"Chosen","floor":18,"turns":3},{"damage":11,"enemies":"Spheric Guardian","floor":22,"turns":4},{"damage":39,"enemies":"Gremlin Leader","floor":23,"turns":5},{"damage":10,"enemies":"Snecko","floor":27,"turns":4},{"damage":0,"enemies":"Sentry and Sphere","floor":28,"turns":4},{"damage":25,"enemies":"Slavers","floor":30,"turns":3},{"damage":31,"enemies":"Snake Plant","floor":31,"turns":3}],"seed_played":"-2333969734301743001","potions_obtained":[{"floor":1,"key":"EssenceOfSteel"},{"floor":2,"key":"GamblersBrew"},{"floor":16,"key":"Ancient Potion"},{"floor":22,"key":"Swift Potion"},{"floor":23,"key":"SkillPotion"}],"is_trial":false,"path_per_floor":["M","M","?","?","M","R","E","$","T","?","E","$","?","M","R","B",null,"M","?","?","$","M","E","R","$","T","M","M","R","E","M"],"character_chosen":"DEFECT","items_purchased":["Ball Lightning","Conserve Battery","Capacitor"],"campfire_rested":0,"item_purchase_floors":[8,8,21],"current_hp_per_floor":[57,52,52,57,57,57,36,36,36,36,27,27,27,27,27,24,71,71,86,86,86,75,36,36,36,36,36,46,46,31,0],"gold":317,"neow_bonus":"BOSS_RELIC","is_prod":false,"is_daily":false,"chose_seed":false,"campfire_upgraded":4,"win_rate":0,"timestamp":1566067976,"path_taken":["M","M","?","?","M","R","E","$","T","?","E","$","?","M","R","BOSS","M","?","?","$","M","E","R","?","T","?","M","R","E","M"],"build_version":"2019-07-17","purchased_purges":1,"victory":false,"max_hp_per_floor":[71,71,71,76,76,76,76,76,76,76,86,86,86,86,86,86,86,86,86,86,86,86,86,86,86,86,86,86,86,86,86],"card_choices":[{"not_picked":["Rip and Tear","Loop"],"picked":"Cold Snap","floor":1},{"not_picked":["Rebound","Redo"],"picked":"Coolheaded","floor":2},{"not_picked":["Streamline","Heatsinks"],"picked":"Sunder","floor":5},{"not_picked":["Chaos","Redo","Heatsinks"],"picked":"SKIP","floor":7},{"not_picked":["Genetic Algorithm","Seek"],"picked":"Undo","floor":11},{"not_picked":["Aggregate","Stack"],"picked":"Barrage","floor":14},{"not_picked":["Multi-Cast","Seek"],"picked":"Electrodynamics","floor":16},{"not_picked":["Beam Cell","Aggregate"],"picked":"Ball Lightning","floor":18},{"not_picked":["Gash","Barrage"],"picked":"Ball Lightning","floor":22},{"not_picked":["Static Discharge","Steam"],"picked":"Self Repair","floor":23},{"not_picked":["Streamline","Fusion"],"picked":"Compile Driver","floor":27},{"not_picked":["Aggregate","Chaos"],"picked":"Gash","floor":28},{"not_picked":["Skim","Stack"],"picked":"Meteor Strike","floor":30}],"player_experience":733618,"relics_obtained":[{"floor":7,"key":"Shuriken"},{"floor":9,"key":"Smiling Mask"},{"floor":11,"key":"Pear"},{"floor":23,"key":"MawBank"},{"floor":26,"key":"Pantograph"},{"floor":30,"key":"Potion Belt"}],"event_choices":[{"damage_healed":0,"gold_gain":0,"player_choice":"Ignored","damage_taken":0,"max_hp_gain":0,"max_hp_loss":0,"event_name":"Golden Wing","floor":3,"gold_loss":0},{"damage_healed":0,"gold_gain":0,"player_choice":"Donut","damage_taken":0,"max_hp_gain":5,"max_hp_loss":0,"event_name":"Big Fish","floor":4,"gold_loss":0},{"damage_healed":0,"gold_gain":0,"player_choice":"Grow","damage_taken":0,"max_hp_gain":0,"max_hp_loss":0,"event_name":"Living Wall","floor":10,"gold_loss":0,"cards_upgraded":["Conserve Battery"]},{"damage_healed":0,"gold_gain":30,"player_choice":"Searched \u00272\u0027 times","damage_taken":0,"max_hp_gain":0,"max_hp_loss":0,"event_name":"Dead Adventurer","floor":13,"gold_loss":0},{"damage_healed":17,"gold_gain":0,"player_choice":"Heal","damage_taken":0,"max_hp_gain":0,"max_hp_loss":0,"event_name":"The Library","floor":19,"gold_loss":0},{"cards_removed":["Zap"],"damage_healed":0,"gold_gain":0,"player_choice":"Gave Gold","damage_taken":0,"max_hp_gain":0,"max_hp_loss":0,"event_name":"Beggar","floor":20,"gold_loss":75}],"is_beta":false,"boss_relics":[{"not_picked":["Tiny House","Philosopher\u0027s Stone"],"picked":"Cursed Key"}],"items_purged_floors":[12],"is_endless":false,"potions_floor_spawned":[1,2,16,22,23],"killed_by":"Snake Plant","ascension_level":20}