{"gold_per_floor":[117,133,58,58,74,74,103,103,103,121,151,166,166,166,166,264,264,264,87,87,87,87,2,2,2,2,2,2,2,2,2,2,2],"floor_reached":33,"playtime":1638,"items_purged":["Defend_P","Strike_P"],"score":392,"play_id":"ae1f8eb2-19ad-4fd8-8f55-772c58126a46","local_time":"20190915213306","is_ascension_mode":true,"campfire_choices":[{"data":"LessonLearned","floor":6,"key":"SMITH"},{"data":"FlowState","floor":8,"key":"SMITH"},{"floor":15,"key":"REST"},{"floor":28,"key":"REST"},{"data":"Vigilance","floor":32,"key":"SMITH"}],"neow_cost":"NONE","seed_source_timestamp":156411268705200,"circlet_count":0,"master_deck":["Strike_P+1","Strike_P+1","Strike_P+1","Defend_P+1","Defend_P+1","Defend_P+1","Eruption+1","Vigilance+1","Sanctity+1","EmptyMind+1","LessonLearned+1","EmptyBody+1","FlowState+1","BattleHymn+1","CutThroughFate+1","Pray+1","Devotion+1","FlurryOfBlows+1","Conclude+1"],"relics":["Busted Crown","Blue Candle","Vajra","Whetstone","Art of War","Ectoplasm","Akabeko","Strawberry","Toy Ornithopter","MealTicket"],"potions_floor_usage":[11,25,33,33,33],"damage_taken":[{"damage":0,"enemies":"Cultist","floor":1,"turns":3},{"damage":0,"enemies":"2 Louse","floor":2,"turns":4},{"damage":0,"enemies":"Small Slimes","floor":5,"turns":3},{"damage":5,"enemies":"3 Sentries","floor":7,"turns":11},{"damage":0,"enemies":"Blue Slaver","floor":10,"turns":2},{"damage":12,"enemies":"Gremlin Nob","floor":11,"turns":3},{"damage":0,"enemies":"Red Slaver","floor":12,"turns":2},{"damage":0,"enemies":"Slime Boss","floor":16,"turns":8},{"damage":8,"enemies":"Spheric Guardian","floor":18,"turns":4},{"damage":0,"enemies":"Chosen","floor":20,"turns":4},{"damage":16,"enemies":"Sentry and Sphere","floor":21,"turns":4},{"damage":6,"enemies":"Snake Plant","floor":22,"turns":3},{"damage":14,"enemies":"Gremlin Leader","floor":24,"turns":5},{"damage":3,"enemies":"3 Cultists","floor":25,"turns":5},{"damage":5,"enemies":"Centurion and Healer","floor":31,"turns":4},{"damage":110,"enemies":"Collector","floor":33,"turns":6}],"seed_played":"8472522073226003257","potions_obtained":[{"floor":2,"key":"FearPotion"},{"floor":7,"key":"PowerPotion"},{"floor":10,"key":"Weak Potion"},{"floor":14,"key":"SkillPotion"},{"floor":14,"key":"Block Potion"},{"floor":25,"key":"Dexterity Potion"}],"is_trial":false,"path_per_floor":["M","M","$","?","M","R","E","R","T","M","E","M","?","?","R","B",null,"M","$","M","M","M","?","E","M","T","?","R","T","$","M","R","B"],"character_chosen":"WATCHER","items_purchased":["Devotion"],"campfire_rested":2,"item_purchase_floors":[19],"current_hp_per_floor":[65,65,65,65,65,65,60,60,60,60,48,48,36,36,55,55,65,57,57,57,41,35,35,28,25,25,25,46,46,61,56,56,0],"gold":2,"neow_bonus":"BOSS_RELIC","is_prod":false,"is_daily":false,"chose_seed":false,"campfire_upgraded":3,"win_rate":0,"timestamp":1568575986,"path_taken":["M","M","?","?","M","R","E","R","T","?","E","M","?","?","R","BOSS","M","?","M","M","?","?","E","M","T","?","R","?","$","M","R","BOSS"],"build_version":"2019-09-12","purchased_purges":2,"victory":false,"max_hp_per_floor":[65,65,65,65,65,65,65,65,65,65,65,65,65,65,65,65,65,65,65,65,65,65,65,72,72,72,72,72,72,72,72,72,72],"card_choices":[{"not_picked":[],"picked":"Sanctity","floor":1},{"not_picked":[],"picked":"EmptyMind","floor":2},{"not_picked":[],"picked":"EmptyBody","floor":5},{"not_picked":[],"picked":"FlowState","floor":7},{"not_picked":["Clarity"],"picked":"SKIP","floor":10},{"not_picked":[],"picked":"BattleHymn","floor":11},{"not_picked":[],"picked":"CutThroughFate","floor":12},{"not_picked":[],"picked":"Pray","floor":16},{"not_picked":["CutThroughFate"],"picked":"SKIP","floor":18},{"not_picked":["EmptyBody"],"picked":"SKIP","floor":20},{"not_picked":["Weave"],"picked":"SKIP","floor":21},{"not_picked":[],"picked":"FlurryOfBlows","floor":22},{"not_picked":["FlurryOfBlows"],"picked":"SKIP","floor":24},{"not_picked":["Crescendo"],"picked":"SKIP","floor":25},{"not_picked":[],"picked":"Conclude","floor":31}],"player_experience":463208,"relics_obtained":[{"floor":7,"key":"Blue Candle"},{"floor":9,"key":"Vajra"},{"floor":11,"key":"Whetstone"},{"floor":24,"key":"Strawberry"},{"floor":26,"key":"Toy Ornithopter"},{"floor":29,"key":"MealTicket"}],"event_choices":[{"damage_healed":0,"gold_gain":0,"player_choice":"1 cards matched","damage_taken":0,"max_hp_gain":0,"max_hp_loss":0,"event_name":"Match and Keep!","floor":4,"gold_loss":0,"cards_obtained":["LessonLearned"]},{"damage_healed":0,"gold_gain":0,"player_choice":"Success","damage_taken":12,"relics_obtained":["Art of War"],"max_hp_gain":0,"max_hp_loss":0,"event_name":"Scrap Ooze","floor":13,"gold_loss":0},{"damage_healed":0,"gold_gain":0,"player_choice":"Got Potions","damage_taken":0,"max_hp_gain":0,"max_hp_loss":0,"event_name":"Lab","floor":14,"gold_loss":0},{"damage_healed":0,"gold_gain":0,"player_choice":"Obtained Relic","damage_taken":0,"relics_obtained":["Akabeko"],"max_hp_gain":0,"max_hp_loss":0,"event_name":"Addict","floor":23,"gold_loss":85},{"damage_healed":0,"gold_gain":0,"player_choice":"Ignored","damage_taken":0,"max_hp_gain":0,"max_hp_loss":0,"event_name":"Vampires","floor":27,"gold_loss":0}],"is_beta":true,"boss_relics":[{"not_picked":["Black Star","Velvet Choker"],"picked":"Ectoplasm"}],"items_purged_floors":[3,19],"is_endless":false,"potions_floor_spawned":[2,7,10,16,18,22,25],"killed_by":"Collector","ascension_level":4}