{"gold_per_floor":[368,368,21,39,39,72,72,87,87,162,162,179,209,209,209,288,288,306,306,318,334,352,382,382,412,490,490,590,590],"floor_reached":29,"playtime":955,"items_purged":["Shame"],"score":642,"play_id":"049bd2bf-aea5-42f5-9ef5-60c329000289","local_time":"20191020200438","is_ascension_mode":true,"campfire_choices":[{"floor":7,"key":"REST"},{"floor":11,"key":"REST"},{"data":"Dualcast","floor":15,"key":"SMITH"},{"floor":24,"key":"REST"},{"floor":27,"key":"REST"}],"neow_cost":"CURSE","seed_source_timestamp":702661157552300,"circlet_count":0,"master_deck":["AscendersBane","Strike_B","Strike_B+1","Strike_B+1","Strike_B","Defend_B","Defend_B","Defend_B","Defend_B","Zap","Dualcast+1","Compile Driver","Doom and Gloom+1","Beam Cell+1","Glacier+1","Ball Lightning+1","Echo Form","Compile Driver+1","Go for the Eyes+1","Sweeping Beam+1","Conserve Battery+1","Hologram+1"],"relics":["Cracked Core","Molten Egg 2","Singing Bowl","Toxic Egg 2","Blood Vial","Velvet Choker","Happy Flower","Du-Vu Doll","The Courier","Peace Pipe","Mummified Hand"],"potions_floor_usage":[16,20,23,23,28],"damage_taken":[{"damage":3,"enemies":"2 Louse","floor":1,"turns":3},{"damage":0,"enemies":"Jaw Worm","floor":4,"turns":3},{"damage":30,"enemies":"3 Sentries","floor":6,"turns":4},{"damage":0,"enemies":"Small Slimes","floor":8,"turns":2},{"damage":8,"enemies":"Blue Slaver","floor":12,"turns":2},{"damage":13,"enemies":"Lagavulin","floor":13,"turns":6},{"damage":0,"enemies":"Slime Boss","floor":16,"turns":5},{"damage":0,"enemies":"Chosen","floor":18,"turns":4},{"damage":0,"enemies":"Spheric Guardian","floor":20,"turns":3},{"damage":16,"enemies":"Centurion and Healer","floor":21,"turns":9},{"damage":22,"enemies":"Snake Plant","floor":22,"turns":3},{"damage":22,"enemies":"Gremlin Leader","floor":23,"turns":4},{"damage":37,"enemies":"Book of Stabbing","floor":25,"turns":6},{"damage":18,"enemies":"Colosseum Slavers","floor":28,"turns":3},{"damage":12,"enemies":"Colosseum Nobs","floor":28,"turns":3},{"damage":13,"enemies":"Cultist and Chosen","floor":29,"turns":3}],"seed_played":"300790182691400459","potions_obtained":[{"floor":6,"key":"FocusPotion"},{"floor":16,"key":"Fire Potion"},{"floor":20,"key":"FocusPotion"},{"floor":21,"key":"AttackPotion"},{"floor":23,"key":"Strength Potion"}],"is_trial":false,"path_per_floor":["M","?","$","M","?","E","R","M","T","?","R","M","E","$","R","B",null,"M","?","M","M","M","E","R","E","T","R","?","M"],"character_chosen":"DEFECT","items_purchased":["Molten Egg 2"],"campfire_rested":4,"item_purchase_floors":[3],"current_hp_per_floor":[61,66,66,66,43,15,38,38,38,27,50,42,29,29,29,31,66,68,68,72,58,40,22,47,12,12,37,11,0],"gold":590,"neow_bonus":"TWO_FIFTY_GOLD","is_prod":false,"is_daily":false,"chose_seed":false,"campfire_upgraded":1,"win_rate":0,"timestamp":1571627078,"path_taken":["M","?","$","M","?","E","R","M","T","?","R","M","E","?","R","BOSS","M","?","M","M","M","E","R","E","T","R","?","M"],"build_version":"2019-07-17","purchased_purges":1,"victory":false,"max_hp_per_floor":[71,76,76,76,76,78,78,78,78,78,78,78,78,78,78,78,78,78,78,80,80,82,84,84,84,84,84,84,84],"card_choices":[{"not_picked":["Go for the Eyes","Coolheaded"],"picked":"Compile Driver","floor":1},{"not_picked":["Hologram","Turbo"],"picked":"Doom and Gloom+1","floor":4},{"not_picked":["Thunder Strike+1","Barrage+1","Loop"],"picked":"Singing Bowl","floor":6},{"not_picked":["Static Discharge","Reprogram"],"picked":"Beam Cell+1","floor":8},{"not_picked":["Chill+1","Beam Cell+1"],"picked":"Glacier+1","floor":12},{"not_picked":["Beam Cell+1","Hyperbeam+1"],"picked":"Ball Lightning+1","floor":13},{"not_picked":["Core Surge+1","Seek+1"],"picked":"Echo Form","floor":16},{"not_picked":["Streamline+1","Steam+1"],"picked":"Compile Driver+1","floor":18},{"not_picked":["Turbo+1","Barrage+1","Sweeping Beam+1"],"picked":"Singing Bowl","floor":20},{"not_picked":["FTL+1","Ball Lightning+1"],"picked":"Sweeping Beam+1","floor":21},{"not_picked":["Gash+1","Ball Lightning+1","Loop"],"picked":"Singing Bowl","floor":22},{"not_picked":["Sweeping Beam+1","Cold Snap+1","Compile Driver+1"],"picked":"Singing Bowl","floor":23},{"not_picked":["Ball Lightning+1","Sunder+1"],"picked":"Conserve Battery+1","floor":25},{"not_picked":["Go for the Eyes+1","Hyperbeam+1"],"picked":"Hologram+1","floor":28}],"player_experience":874196,"relics_obtained":[{"floor":6,"key":"Singing Bowl"},{"floor":9,"key":"Toxic Egg 2"},{"floor":13,"key":"Blood Vial"},{"floor":23,"key":"Happy Flower"},{"floor":25,"key":"Du-Vu Doll"},{"floor":26,"key":"The Courier"},{"floor":28,"key":"Peace Pipe"},{"floor":28,"key":"Mummified Hand"}],"event_choices":[{"damage_healed":0,"gold_gain":0,"player_choice":"Donut","damage_taken":0,"max_hp_gain":5,"max_hp_loss":0,"event_name":"Big Fish","floor":2,"gold_loss":0},{"damage_healed":0,"gold_gain":0,"player_choice":"Entered Light","damage_taken":23,"max_hp_gain":0,"max_hp_loss":0,"event_name":"Shining Light","floor":5,"gold_loss":0,"cards_upgraded":["Strike_B","Strike_B"]},{"damage_healed":0,"gold_gain":75,"player_choice":"Gather Gold","damage_taken":11,"max_hp_gain":0,"max_hp_loss":0,"event_name":"World of Goop","floor":10,"gold_loss":0},{"damage_healed":0,"gold_gain":0,"player_choice":"Read","damage_taken":0,"max_hp_gain":0,"max_hp_loss":0,"event_name":"The Library","floor":19,"gold_loss":0,"cards_obtained":["Go for the Eyes"]},{"damage_healed":0,"gold_gain":0,"player_choice":"Fight","damage_taken":0,"max_hp_gain":0,"max_hp_loss":0,"event_name":"Colosseum","floor":28,"gold_loss":0},{"damage_healed":0,"gold_gain":0,"player_choice":"Fought Nobs","damage_taken":0,"max_hp_gain":0,"max_hp_loss":0,"event_name":"Colosseum","floor":28,"gold_loss":0}],"is_beta":false,"boss_relics":[{"not_picked":["Calling Bell","Ectoplasm"],"picked":"Velvet Choker"}],"items_purged_floors":[3],"is_endless":false,"potions_floor_spawned":[6,16,20,21,23,28],"killed_by":"Cultist and Chosen","ascension_level":20}