{"gold_per_floor":[115,115,128,142,153,183,183,209,209,241,316,373,373,393,393,464,464,464,177,177,41,41,41,41,41,41,41,41,41,41,41,41,41],"floor_reached":33,"playtime":1082,"items_purged":["Strike_B"],"score":654,"play_id":"a3296236-ea5c-4654-935d-3ce188be5612","local_time":"20191006132603","is_ascension_mode":true,"campfire_choices":[{"floor":7,"key":"REST"},{"floor":15,"key":"REST"},{"floor":24,"key":"REST"},{"floor":27,"key":"REST"},{"floor":32,"key":"REST"}],"neow_cost":"NONE","seed_source_timestamp":2203792858393100,"circlet_count":0,"master_deck":["AscendersBane","Strike_B","Defend_B","Defend_B","Defend_B","Defend_B","Zap","Dualcast","Cold Snap","FTL","Coolheaded","Ball Lightning","Rainbow","Fusion","Ball Lightning","Sweeping Beam","Ball Lightning","Creative AI","Coolheaded","Cold Snap","Conserve Battery","Loop","Cold Snap+1","Doom and Gloom+1","Compile Driver+1","Hologram","RitualDagger"],"relics":["Fusion Hammer","Oddly Smooth Stone","Potion Belt","Pen Nib","Mercury Hourglass","Tiny Chest","PreservedInsect","Ectoplasm","Blood Vial","Whetstone","Juzu Bracelet","Lantern","SsserpentHead"],"potions_floor_usage":[6,8,12,16,23,30,33],"damage_taken":[{"damage":4,"enemies":"Jaw Worm","floor":1,"turns":4},{"damage":0,"enemies":"Cultist","floor":3,"turns":4},{"damage":0,"enemies":"Small Slimes","floor":4,"turns":3},{"damage":4,"enemies":"Blue Slaver","floor":5,"turns":3},{"damage":9,"enemies":"3 Sentries","floor":6,"turns":6},{"damage":15,"enemies":"Lagavulin","floor":8,"turns":5},{"damage":27,"enemies":"Gremlin Nob","floor":10,"turns":4},{"damage":2,"enemies":"3 Sentries","floor":12,"turns":5},{"damage":0,"enemies":"Red Slaver","floor":14,"turns":2},{"damage":28,"enemies":"Slime Boss","floor":16,"turns":7},{"damage":10,"enemies":"3 Byrds","floor":18,"turns":3},{"damage":21,"enemies":"Gremlin Leader","floor":23,"turns":6},{"damage":33,"enemies":"Book of Stabbing","floor":25,"turns":5},{"damage":0,"enemies":"Gremlin Leader","floor":30,"turns":2},{"damage":68,"enemies":"Collector","floor":33,"turns":7}],"seed_played":"5678588415771741952","potions_obtained":[{"floor":2,"key":"AttackPotion"},{"floor":2,"key":"GamblersBrew"},{"floor":4,"key":"FearPotion"},{"floor":10,"key":"AttackPotion"},{"floor":14,"key":"FocusPotion"},{"floor":16,"key":"SkillPotion"},{"floor":18,"key":"SmokeBomb"},{"floor":25,"key":"Dexterity Potion"}],"is_trial":false,"path_per_floor":["M","?","M","M","M","E","R","E","T","E","?","E","T","M","R","B",null,"M","$","?","$","?","E","R","E","T","R","?","?","E","$","R","B"],"character_chosen":"DEFECT","items_purchased":["Blood Vial","Cold Snap","Conserve Battery","Loop"],"campfire_rested":5,"item_purchase_floors":[19,19,21,21],"current_hp_per_floor":[60,60,60,60,56,47,68,53,53,26,15,13,13,13,34,6,55,45,45,45,45,45,26,47,16,16,37,31,31,33,33,54,0],"gold":41,"neow_bonus":"BOSS_RELIC","is_prod":false,"is_daily":false,"chose_seed":false,"campfire_upgraded":0,"win_rate":0,"timestamp":1570393563,"path_taken":["M","?","M","?","M","E","R","E","T","E","?","E","?","?","R","BOSS","M","$","?","$","?","E","R","E","T","R","?","?","E","?","R","BOSS"],"build_version":"2019-07-17","purchased_purges":1,"victory":false,"max_hp_per_floor":[71,71,71,71,71,71,71,71,71,71,71,71,71,71,71,71,71,71,71,71,71,71,71,71,71,71,71,71,71,71,71,71,71],"card_choices":[{"not_picked":["Compile Driver","Chill"],"picked":"Cold Snap","floor":1},{"not_picked":["Leap","Go for the Eyes"],"picked":"FTL","floor":3},{"not_picked":["Go for the Eyes","White Noise"],"picked":"Coolheaded","floor":4},{"not_picked":["Beam Cell","Undo"],"picked":"Ball Lightning","floor":5},{"not_picked":["Skim","Redo"],"picked":"Rainbow","floor":6},{"not_picked":["Steam","Consume"],"picked":"Fusion","floor":8},{"not_picked":["Go for the Eyes","Redo"],"picked":"Ball Lightning","floor":10},{"not_picked":["Hello World","Redo"],"picked":"Sweeping Beam","floor":12},{"not_picked":["Turbo","Redo"],"picked":"Ball Lightning","floor":14},{"not_picked":["Seek","All For One"],"picked":"Creative AI","floor":16},{"not_picked":["Stack","Auto Shields"],"picked":"Coolheaded","floor":18},{"not_picked":["Streamline","Consume"],"picked":"Compile Driver+1","floor":23},{"not_picked":["Aggregate","Leap"],"picked":"Hologram","floor":25}],"player_experience":826678,"relics_obtained":[{"floor":6,"key":"Oddly Smooth Stone"},{"floor":8,"key":"Potion Belt"},{"floor":9,"key":"Pen Nib"},{"floor":10,"key":"Mercury Hourglass"},{"floor":12,"key":"Tiny Chest"},{"floor":13,"key":"PreservedInsect"},{"floor":23,"key":"Whetstone"},{"floor":25,"key":"Juzu Bracelet"},{"floor":26,"key":"Lantern"}],"event_choices":[{"damage_healed":0,"gold_gain":0,"player_choice":"Got Potions","damage_taken":0,"max_hp_gain":0,"max_hp_loss":0,"event_name":"Lab","floor":2,"gold_loss":0},{"damage_healed":0,"gold_gain":75,"player_choice":"Gather Gold","damage_taken":11,"max_hp_gain":0,"max_hp_loss":0,"event_name":"World of Goop","floor":11,"gold_loss":0},{"damage_healed":0,"gold_gain":0,"player_choice":"Ignored","damage_taken":0,"max_hp_gain":0,"max_hp_loss":0,"event_name":"Ghosts","floor":20,"gold_loss":0},{"damage_healed":0,"gold_gain":0,"cards_transformed":["Strike_B","Strike_B"],"player_choice":"Became Test Subject","damage_taken":0,"max_hp_gain":0,"max_hp_loss":0,"event_name":"Drug Dealer","floor":22,"gold_loss":0,"cards_obtained":["Cold Snap","Doom and Gloom"]},{"damage_healed":0,"gold_gain":0,"player_choice":"Joined the Cult","damage_taken":6,"max_hp_gain":0,"max_hp_loss":0,"event_name":"Nest","floor":28,"gold_loss":0,"cards_obtained":["RitualDagger"]},{"damage_healed":0,"gold_gain":0,"player_choice":"Trade","damage_taken":0,"relics_obtained":["SsserpentHead"],"max_hp_gain":0,"max_hp_loss":0,"event_name":"FaceTrader","floor":29,"gold_loss":0}],"is_beta":false,"boss_relics":[{"not_picked":["Runic Dome","Coffee Dripper"],"picked":"Ectoplasm"}],"items_purged_floors":[19],"is_endless":false,"potions_floor_spawned":[4,5,10,14,16,18,25],"killed_by":"Collector","ascension_level":20}