{"gold_per_floor":[119,194,194,41,103,153,153,221,244,244,277,289,352,370,370,447,447,465,515,528,558,618,618],"floor_reached":23,"playtime":873,"items_purged":[],"score":436,"play_id":"6eae26a9-59e1-4a51-a16e-ff2def4ead10","local_time":"20191023203258","is_ascension_mode":true,"campfire_choices":[{"data":"Defragment","floor":7.0,"key":"SMITH"},{"data":"Dualcast","floor":10.0,"key":"SMITH"},{"floor":15,"key":"REST"}],"neow_cost":"NONE","seed_source_timestamp":0,"circlet_count":0,"master_deck":["AscendersBane","Strike_B","Defend_B","Defend_B","Defend_B","Defend_B","Zap","Dualcast+1","Doom and Gloom","Glacier","Defragment+1","Glacier","White Noise","Core Surge","Echo Form","Hologram+1","Writhe","Conserve Battery","Glacier"],"special_seed":0,"relics":["Empty Cage","SsserpentHead","Lantern","Strawberry","Velvet Choker","Blood Vial"],"potions_floor_usage":[11,16,18,22],"damage_taken":[{"damage":11.0,"enemies":"Jaw Worm","floor":1.0,"turns":7.0},{"damage":13.0,"enemies":"Small Slimes","floor":5.0,"turns":5.0},{"damage":0.0,"enemies":"Cultist","floor":8.0,"turns":4.0},{"damage":0,"enemies":"Gremlin Nob","floor":11,"turns":3},{"damage":6,"enemies":"Looter","floor":12,"turns":3},{"damage":13,"enemies":"Lots of Slimes","floor":13,"turns":7},{"damage":14,"enemies":"3 Louse","floor":14,"turns":2},{"damage":15,"enemies":"The Guardian","floor":16,"turns":17},{"damage":19,"enemies":"3 Byrds","floor":18,"turns":3},{"damage":22,"enemies":"Shell Parasite","floor":20,"turns":9},{"damage":11,"enemies":"Cultist and Chosen","floor":22,"turns":7},{"damage":15,"enemies":"Slavers","floor":23,"turns":2}],"seed_played":"3685046023236147045","potions_obtained":[{"floor":1.0,"key":"FearPotion"},{"floor":8.0,"key":"LiquidBronze"},{"floor":11,"key":"Strength Potion"},{"floor":18,"key":"SteroidPotion"},{"floor":21,"key":"Block Potion"},{"floor":22,"key":"SneckoOil"}],"is_trial":false,"path_per_floor":["M","?","?","$","M","?","R","M","T","R","E","M","M","M","R","B",null,"M","?","M","?","M","E"],"character_chosen":"DEFECT","items_purchased":["Glacier","Defragment"],"campfire_rested":1,"item_purchase_floors":[4,4],"current_hp_per_floor":[53,42,42,42,29,29,29,29,29,29,36,30,17,3,26,11,61,42,42,22,22,13,0],"gold":618,"neow_bonus":"BOSS_RELIC","is_prod":false,"is_daily":false,"chose_seed":false,"campfire_upgraded":2,"win_rate":0,"timestamp":1571887978,"path_taken":["M","?","?","$","?","?","R","?","T","R","E","M","?","M","R","BOSS","M","?","M","?","?","E"],"build_version":"2019-07-17","purchased_purges":0,"victory":false,"max_hp_per_floor":[71,71,71,71,71,71,71,71,71,71,78,78,78,78,78,78,78,78,78,78,78,78,78],"card_choices":[{"not_picked":["Aggregate","Consume"],"picked":"Doom and Gloom","floor":1.0},{"not_picked":["Beam Cell","Redo","Steam"],"picked":"SKIP","floor":5.0},{"not_picked":["Storm","Rebound","Skim"],"picked":"SKIP","floor":8.0},{"not_picked":["Sunder","Undo"],"picked":"Glacier","floor":11},{"not_picked":["Reprogram","Steam"],"picked":"White Noise","floor":12},{"not_picked":["Skim","Go for the Eyes","Gash"],"picked":"SKIP","floor":13},{"not_picked":["Sweeping Beam","Reinforced Body"],"picked":"Core Surge","floor":14},{"not_picked":["Fission","Amplify"],"picked":"Echo Form","floor":16},{"not_picked":["Gash","Auto Shields"],"picked":"Hologram+1","floor":18},{"not_picked":["Turbo","Cold Snap"],"picked":"Conserve Battery","floor":20},{"not_picked":["Melter","BootSequence"],"picked":"Glacier","floor":22}],"player_experience":892706,"relics_obtained":[{"floor":9.0,"key":"Lantern"},{"floor":11,"key":"Strawberry"}],"event_choices":[{"damage_healed":0.0,"max_hp_gain":0.0,"max_hp_loss":0.0,"gold_gain":75.0,"event_name":"World of Goop","player_choice":"Gather Gold","floor":2.0,"gold_loss":0.0,"damage_taken":11.0},{"damage_healed":0.0,"max_hp_gain":0.0,"max_hp_loss":0.0,"gold_gain":0.0,"event_name":"FaceTrader","player_choice":"Trade","floor":3.0,"gold_loss":0.0,"damage_taken":0.0,"relics_obtained":["SsserpentHead"]},{"cards_removed":["Strike_B"],"damage_healed":0.0,"max_hp_gain":0.0,"max_hp_loss":0.0,"gold_gain":0.0,"event_name":"Bonfire Elementals","player_choice":"Offered Basic","floor":6.0,"gold_loss":0.0,"damage_taken":0.0},{"damage_healed":0,"gold_gain":0,"player_choice":"Opened","damage_taken":0,"relics_obtained":["Blood Vial"],"max_hp_gain":0,"max_hp_loss":0,"event_name":"The Mausoleum","floor":19,"gold_loss":0,"cards_obtained":["Writhe"]},{"damage_healed":0,"gold_gain":0,"player_choice":"Bought 1 Potion","damage_taken":0,"max_hp_gain":0,"max_hp_loss":0,"event_name":"The Woman in Blue","floor":21,"gold_loss":0}],"is_beta":false,"boss_relics":[{"not_picked":["Philosopher\u0027s Stone","Tiny House"],"picked":"Velvet Choker"}],"items_purged_floors":[],"is_endless":false,"potions_floor_spawned":[1,8,11,12,13,18,22],"killed_by":"Slavers","ascension_level":20}