{"gold_per_floor":[166,185,202,202,93,93,121,131,157,157,171,199,199,246,246,319,319,319,319,259,259,259],"floor_reached":22,"playtime":638,"items_purged":[],"score":388,"play_id":"29610805-93c9-4022-a3ad-f7541ed0695b","local_time":"20190714134033","is_ascension_mode":true,"campfire_choices":[{"data":"Gash","floor":6,"key":"SMITH"},{"floor":15,"key":"REST"}],"neow_cost":"NONE","seed_source_timestamp":270305993395747,"circlet_count":0,"master_deck":["AscendersBane","Strike_B","Strike_B","Strike_B","Strike_B","Defend_B","Defend_B+1","Defend_B","Defend_B","Zap","Dualcast","Gash+1","Sweeping Beam","Leap","Ball Lightning","Zap","Ball Lightning","Doom and Gloom","Conserve Battery","Conserve Battery","Creative AI","Seek","Undo","Storm+1","Loop+1","Buffer+1"],"relics":["Tiny House","Regal Pillow","Omamori","Potion Belt","Pen Nib","Ectoplasm","Frozen Egg 2"],"potions_floor_usage":[7,16],"damage_taken":[{"damage":7,"enemies":"2 Louse","floor":1,"turns":3},{"damage":0,"enemies":"Cultist","floor":2,"turns":4},{"damage":8,"enemies":"Small Slimes","floor":3,"turns":4},{"damage":23,"enemies":"Lagavulin","floor":7,"turns":5},{"damage":0,"enemies":"Looter","floor":8,"turns":3},{"damage":8,"enemies":"Blue Slaver","floor":11,"turns":3},{"damage":18,"enemies":"3 Sentries","floor":12,"turns":6},{"damage":8,"enemies":"The Guardian","floor":16,"turns":9},{"damage":34,"enemies":"Spheric Guardian","floor":18,"turns":7},{"damage":22,"enemies":"2 Thieves","floor":20,"turns":3},{"damage":19,"enemies":"3 Cultists","floor":22,"turns":3}],"seed_played":"8185992688616700835","potions_obtained":[{"floor":0,"key":"Dexterity Potion"},{"floor":7,"key":"PowerPotion"},{"floor":12,"key":"PowerPotion"},{"floor":20,"key":"SteroidPotion"}],"is_trial":false,"path_per_floor":["M","M","M","?","$","R","E","M","T","$","M","E","?","T","R","B",null,"M","?","M","?","M"],"character_chosen":"DEFECT","items_purchased":["Ball Lightning","Strength Potion"],"campfire_rested":1,"item_purchase_floors":[5,5],"current_hp_per_floor":[62,62,54,54,54,54,31,31,31,31,23,5,10,10,49,41,71,37,37,15,15,0],"gold":259,"neow_bonus":"BOSS_RELIC","is_prod":false,"is_daily":false,"chose_seed":false,"campfire_upgraded":1,"win_rate":0,"timestamp":1563136833,"path_taken":["M","M","M","?","$","R","E","M","T","?","M","E","?","?","R","BOSS","M","?","M","?","?"],"build_version":"2019-07-05","purchased_purges":0,"victory":false,"max_hp_per_floor":[76,76,76,76,76,76,76,76,76,76,76,76,81,81,81,81,81,81,81,81,81,81],"card_choices":[{"not_picked":["Rebound","Rip and Tear"],"picked":"Gash","floor":0},{"not_picked":["Capacitor","Static Discharge"],"picked":"Sweeping Beam","floor":1},{"not_picked":["Turbo","Steam"],"picked":"Leap","floor":2},{"not_picked":["Go for the Eyes","Heatsinks"],"picked":"Ball Lightning","floor":3},{"not_picked":["Force Field","Sunder"],"picked":"Doom and Gloom","floor":7},{"not_picked":["Hologram","Ball Lightning"],"picked":"Conserve Battery","floor":8},{"not_picked":["Hologram","Steam"],"picked":"Conserve Battery","floor":11},{"not_picked":["Stack","Redo"],"picked":"Creative AI","floor":12},{"not_picked":["Fission","Rainbow"],"picked":"Seek","floor":16},{"not_picked":["Turbo","Streamline"],"picked":"Undo","floor":18},{"not_picked":["Barrage","Compile Driver"],"picked":"Storm+1","floor":20}],"player_experience":668799,"relics_obtained":[{"floor":7,"key":"Regal Pillow"},{"floor":9,"key":"Omamori"},{"floor":12,"key":"Potion Belt"},{"floor":14,"key":"Pen Nib"}],"event_choices":[{"damage_healed":0,"gold_gain":0,"player_choice":"1 cards matched","damage_taken":0,"max_hp_gain":0,"max_hp_loss":0,"event_name":"Match and Keep!","floor":4,"gold_loss":0,"cards_obtained":["Zap"]},{"damage_healed":0,"gold_gain":0,"player_choice":"Donut","damage_taken":0,"max_hp_gain":5,"max_hp_loss":0,"event_name":"Big Fish","floor":13,"gold_loss":0},{"damage_healed":0,"gold_gain":0,"player_choice":"Opened","damage_taken":0,"relics_obtained":["Frozen Egg 2"],"max_hp_gain":0,"max_hp_loss":0,"event_name":"The Mausoleum","floor":19,"gold_loss":0,"cards_obtained":["Writhe"]},{"damage_healed":0,"gold_gain":0,"player_choice":"2 cards matched","damage_taken":0,"max_hp_gain":0,"max_hp_loss":0,"event_name":"Match and Keep!","floor":21,"gold_loss":0,"cards_obtained":["Loop","Buffer"]}],"is_beta":false,"boss_relics":[{"not_picked":["Orrery","Empty Cage"],"picked":"Ectoplasm"}],"items_purged_floors":[],"is_endless":false,"potions_floor_spawned":[7,8,12,20],"killed_by":"3 Cultists","ascension_level":20}