{"gold_per_floor":[214,214,233,183,199,199,199,214,214,232,250,267,267,292,292,292],"floor_reached":16,"playtime":498,"items_purged":[],"score":182,"play_id":"ba7b64fc-87b3-4349-b62d-e734d2dd1871","local_time":"20190506170221","is_ascension_mode":true,"campfire_choices":[{"data":"Beam Cell","floor":6,"key":"SMITH"},{"floor":13,"key":"REST"},{"data":"Coolheaded","floor":15,"key":"SMITH"}],"neow_cost":"NONE","seed_source_timestamp":2008089119377335,"circlet_count":0,"master_deck":["AscendersBane","Strike_B","Strike_B","Strike_B","Strike_B","Defend_B","Defend_B","Defend_B","Defend_B","Zap","Dualcast","Compile Driver","Beam Cell+1","Gash","Rebound","Coolheaded+1","Gash"],"relics":["Cracked Core","Matryoshka","PreservedInsect","Meat on the Bone","Ice Cream"],"potions_floor_usage":[12,12,16],"damage_taken":[{"damage":0,"enemies":"Cultist","floor":1,"turns":3},{"damage":4,"enemies":"2 Louse","floor":3,"turns":3},{"damage":12,"enemies":"Jaw Worm","floor":5,"turns":3},{"damage":15,"enemies":"3 Louse","floor":8,"turns":3},{"damage":6,"enemies":"Looter","floor":10,"turns":3},{"damage":10,"enemies":"Gremlin Gang","floor":11,"turns":5},{"damage":10,"enemies":"Lots of Slimes","floor":12,"turns":4},{"damage":14,"enemies":"Gremlin Nob","floor":14,"turns":3},{"damage":39,"enemies":"Slime Boss","floor":16,"turns":6}],"seed_played":"3633723725038357741","potions_obtained":[{"floor":11,"key":"Regen Potion"},{"floor":14,"key":"GamblersBrew"}],"is_trial":false,"path_per_floor":["M","T","M","$","M","R","?","M","T","M","M","M","R","E","R","B"],"character_chosen":"DEFECT","items_purchased":["Strength Potion"],"campfire_rested":1,"item_purchase_floors":[4],"current_hp_per_floor":[64,64,60,60,48,48,22,7,7,13,15,29,50,36,36,0],"gold":292,"neow_bonus":"HUNDRED_GOLD","is_prod":false,"is_daily":false,"chose_seed":false,"campfire_upgraded":2,"win_rate":0,"timestamp":1557187341,"path_taken":["M","?","M","$","M","R","?","M","T","M","M","M","R","E","R","BOSS"],"build_version":"2019-01-23","purchased_purges":0,"victory":false,"max_hp_per_floor":[71,71,71,71,71,71,71,71,71,71,71,71,71,71,71,71],"card_choices":[{"not_picked":["Beam Cell","Conserve Battery"],"picked":"Compile Driver","floor":1},{"not_picked":["Compile Driver","Streamline"],"picked":"Beam Cell","floor":3},{"not_picked":["Leap","Reprogram","Turbo"],"picked":"SKIP","floor":5},{"not_picked":["Ball Lightning","Conserve Battery"],"picked":"Gash","floor":8},{"not_picked":["Lockon","Redo","Double Energy"],"picked":"SKIP","floor":10},{"not_picked":["Compile Driver","Tempest"],"picked":"Rebound","floor":11},{"not_picked":["Fission","Rebound"],"picked":"Coolheaded","floor":12},{"not_picked":["Tempest","Barrage"],"picked":"Gash","floor":14}],"player_experience":408406,"relics_obtained":[{"floor":9,"key":"PreservedInsect"},{"floor":9,"key":"Meat on the Bone"},{"floor":14,"key":"Ice Cream"}],"event_choices":[{"damage_healed":0,"gold_gain":0,"player_choice":"Success","damage_taken":26,"relics_obtained":["Matryoshka"],"max_hp_gain":0,"max_hp_loss":0,"event_name":"Scrap Ooze","floor":7,"gold_loss":0}],"is_beta":false,"boss_relics":[],"items_purged_floors":[],"is_endless":false,"potions_floor_spawned":[11,14],"killed_by":"Slime Boss","ascension_level":15}