{"gold_per_floor":[118,195,206,281,281,346,365,393,472,472,472,484,165,181,181,259,259,272,197,215,131,141,141,155,155,229,247,272,272,287,287],"floor_reached":31,"playtime":1013,"items_purged":[],"score":609,"play_id":"a62170cd-5b42-47ed-9b82-cb49d064744d","local_time":"20190805205242","is_ascension_mode":true,"campfire_choices":[{"data":"Capacitor","floor":15,"key":"SMITH"},{"floor":23,"key":"REST"},{"floor":25,"key":"REST"}],"neow_cost":"NONE","seed_source_timestamp":331054578718500,"circlet_count":0,"master_deck":["AscendersBane","Strike_B","Strike_B","Strike_B","Defend_B","Defend_B","Defend_B","Defend_B","Zap","Dualcast","Sweeping Beam","FTL","Undo","Conserve Battery","Echo Form","Gash","Capacitor+1","Chill","Creative AI","Steam+1","Defragment","Conserve Battery","Compile Driver","Seek","Writhe","Recycle"],"relics":["Cracked Core","NeowsBlessing","Symbiotic Virus","Tiny Chest","Cables","Meat on the Bone","Turnip","Pantograph","Fusion Hammer","Matryoshka","Molten Egg 2","Mango"],"potions_floor_usage":[8,8,20,28,31,31],"damage_taken":[{"damage":0,"enemies":"Cultist","floor":1,"turns":1},{"damage":0,"enemies":"Jaw Worm","floor":3,"turns":1},{"damage":0,"enemies":"Lagavulin","floor":6,"turns":1},{"damage":3,"enemies":"2 Louse","floor":7,"turns":3},{"damage":22,"enemies":"3 Sentries","floor":8,"turns":6},{"damage":23,"enemies":"Large Slime","floor":12,"turns":7},{"damage":0,"enemies":"2 Fungi Beasts","floor":14,"turns":3},{"damage":11,"enemies":"Slime Boss","floor":16,"turns":11},{"damage":19,"enemies":"Chosen","floor":18,"turns":5},{"damage":21,"enemies":"3 Byrds","floor":20,"turns":4},{"damage":36,"enemies":"Snecko","floor":22,"turns":5},{"damage":29,"enemies":"Snake Plant","floor":24,"turns":5},{"damage":7,"enemies":"Centurion and Healer","floor":27,"turns":7},{"damage":29,"enemies":"Slavers","floor":28,"turns":8},{"damage":16,"enemies":"Snecko","floor":30,"turns":7},{"damage":45,"enemies":"Masked Bandits","floor":31,"turns":3}],"seed_played":"-9117036509792174668","potions_obtained":[{"floor":6,"key":"EntropicBrew"},{"floor":11,"key":"LiquidBronze"},{"floor":14,"key":"Explosive Potion"},{"floor":22,"key":"Block Potion"},{"floor":28,"key":"EssenceOfSteel"}],"is_trial":false,"path_per_floor":["M","T","M","?","?","E","M","E","T","T","?","M","$","M","R","B",null,"M","?","M","$","M","R","M","R","T","M","E","?","M","?"],"character_chosen":"DEFECT","items_purchased":["Capacitor","Pantograph","Defragment"],"campfire_rested":2,"item_purchase_floors":[13,13,21],"current_hp_per_floor":[64,64,64,53,58,58,55,33,33,33,33,22,22,34,34,48,69,50,50,41,41,17,39,22,44,44,49,32,46,42,0],"gold":287,"neow_bonus":"THREE_ENEMY_KILL","is_prod":false,"is_daily":false,"chose_seed":false,"campfire_upgraded":1,"win_rate":0,"timestamp":1565063562,"path_taken":["M","?","M","?","?","E","M","E","T","?","?","M","$","?","R","BOSS","M","?","M","$","M","R","M","R","T","M","E","?","?","?"],"build_version":"2019-07-17","purchased_purges":0,"victory":false,"max_hp_per_floor":[71,71,71,71,76,76,76,76,76,76,76,76,76,76,76,76,76,76,76,76,76,76,76,76,76,76,76,76,90,90,90],"card_choices":[{"not_picked":["Hologram","FTL"],"picked":"Sweeping Beam","floor":1},{"not_picked":["Conserve Battery","Hologram"],"picked":"FTL","floor":3},{"not_picked":["Reinforced Body","Double Energy"],"picked":"Undo","floor":6},{"not_picked":["Turbo","Hologram"],"picked":"Conserve Battery","floor":7},{"not_picked":["Amplify","Sweeping Beam"],"picked":"Echo Form","floor":8},{"not_picked":["Rebound","Turbo"],"picked":"Gash","floor":12},{"not_picked":["Compile Driver","Hologram"],"picked":"Chill","floor":14},{"not_picked":["Core Surge","All For One"],"picked":"Creative AI","floor":16},{"not_picked":["Leap","Skim","Steam"],"picked":"SKIP","floor":18},{"not_picked":["Gash","Streamline"],"picked":"Steam+1","floor":20},{"not_picked":["Turbo","Barrage","Reprogram"],"picked":"SKIP","floor":22},{"not_picked":["Streamline","Ball Lightning"],"picked":"Conserve Battery","floor":24},{"not_picked":["Steam","Barrage"],"picked":"Compile Driver","floor":27},{"not_picked":["Force Field+1","Streamline"],"picked":"Seek","floor":28},{"not_picked":["Skim","Leap"],"picked":"Recycle","floor":30}],"player_experience":716987,"relics_obtained":[{"floor":2,"key":"Symbiotic Virus"},{"floor":6,"key":"Tiny Chest"},{"floor":8,"key":"Cables"},{"floor":9,"key":"Meat on the Bone"},{"floor":10,"key":"Turnip"},{"floor":26,"key":"Matryoshka"},{"floor":28,"key":"Molten Egg 2"}],"event_choices":[{"damage_healed":0,"gold_gain":75,"player_choice":"Gather Gold","damage_taken":11,"max_hp_gain":0,"max_hp_loss":0,"event_name":"World of Goop","floor":4,"gold_loss":0},{"damage_healed":0,"gold_gain":0,"player_choice":"Donut","damage_taken":0,"max_hp_gain":5,"max_hp_loss":0,"event_name":"Big Fish","floor":5,"gold_loss":0},{"damage_healed":0,"gold_gain":0,"player_choice":"Got Potions","damage_taken":0,"max_hp_gain":0,"max_hp_loss":0,"event_name":"Lab","floor":11,"gold_loss":0},{"cards_removed":["Strike_B"],"damage_healed":0,"gold_gain":0,"player_choice":"Gave Gold","damage_taken":0,"max_hp_gain":0,"max_hp_loss":0,"event_name":"Beggar","floor":19,"gold_loss":75},{"damage_healed":0,"gold_gain":0,"player_choice":"Opened","damage_taken":0,"relics_obtained":["Mango"],"max_hp_gain":0,"max_hp_loss":0,"event_name":"The Mausoleum","floor":29,"gold_loss":0,"cards_obtained":["Writhe"]},{"damage_healed":0,"gold_gain":0,"player_choice":"Fought Bandits","damage_taken":0,"max_hp_gain":0,"max_hp_loss":0,"event_name":"Masked Bandits","floor":31,"gold_loss":0}],"is_beta":false,"boss_relics":[{"not_picked":["Tiny House","Philosopher\u0027s Stone"],"picked":"Fusion Hammer"}],"items_purged_floors":[],"is_endless":false,"potions_floor_spawned":[6,12,14,18,22,28],"killed_by":"Masked Bandits","ascension_level":20}