{"gold_per_floor":[114,114,264,82,4,22,49,67,90,90,101,101,126,36,36,36],"floor_reached":16,"playtime":479,"items_purged":["Doubt"],"score":266,"play_id":"d7dcfa99-7a9f-443c-9edb-3d2a0ae2e81f","local_time":"20191018232133","is_ascension_mode":true,"campfire_choices":[{"data":"Sunder","floor":10,"key":"SMITH"},{"floor":15,"key":"DIG"}],"neow_cost":"NONE","seed_source_timestamp":542152860827500,"circlet_count":0,"master_deck":["AscendersBane","Strike_B","Strike_B","Strike_B","Strike_B","Defend_B","Defend_B","Defend_B","Defend_B","Zap","Dualcast","Rebound","Self Repair","Cold Snap","Genetic Algorithm","Sunder+1","Glacier","Cold Snap","Loop","Self Repair"],"relics":["Cracked Core","NeowsBlessing","Potion Belt","Sundial","Smiling Mask","Shovel","DataDisk","Shuriken"],"potions_floor_usage":[16,16,16],"damage_taken":[{"damage":0,"enemies":"Small Slimes","floor":1,"turns":1},{"damage":0,"enemies":"Jaw Worm","floor":6,"turns":1},{"damage":0,"enemies":"Lagavulin","floor":7,"turns":3},{"damage":0,"enemies":"Cultist","floor":8,"turns":3},{"damage":20,"enemies":"Exordium Thugs","floor":11,"turns":4},{"damage":20,"enemies":"3 Sentries","floor":13,"turns":11},{"damage":29,"enemies":"Slime Boss","floor":16,"turns":9}],"seed_played":"1564943941497838328","potions_obtained":[{"floor":6,"key":"Poison Potion"},{"floor":8,"key":"Dexterity Potion"},{"floor":13,"key":"EssenceOfSteel"}],"is_trial":false,"path_per_floor":["M","?","?","$","$","M","E","M","T","R","M","T","E","$","R","B"],"character_chosen":"DEFECT","items_purchased":["Self Repair","Cold Snap","Genetic Algorithm","Self Repair"],"campfire_rested":0,"item_purchase_floors":[4,4,5,14],"current_hp_per_floor":[64,46,46,46,46,46,53,60,60,60,40,40,27,27,27,0],"gold":36,"neow_bonus":"THREE_ENEMY_KILL","is_prod":false,"is_daily":false,"chose_seed":false,"campfire_upgraded":1,"win_rate":0,"timestamp":1571466093,"path_taken":["M","?","?","?","$","M","E","?","T","R","M","?","E","?","R","BOSS"],"build_version":"2019-07-17","purchased_purges":1,"victory":false,"max_hp_per_floor":[71,71,71,71,71,71,71,71,71,71,71,71,71,71,71,71],"card_choices":[{"not_picked":["Barrage","Heatsinks"],"picked":"Rebound","floor":1},{"not_picked":["Streamline","Coolheaded"],"picked":"Sunder","floor":6},{"not_picked":["Capacitor","Barrage"],"picked":"Glacier","floor":7},{"not_picked":["Beam Cell","Force Field"],"picked":"Cold Snap","floor":8},{"not_picked":["Barrage","Steam"],"picked":"Loop","floor":11},{"not_picked":["Coolheaded","Aggregate","Reboot"],"picked":"SKIP","floor":13}],"player_experience":868877,"relics_obtained":[{"floor":7,"key":"Sundial"},{"floor":9,"key":"Smiling Mask"},{"floor":12,"key":"Shovel"},{"floor":13,"key":"DataDisk"},{"floor":15,"key":"Shuriken"}],"event_choices":[{"damage_healed":0,"gold_gain":0,"player_choice":"Success","damage_taken":18,"relics_obtained":["Potion Belt"],"max_hp_gain":0,"max_hp_loss":0,"event_name":"Scrap Ooze","floor":2,"gold_loss":0},{"damage_healed":0,"gold_gain":150,"player_choice":"AGREE","damage_taken":0,"max_hp_gain":0,"max_hp_loss":0,"event_name":"Liars Game","floor":3,"gold_loss":0,"cards_obtained":["Doubt"]}],"is_beta":false,"boss_relics":[],"items_purged_floors":[4],"is_endless":false,"potions_floor_spawned":[6,8,13],"killed_by":"Slime Boss","ascension_level":20}