{"gold_per_floor":[110,126,201,97,111,111,26,60,85,85,85,103,103,120,120,192,192,211,229,154,182,195,195],"floor_reached":23,"playtime":836,"items_purged":["Strike_B"],"score":382,"play_id":"519efe4a-0101-4d52-8e9e-92bd71c2114f","local_time":"20190827105409","is_ascension_mode":true,"campfire_choices":[{"data":"Defragment","floor":6,"key":"SMITH"},{"data":"Sunder","floor":10,"key":"SMITH"},{"data":"Undo","floor":13,"key":"SMITH"},{"data":"Compile Driver","floor":15,"key":"SMITH"}],"neow_cost":"NONE","seed_source_timestamp":1125148983655400,"circlet_count":0,"master_deck":["AscendersBane","Strike_B","Strike_B+1","Strike_B+1","Defend_B","Defend_B","Defend_B","Defend_B","Dualcast","Undo+1","Glacier","Conserve Battery","Defragment+1","Compile Driver+1","Sunder+1","Ball Lightning","Conserve Battery","Meteor Strike","Doom and Gloom","Melter+1","Force Field+1","Undo"],"relics":["Velvet Choker","Bag of Preparation","Whetstone","Fusion Hammer","Red Mask"],"potions_floor_usage":[15,16],"damage_taken":[{"damage":2,"enemies":"2 Louse","floor":1,"turns":2},{"damage":2,"enemies":"Jaw Worm","floor":2,"turns":4},{"damage":0,"enemies":"Cultist","floor":5,"turns":5},{"damage":15,"enemies":"Gremlin Nob","floor":8,"turns":5},{"damage":0,"enemies":"Looter","floor":12,"turns":2},{"damage":8,"enemies":"Blue Slaver","floor":14,"turns":4},{"damage":17,"enemies":"Slime Boss","floor":16,"turns":13},{"damage":3,"enemies":"3 Byrds","floor":18,"turns":6},{"damage":1,"enemies":"2 Thieves","floor":19,"turns":3},{"damage":20,"enemies":"Masked Bandits","floor":21,"turns":5},{"damage":12,"enemies":"Snake Plant","floor":22,"turns":4},{"damage":25,"enemies":"Slavers","floor":23,"turns":2}],"seed_played":"2222922914382917901","potions_obtained":[{"floor":8,"key":"SkillPotion"},{"floor":14,"key":"Fruit Juice"},{"floor":16,"key":"SmokeBomb"},{"floor":19,"key":"Dexterity Potion"},{"floor":21,"key":"Dexterity Potion"}],"is_trial":false,"path_per_floor":["M","M","?","$","M","R","$","E","T","R","?","M","R","M","R","B",null,"M","M","$","?","M","E"],"character_chosen":"DEFECT","items_purchased":["Conserve Battery","Defragment","Sunder"],"campfire_rested":0,"item_purchase_floors":[4,4,7],"current_hp_per_floor":[62,60,49,49,49,49,49,34,34,34,34,34,34,26,31,14,61,58,57,57,37,25,0],"gold":195,"neow_bonus":"BOSS_RELIC","is_prod":false,"is_daily":false,"chose_seed":false,"campfire_upgraded":4,"win_rate":0,"timestamp":1566928449,"path_taken":["M","M","?","$","M","R","$","E","T","R","?","?","R","M","R","BOSS","M","M","$","?","M","E"],"build_version":"2019-07-17","purchased_purges":1,"victory":false,"max_hp_per_floor":[71,71,71,71,71,71,71,71,71,71,71,71,71,71,76,76,76,76,76,76,76,76,76],"card_choices":[{"not_picked":["Beam Cell","Hologram"],"picked":"Undo","floor":1},{"not_picked":["Redo","Hello World"],"picked":"Glacier","floor":2},{"not_picked":["Rebound","Hologram"],"picked":"Compile Driver","floor":5},{"not_picked":["BootSequence","Compile Driver"],"picked":"Ball Lightning","floor":8},{"not_picked":["Barrage","Cold Snap","Streamline"],"picked":"SKIP","floor":12},{"not_picked":["Sweeping Beam","Redo"],"picked":"Conserve Battery","floor":14},{"not_picked":["Echo Form","Creative AI"],"picked":"Meteor Strike","floor":16},{"not_picked":["Beam Cell+1","Stack+1"],"picked":"Doom and Gloom","floor":18},{"not_picked":["Rebound","Hologram"],"picked":"Melter+1","floor":19},{"not_picked":["Chaos","Hologram"],"picked":"Force Field+1","floor":21},{"not_picked":["Go for the Eyes","Reprogram"],"picked":"Undo","floor":22}],"player_experience":750470,"relics_obtained":[{"floor":8,"key":"Bag of Preparation"},{"floor":9,"key":"Whetstone"},{"floor":21,"key":"Red Mask"}],"event_choices":[{"damage_healed":0,"gold_gain":75,"player_choice":"Gather Gold","damage_taken":11,"max_hp_gain":0,"max_hp_loss":0,"event_name":"World of Goop","floor":3,"gold_loss":0},{"cards_removed":["Zap"],"damage_healed":0,"gold_gain":0,"player_choice":"Offered Basic","damage_taken":0,"max_hp_gain":0,"max_hp_loss":0,"event_name":"Bonfire Elementals","floor":11,"gold_loss":0},{"damage_healed":0,"gold_gain":0,"player_choice":"Fought Bandits","damage_taken":0,"max_hp_gain":0,"max_hp_loss":0,"event_name":"Masked Bandits","floor":21,"gold_loss":0}],"is_beta":false,"boss_relics":[{"not_picked":["Empty Cage","Runic Pyramid"],"picked":"Fusion Hammer"}],"items_purged_floors":[20],"is_endless":false,"potions_floor_spawned":[8,14,16,19,21],"killed_by":"Slavers","ascension_level":20}