{"gold_per_floor":[116,116,62,73,73,106,122,122,146,146,164,195,207,237,249,261],"floor_reached":16,"playtime":509,"items_purged":[],"score":340,"play_id":"a4edbafc-297d-4e08-9f62-f5d91deda7bb","local_time":"20190803105936","is_ascension_mode":true,"campfire_choices":[{"data":"Doom and Gloom","floor":8,"key":"SMITH"},{"floor":15,"key":"REST"}],"neow_cost":"NONE","seed_source_timestamp":123169678056000,"circlet_count":0,"master_deck":["AscendersBane","Strike_B","Strike_B","Strike_B","Strike_B","Defend_B","Defend_B+1","Defend_B","Defend_B","Zap+1","Dualcast","Conserve Battery","Rebound+1","Streamline","Doom and Gloom+1","Conserve Battery","Conserve Battery","Cold Snap"],"relics":["Cracked Core","NeowsBlessing","Potion Belt","Juzu Bracelet","Darkstone Periapt","MawBank"],"potions_floor_usage":[12,12,16],"damage_taken":[{"damage":0,"enemies":"2 Louse","floor":1,"turns":1},{"damage":0,"enemies":"Jaw Worm","floor":4,"turns":1},{"damage":0,"enemies":"Lagavulin","floor":6,"turns":1},{"damage":4,"enemies":"Small Slimes","floor":7,"turns":3},{"damage":5,"enemies":"2 Fungi Beasts","floor":11,"turns":3},{"damage":0,"enemies":"Gremlin Nob","floor":12,"turns":2},{"damage":0,"enemies":"Large Slime","floor":13,"turns":5},{"damage":11,"enemies":"Lagavulin","floor":14,"turns":6},{"damage":45,"enemies":"Hexaghost","floor":16,"turns":14}],"seed_played":"757369298272538570","potions_obtained":[{"floor":6,"key":"Energy Potion"},{"floor":11,"key":"Weak Potion"},{"floor":12,"key":"SpeedPotion"}],"is_trial":false,"path_per_floor":["M","?","$","M","?","E","M","R","T","?","M","E","M","E","R","B"],"character_chosen":"DEFECT","items_purchased":["AttackPotion"],"campfire_rested":1,"item_purchase_floors":[3],"current_hp_per_floor":[64,64,64,64,64,64,60,60,60,39,34,34,34,23,44,0],"gold":261,"neow_bonus":"THREE_ENEMY_KILL","is_prod":false,"is_daily":false,"chose_seed":false,"campfire_upgraded":1,"win_rate":0,"timestamp":1564855176,"path_taken":["M","?","$","M","?","E","M","R","T","?","M","E","M","E","R","BOSS"],"build_version":"2019-07-17","purchased_purges":0,"victory":false,"max_hp_per_floor":[71,71,71,71,71,71,71,71,71,71,71,71,71,71,71,71],"card_choices":[{"not_picked":["Barrage","Coolheaded"],"picked":"Conserve Battery","floor":1},{"not_picked":["Steam","Lockon"],"picked":"Rebound","floor":4},{"not_picked":["Double Energy","Turbo"],"picked":"Streamline","floor":6},{"not_picked":["Redo","Turbo"],"picked":"Doom and Gloom","floor":7},{"not_picked":["Streamline","Rebound","Doom and Gloom"],"picked":"SKIP","floor":11},{"not_picked":["Steam","Go for the Eyes"],"picked":"Conserve Battery","floor":12},{"not_picked":["Reboot","Fusion"],"picked":"Conserve Battery","floor":13},{"not_picked":["Reprogram","Auto Shields"],"picked":"Cold Snap","floor":14}],"player_experience":713539,"relics_obtained":[{"floor":6,"key":"Potion Belt"},{"floor":9,"key":"Juzu Bracelet"},{"floor":12,"key":"Darkstone Periapt"},{"floor":14,"key":"MawBank"}],"event_choices":[{"damage_healed":0,"gold_gain":0,"player_choice":"Grow","damage_taken":0,"max_hp_gain":0,"max_hp_loss":0,"event_name":"Living Wall","floor":2,"gold_loss":0,"cards_upgraded":["Zap"]},{"damage_healed":0,"gold_gain":0,"player_choice":"Leave","damage_taken":0,"max_hp_gain":0,"max_hp_loss":0,"event_name":"The Cleric","floor":5,"gold_loss":0},{"damage_healed":0,"gold_gain":0,"player_choice":"Entered Light","damage_taken":21,"max_hp_gain":0,"max_hp_loss":0,"event_name":"Shining Light","floor":10,"gold_loss":0,"cards_upgraded":["Defend_B","Rebound"]}],"is_beta":false,"boss_relics":[],"items_purged_floors":[],"is_endless":false,"potions_floor_spawned":[6,11,12],"killed_by":"Hexaghost","ascension_level":20}