{"gold_per_floor":[112,123,140,195,23,23,73,84,161,171,189,218,218,249,249,324,324,344,344,359,359,55,55,89,89,89,101,101],"floor_reached":28,"playtime":1242,"items_purged":["Writhe"],"score":496,"play_id":"4bc78ee4-be01-4444-abc6-4554f7be0e22","local_time":"20191009194208","is_ascension_mode":true,"campfire_choices":[{"data":"Defragment","floor":6,"key":"SMITH"},{"data":"Creative AI","floor":13,"key":"SMITH"},{"data":"Beam Cell","floor":15,"key":"SMITH"},{"data":"Static Discharge","floor":23,"key":"SMITH"},{"data":"Dualcast","floor":25,"key":"SMITH"}],"neow_cost":"NONE","seed_source_timestamp":2485397654511700,"circlet_count":0,"master_deck":["AscendersBane","Strike_B+1","Strike_B","Defend_B","Defend_B","Defend_B","Defend_B","Zap","Dualcast+1","Defragment+1","Static Discharge+1","Doom and Gloom","Go for the Eyes+1","Sweeping Beam","Leap","Self Repair","Beam Cell+1","Compile Driver","Undo","Creative AI+1","Leap+1","Echo Form","Ball Lightning","Hologram+1","Glacier+1","Chill+1","Self Repair","Conserve Battery+1","Redo+1"],"relics":["Orrery","Whetstone","Meat on the Bone","Regal Pillow","Toxic Egg 2","Sozu","The Courier","Membership Card","Oddly Smooth Stone","Art of War","Molten Egg 2"],"potions_floor_usage":[14,16,16],"damage_taken":[{"damage":7,"enemies":"2 Louse","floor":1,"turns":2},{"damage":11,"enemies":"Jaw Worm","floor":2,"turns":6},{"damage":0,"enemies":"Cultist","floor":3,"turns":3},{"damage":9,"enemies":"3 Louse","floor":8,"turns":4},{"damage":9,"enemies":"2 Fungi Beasts","floor":10,"turns":4},{"damage":4,"enemies":"Exordium Wildlife","floor":11,"turns":4},{"damage":9,"enemies":"Lagavulin","floor":12,"turns":7},{"damage":32,"enemies":"Gremlin Nob","floor":14,"turns":4},{"damage":17,"enemies":"Hexaghost","floor":16,"turns":10},{"damage":23,"enemies":"Shell Parasite","floor":18,"turns":7},{"damage":8,"enemies":"Chosen","floor":20,"turns":8},{"damage":16,"enemies":"Book of Stabbing","floor":24,"turns":8},{"damage":31,"enemies":"3 Cultists","floor":27,"turns":6},{"damage":54,"enemies":"Chosen and Byrds","floor":28,"turns":4}],"seed_played":"-5709198738147166847","potions_obtained":[{"floor":3,"key":"GamblersBrew"},{"floor":10,"key":"Swift Potion"},{"floor":14,"key":"Block Potion"},{"floor":16,"key":"Energy Potion"}],"is_trial":false,"path_per_floor":["M","M","M","?","$","R","?","M","T","M","M","E","R","E","R","B",null,"M","?","M","?","$","R","E","R","T","M","M"],"character_chosen":"DEFECT","items_purchased":["Whetstone","Membership Card","Oddly Smooth Stone","Self Repair"],"campfire_rested":0,"item_purchase_floors":[5,22,22,22],"current_hp_per_floor":[57,46,53,53,53,53,53,51,51,49,52,50,50,37,37,32,61,52,52,58,58,58,58,56,56,56,51,0],"gold":101,"neow_bonus":"BOSS_RELIC","is_prod":false,"is_daily":false,"chose_seed":false,"campfire_upgraded":5,"win_rate":0,"timestamp":1570675328,"path_taken":["M","M","M","?","$","R","?","?","T","M","M","E","R","E","R","BOSS","M","?","M","?","$","R","E","R","T","M","M"],"build_version":"2019-07-17","purchased_purges":1,"victory":false,"max_hp_per_floor":[71,71,71,71,71,71,71,71,71,71,71,71,71,71,71,71,71,71,71,71,71,71,71,71,71,71,71,71],"card_choices":[{"not_picked":["Darkness","Beam Cell"],"picked":"Defragment","floor":0},{"not_picked":["Redo","Aggregate"],"picked":"Static Discharge","floor":0},{"not_picked":["Steam","Reprogram"],"picked":"Doom and Gloom","floor":0},{"not_picked":["BootSequence","Doom and Gloom"],"picked":"Go for the Eyes","floor":0},{"not_picked":["Steam Power","Turbo"],"picked":"Sweeping Beam","floor":0},{"not_picked":["Sweeping Beam","Rebound"],"picked":"Leap","floor":1},{"not_picked":["Skim","Leap"],"picked":"Self Repair","floor":2},{"not_picked":["Steam","Redo"],"picked":"Beam Cell","floor":3},{"not_picked":["Sweeping Beam","Redo"],"picked":"Compile Driver","floor":8},{"not_picked":["Hologram","Compile Driver"],"picked":"Undo","floor":10},{"not_picked":["Rainbow","Blizzard","Rebound"],"picked":"SKIP","floor":11},{"not_picked":["Cold Snap","Auto Shields"],"picked":"Creative AI","floor":12},{"not_picked":["Scrape","Go for the Eyes"],"picked":"Leap","floor":14},{"not_picked":["Creative AI","Amplify+1"],"picked":"Echo Form","floor":16},{"not_picked":["Go for the Eyes","Melter"],"picked":"Ball Lightning","floor":18},{"not_picked":["Steam+1","Turbo+1"],"picked":"Chill+1","floor":20},{"not_picked":["Hyperbeam","Streamline+1"],"picked":"Conserve Battery+1","floor":24},{"not_picked":["Force Field+1","Barrage+1"],"picked":"Redo+1","floor":27}],"player_experience":838071,"relics_obtained":[{"floor":9,"key":"Meat on the Bone"},{"floor":12,"key":"Regal Pillow"},{"floor":14,"key":"Toxic Egg 2"},{"floor":24,"key":"Art of War"},{"floor":26,"key":"Molten Egg 2"}],"event_choices":[{"damage_healed":0,"gold_gain":55,"player_choice":"Gained Gold","damage_taken":0,"max_hp_gain":0,"max_hp_loss":0,"event_name":"Golden Wing","floor":4,"gold_loss":0},{"damage_healed":0,"gold_gain":50,"player_choice":"Pray","damage_taken":0,"max_hp_gain":0,"max_hp_loss":0,"event_name":"Golden Shrine","floor":7,"gold_loss":0},{"damage_healed":0,"gold_gain":0,"cards_transformed":["Strike_B","Strike_B"],"player_choice":"Became Test Subject","damage_taken":0,"max_hp_gain":0,"max_hp_loss":0,"event_name":"Drug Dealer","floor":19,"gold_loss":0,"cards_obtained":["Hologram","Glacier"]},{"damage_healed":0,"gold_gain":0,"player_choice":"Opened","damage_taken":0,"relics_obtained":["The Courier"],"max_hp_gain":0,"max_hp_loss":0,"event_name":"The Mausoleum","floor":21,"gold_loss":0,"cards_obtained":["Writhe"]}],"is_beta":false,"boss_relics":[{"not_picked":["Inserter","Lizard Tail"],"picked":"Sozu"}],"items_purged_floors":[22],"is_endless":false,"potions_floor_spawned":[3,10,12,14,16,18,20],"killed_by":"Chosen and Byrds","ascension_level":20}