{"gold_per_floor":[113,128,203,203,478,478,490,519,519,552,552],"floor_reached":11,"playtime":233,"items_purged":[],"score":150,"play_id":"6dec4ce5-5b76-4b4d-b594-932fa469e374","local_time":"20190517175008","is_ascension_mode":true,"campfire_choices":[{"data":"Zap","floor":6,"key":"SMITH"}],"neow_cost":"NONE","seed_source_timestamp":206646774192987,"circlet_count":0,"master_deck":["AscendersBane","Strike_B","Strike_B","Strike_B","Strike_B","Defend_B","Defend_B","Defend_B","Defend_B","Zap+1","Dualcast","Compile Driver","Compile Driver","Regret","Coolheaded","Glacier","Coolheaded"],"relics":["Cracked Core","NeowsBlessing","Anchor","Pear","Pen Nib"],"potions_floor_usage":[10],"damage_taken":[{"damage":0,"enemies":"Cultist","floor":1,"turns":1},{"damage":0,"enemies":"2 Louse","floor":2,"turns":1},{"damage":0,"enemies":"Jaw Worm","floor":7,"turns":1},{"damage":49,"enemies":"Gremlin Nob","floor":8,"turns":5},{"damage":9,"enemies":"3 Sentries","floor":10,"turns":8},{"damage":10,"enemies":"Large Slime","floor":11,"turns":4}],"seed_played":"-7592758823622962639","potions_obtained":[{"floor":8,"key":"Explosive Potion"}],"is_trial":false,"path_per_floor":["M","M","?","?","?","R","M","E","T","E","M"],"character_chosen":"DEFECT","items_purchased":[],"campfire_rested":0,"item_purchase_floors":[],"current_hp_per_floor":[64,64,53,58,58,58,58,9,19,10,0],"gold":552,"neow_bonus":"THREE_ENEMY_KILL","is_prod":false,"is_daily":false,"chose_seed":false,"campfire_upgraded":1,"win_rate":0,"timestamp":1558140608,"path_taken":["M","?","?","?","?","R","?","E","T","E","M"],"build_version":"2019-01-23","purchased_purges":0,"victory":false,"max_hp_per_floor":[71,71,71,76,76,76,76,76,86,86,86],"card_choices":[{"not_picked":["Hologram","Stack"],"picked":"Compile Driver","floor":1},{"not_picked":["Steam Power","Rip and Tear"],"picked":"Compile Driver","floor":2},{"not_picked":["Loop","Barrage"],"picked":"Coolheaded","floor":7},{"not_picked":["Cold Snap","Doom and Gloom"],"picked":"Glacier","floor":8},{"not_picked":["Force Field","Recycle"],"picked":"Coolheaded","floor":10}],"player_experience":510802,"relics_obtained":[{"floor":8,"key":"Anchor"},{"floor":9,"key":"Pear"},{"floor":10,"key":"Pen Nib"}],"event_choices":[{"damage_healed":0,"gold_gain":75,"player_choice":"Gather Gold","damage_taken":11,"max_hp_gain":0,"max_hp_loss":0,"event_name":"World of Goop","floor":3,"gold_loss":0},{"damage_healed":0,"gold_gain":0,"player_choice":"Donut","damage_taken":0,"max_hp_gain":5,"max_hp_loss":0,"event_name":"Big Fish","floor":4,"gold_loss":0},{"damage_healed":0,"gold_gain":275,"player_choice":"Desecrate","damage_taken":0,"max_hp_gain":0,"max_hp_loss":0,"event_name":"Golden Shrine","floor":5,"gold_loss":0,"cards_obtained":["Regret"]}],"is_beta":false,"boss_relics":[],"items_purged_floors":[],"is_endless":false,"potions_floor_spawned":[8],"killed_by":"Large Slime","ascension_level":17}