{"gold_per_floor":[116,116,134,134,153,153,168,201,225,237,268,279,279],"floor_reached":13,"playtime":390,"items_purged":[],"score":232,"play_id":"6b5612dc-a404-462c-bc42-2abc8a846438","local_time":"20190529210840","is_ascension_mode":true,"campfire_choices":[{"floor":6,"key":"REST"}],"neow_cost":"NONE","seed_source_timestamp":1255197962782814,"circlet_count":0,"master_deck":["AscendersBane","Strike_B","Strike_B+1","Strike_B","Strike_B","Defend_B","Defend_B","Defend_B","Defend_B+1","Zap","Dualcast","Coolheaded","Capacitor","Melter","Melter","Barrage","Hello World","Cold Snap","Buffer"],"relics":["Cracked Core","Bronze Scales","Ancient Tea Set","Strawberry","Blood Vial"],"potions_floor_usage":[10,11],"damage_taken":[{"damage":10,"enemies":"2 Louse","floor":1,"turns":3},{"damage":1,"enemies":"Cultist","floor":3,"turns":4},{"damage":2,"enemies":"Small Slimes","floor":5,"turns":3},{"damage":3,"enemies":"2 Fungi Beasts","floor":7,"turns":3},{"damage":39,"enemies":"Gremlin Nob","floor":8,"turns":4},{"damage":13,"enemies":"Large Slime","floor":10,"turns":4},{"damage":0,"enemies":"Lagavulin","floor":11,"turns":7},{"damage":0,"enemies":"Exordium Wildlife","floor":12,"turns":2},{"damage":14,"enemies":"Exordium Thugs","floor":13,"turns":1}],"seed_played":"8220499437679558429","potions_obtained":[{"floor":3,"key":"FairyPotion"},{"floor":7,"key":"Dexterity Potion"},{"floor":8,"key":"PowerPotion"}],"is_trial":false,"path_per_floor":["M","?","M","?","M","R","M","E","T","M","E","M","M"],"character_chosen":"DEFECT","items_purchased":[],"campfire_rested":1,"item_purchase_floors":[],"current_hp_per_floor":[54,54,53,32,30,51,48,9,16,3,3,5,0],"gold":279,"neow_bonus":"RANDOM_COMMON_RELIC","is_prod":false,"is_daily":false,"chose_seed":false,"campfire_upgraded":0,"win_rate":0,"timestamp":1559189320,"path_taken":["M","?","M","?","M","R","M","E","T","M","E","M","M"],"build_version":"2019-01-23","purchased_purges":0,"victory":false,"max_hp_per_floor":[71,71,71,71,71,71,71,71,78,78,78,78,78],"card_choices":[{"not_picked":["Barrage","Conserve Battery"],"picked":"Coolheaded","floor":1},{"not_picked":["Loop","Beam Cell"],"picked":"Capacitor","floor":3},{"not_picked":["Leap","Force Field"],"picked":"Melter","floor":5},{"not_picked":["Steam","Heatsinks"],"picked":"Melter","floor":7},{"not_picked":["Redo","Darkness"],"picked":"Barrage","floor":8},{"not_picked":["Turbo","Static Discharge"],"picked":"Hello World","floor":10},{"not_picked":["Hello World","Redo"],"picked":"Cold Snap","floor":11},{"not_picked":["Ball Lightning","Rip and Tear"],"picked":"Buffer","floor":12}],"player_experience":551290,"relics_obtained":[{"floor":8,"key":"Ancient Tea Set"},{"floor":9,"key":"Strawberry"},{"floor":11,"key":"Blood Vial"}],"event_choices":[{"damage_healed":0,"gold_gain":0,"player_choice":"Ignored","damage_taken":0,"max_hp_gain":0,"max_hp_loss":0,"event_name":"Golden Wing","floor":2,"gold_loss":0},{"damage_healed":0,"gold_gain":0,"player_choice":"Entered Light","damage_taken":21,"max_hp_gain":0,"max_hp_loss":0,"event_name":"Shining Light","floor":4,"gold_loss":0,"cards_upgraded":["Defend_B","Strike_B"]}],"is_beta":false,"boss_relics":[],"items_purged_floors":[],"is_endless":false,"potions_floor_spawned":[3,7,8],"killed_by":"Exordium Thugs","ascension_level":18}