{"gold_per_floor":[114,129,146,146,164,192,192,192],"floor_reached":8,"playtime":287,"items_purged":[],"score":116,"play_id":"0fa79666-2ea6-400f-95fc-236dd59ce174","local_time":"20190809142503","is_ascension_mode":true,"campfire_choices":[],"neow_cost":"NONE","seed_source_timestamp":654122331764600,"circlet_count":0,"master_deck":["AscendersBane","Strike_B","Strike_B","Strike_B","Strike_B","Defend_B","Defend_B","Defend_B","Defend_B","Zap","Dualcast","Loop","Conserve Battery","Pain","Coolheaded","Injury"],"relics":["Busted Crown","WarpedTongs","PreservedInsect","Golden Idol"],"potions_floor_usage":[5,5],"damage_taken":[{"damage":19,"enemies":"Jaw Worm","floor":1,"turns":4},{"damage":0,"enemies":"Cultist","floor":2,"turns":3},{"damage":6,"enemies":"2 Louse","floor":3,"turns":3},{"damage":8,"enemies":"Exordium Wildlife","floor":5,"turns":6},{"damage":29,"enemies":"3 Sentries","floor":6,"turns":8},{"damage":19,"enemies":"2 Fungi Beasts","floor":8,"turns":2}],"seed_played":"406031030030919606","potions_obtained":[{"floor":1,"key":"Fire Potion"},{"floor":3,"key":"Regen Potion"}],"is_trial":false,"path_per_floor":["M","M","M","?","M","E","?","M"],"character_chosen":"DEFECT","items_purchased":[],"campfire_rested":0,"item_purchase_floors":[],"current_hp_per_floor":[45,45,39,39,45,16,16,0],"gold":192,"neow_bonus":"BOSS_RELIC","is_prod":false,"is_daily":false,"chose_seed":false,"campfire_upgraded":0,"win_rate":0,"timestamp":1565385903,"path_taken":["M","M","M","?","?","E","?","M"],"build_version":"2019-07-17","purchased_purges":0,"victory":false,"max_hp_per_floor":[71,71,71,71,71,71,71,71],"card_choices":[{"not_picked":[],"picked":"Loop","floor":1},{"not_picked":[],"picked":"Conserve Battery","floor":2},{"not_picked":["Turbo"],"picked":"SKIP","floor":3},{"not_picked":["Stack"],"picked":"SKIP","floor":5},{"not_picked":[],"picked":"Coolheaded","floor":6}],"player_experience":721562,"relics_obtained":[{"floor":6,"key":"PreservedInsect"}],"event_choices":[{"damage_healed":0,"gold_gain":0,"player_choice":"Rummage","damage_taken":0,"relics_obtained":["WarpedTongs"],"max_hp_gain":0,"max_hp_loss":0,"event_name":"Accursed Blacksmith","floor":4,"gold_loss":0,"cards_obtained":["Pain"]},{"damage_healed":0,"gold_gain":0,"player_choice":"Take Wound","damage_taken":0,"relics_obtained":["Golden Idol"],"max_hp_gain":0,"max_hp_loss":0,"event_name":"Golden Idol","floor":7,"gold_loss":0,"cards_obtained":["Injury"]}],"is_beta":false,"boss_relics":[],"items_purged_floors":[],"is_endless":false,"potions_floor_spawned":[1,3],"killed_by":"2 Fungi Beasts","ascension_level":20}