{"gold_per_floor":[114,132,143,143,161,161,171,171,171,171,199,199,223,247,247,247],"floor_reached":16,"playtime":593,"items_purged":[],"score":188,"play_id":"59c0e7b0-c2bb-4ae2-af91-81ff43706a07","local_time":"20190829163700","is_ascension_mode":true,"campfire_choices":[{"data":"Redo","floor":6,"key":"SMITH"},{"data":"Zap","floor":8,"key":"SMITH"},{"data":"Hologram","floor":10,"key":"SMITH"},{"data":"Loop","floor":15,"key":"SMITH"}],"neow_cost":"NONE","seed_source_timestamp":1318766289025300,"circlet_count":0,"master_deck":["AscendersBane","Strike_B","Strike_B","Strike_B","Defend_B","Defend_B","Defend_B","Defend_B","Zap+1","Dualcast","Redo+1","Hologram+1","Reinforced Body","Conserve Battery","Hologram","Ball Lightning","Injury","Loop+1"],"relics":["Cracked Core","Art of War","Meat on the Bone","Odd Mushroom","Golden Idol"],"potions_floor_usage":[7],"damage_taken":[{"damage":0,"enemies":"Cultist","floor":1,"turns":3},{"damage":6,"enemies":"Small Slimes","floor":2,"turns":3},{"damage":9,"enemies":"Jaw Worm","floor":3,"turns":6},{"damage":2,"enemies":"2 Fungi Beasts","floor":5,"turns":7},{"damage":0,"enemies":"Lots of Slimes","floor":7,"turns":4},{"damage":14,"enemies":"The Mushroom Lair","floor":11,"turns":6},{"damage":8,"enemies":"Blue Slaver","floor":13,"turns":4},{"damage":28,"enemies":"Gremlin Gang","floor":14,"turns":4},{"damage":35,"enemies":"Slime Boss","floor":16,"turns":8}],"seed_played":"-801889783485504196","potions_obtained":[{"floor":2,"key":"Fire Potion"},{"floor":11,"key":"Dexterity Potion"}],"is_trial":false,"path_per_floor":["M","M","M","?","M","R","M","R","T","R","?","?","M","M","R","B"],"character_chosen":"DEFECT","items_purchased":[],"campfire_rested":0,"item_purchase_floors":[],"current_hp_per_floor":[64,58,49,42,40,40,40,40,40,40,38,38,42,26,26,0],"gold":247,"neow_bonus":"RANDOM_COMMON_RELIC","is_prod":false,"is_daily":false,"chose_seed":false,"campfire_upgraded":4,"win_rate":0,"timestamp":1567121820,"path_taken":["M","M","M","?","M","R","M","R","T","R","?","?","M","M","R","BOSS"],"build_version":"2019-07-17","purchased_purges":0,"victory":false,"max_hp_per_floor":[71,71,71,71,71,71,71,71,71,71,71,71,71,71,71,71],"card_choices":[{"not_picked":["Barrage","Stack"],"picked":"Redo","floor":1},{"not_picked":["Aggregate","Gash"],"picked":"Hologram","floor":2},{"not_picked":["Steam","Darkness"],"picked":"Reinforced Body","floor":3},{"not_picked":["Blizzard","FTL"],"picked":"Conserve Battery","floor":5},{"not_picked":["Go for the Eyes","Conserve Battery"],"picked":"Hologram","floor":7},{"not_picked":["Rebound","Barrage"],"picked":"Ball Lightning","floor":11},{"not_picked":["Thunder Strike","Ball Lightning"],"picked":"Loop","floor":13},{"not_picked":["Double Energy","Skim","Consume"],"picked":"SKIP","floor":14}],"player_experience":759053,"relics_obtained":[{"floor":9,"key":"Meat on the Bone"},{"floor":11,"key":"Odd Mushroom"}],"event_choices":[{"cards_removed":["Strike_B"],"damage_healed":0,"gold_gain":0,"player_choice":"Card Removal","damage_taken":7,"max_hp_gain":0,"max_hp_loss":0,"event_name":"Golden Wing","floor":4,"gold_loss":0},{"damage_healed":0,"gold_gain":0,"player_choice":"Fought Mushrooms","damage_taken":0,"max_hp_gain":0,"max_hp_loss":0,"event_name":"Mushrooms","floor":11,"gold_loss":0},{"damage_healed":0,"gold_gain":0,"player_choice":"Take Wound","damage_taken":0,"relics_obtained":["Golden Idol"],"max_hp_gain":0,"max_hp_loss":0,"event_name":"Golden Idol","floor":12,"gold_loss":0,"cards_obtained":["Injury"]}],"is_beta":false,"boss_relics":[],"items_purged_floors":[],"is_endless":false,"potions_floor_spawned":[2,11],"killed_by":"Slime Boss","ascension_level":20}