{"gold_per_floor":[114,114,20,20,37,72,87,100,100,65,76,92,92,112,112,190,190,204,204,129,145,7,7,7],"floor_reached":24,"playtime":716,"items_purged":["Decay"],"score":446,"play_id":"60e77958-78eb-4d24-97ab-1d0d09d2fb12","local_time":"20190730231111","is_ascension_mode":true,"campfire_choices":[{"floor":15,"key":"REST"},{"floor":23,"key":"REST"}],"neow_cost":"NONE","seed_source_timestamp":1686867861438310,"circlet_count":0,"master_deck":["AscendersBane","Strike_B","Strike_B","Strike_B","Strike_B","Defend_B","Defend_B","Defend_B","Defend_B","Zap","Dualcast","Coolheaded","Loop","Conserve Battery","Beam Cell","Coolheaded","Ball Lightning","Hologram","Echo Form","Ball Lightning","Gash","Hello World","Rainbow","Go for the Eyes","Glacier","Gash","Go for the Eyes","Coolheaded","Glacier"],"relics":["Cracked Core","NeowsBlessing","Dream Catcher","Ginger","Sozu"],"potions_floor_usage":[14],"damage_taken":[{"damage":0,"enemies":"2 Louse","floor":1,"turns":1},{"damage":0,"enemies":"Jaw Worm","floor":5,"turns":1},{"damage":0,"enemies":"3 Sentries","floor":6,"turns":2},{"damage":0,"enemies":"Cultist","floor":7,"turns":3},{"damage":4,"enemies":"Exordium Wildlife","floor":8,"turns":3},{"damage":11,"enemies":"Blue Slaver","floor":11,"turns":4},{"damage":14,"enemies":"Looter","floor":12,"turns":4},{"damage":2,"enemies":"Red Slaver","floor":14,"turns":4},{"damage":28,"enemies":"Hexaghost","floor":16,"turns":12},{"damage":23,"enemies":"Shell Parasite","floor":18,"turns":6},{"damage":7,"enemies":"Spheric Guardian","floor":21,"turns":4},{"damage":54,"enemies":"Gremlin Leader","floor":24,"turns":3}],"seed_played":"6471782437124452879","potions_obtained":[{"floor":1,"key":"Block Potion"},{"floor":6,"key":"SpeedPotion"},{"floor":8,"key":"Poison Potion"}],"is_trial":false,"path_per_floor":["M","?","$","?","M","E","M","M","T","?","M","M","?","M","R","B",null,"M","?","$","M","$","R","E"],"character_chosen":"DEFECT","items_purchased":["Loop","Conserve Battery","Gash","Go for the Eyes","Coolheaded"],"campfire_rested":2,"item_purchase_floors":[3,3,22,22,22],"current_hp_per_floor":[64,19,19,19,19,19,19,15,15,32,21,7,12,10,32,4,58,35,35,35,28,28,50,0],"gold":7,"neow_bonus":"THREE_ENEMY_KILL","is_prod":false,"is_daily":false,"chose_seed":false,"campfire_upgraded":0,"win_rate":0,"timestamp":1564553471,"path_taken":["M","?","$","?","M","E","M","?","T","?","M","M","?","M","R","BOSS","M","?","$","?","?","R","E"],"build_version":"2019-07-17","purchased_purges":1,"victory":false,"max_hp_per_floor":[71,71,71,71,71,71,71,71,71,71,71,71,76,76,76,76,76,76,76,76,76,76,76,76],"card_choices":[{"not_picked":["FTL","Redo"],"picked":"Coolheaded","floor":1},{"not_picked":["Reinforced Body","Redo"],"picked":"Beam Cell","floor":5},{"not_picked":["Hello World","Steam Power"],"picked":"Coolheaded","floor":6},{"not_picked":["Melter","Aggregate"],"picked":"Ball Lightning","floor":7},{"not_picked":["BootSequence","Lockon"],"picked":"Hologram","floor":8},{"not_picked":["Cold Snap","Hologram"],"picked":"Echo Form","floor":11},{"not_picked":["Redo","Barrage"],"picked":"Ball Lightning","floor":12},{"not_picked":["Cold Snap","Ball Lightning"],"picked":"Gash","floor":14},{"not_picked":["Aggregate","Darkness"],"picked":"Hello World","floor":15},{"not_picked":["Thunder Strike","Multi-Cast"],"picked":"Rainbow","floor":16},{"not_picked":["Stack","Streamline"],"picked":"Go for the Eyes","floor":18},{"not_picked":["Leap+1","Consume"],"picked":"Glacier","floor":21},{"not_picked":["Chill","Beam Cell"],"picked":"Glacier","floor":23}],"player_experience":704603,"relics_obtained":[{"floor":6,"key":"Ginger"}],"event_choices":[{"damage_healed":0,"gold_gain":0,"player_choice":"Success","damage_taken":45,"relics_obtained":["Dream Catcher"],"max_hp_gain":0,"max_hp_loss":0,"event_name":"Scrap Ooze","floor":2,"gold_loss":0},{"damage_healed":0,"gold_gain":0,"player_choice":"Cursed","damage_taken":0,"max_hp_gain":0,"max_hp_loss":0,"event_name":"Wheel of Change","floor":4,"gold_loss":0,"cards_obtained":["Decay"]},{"damage_healed":17,"gold_gain":0,"player_choice":"Healed","damage_taken":0,"max_hp_gain":0,"max_hp_loss":0,"event_name":"The Cleric","floor":10,"gold_loss":35},{"damage_healed":0,"gold_gain":0,"player_choice":"Donut","damage_taken":0,"max_hp_gain":5,"max_hp_loss":0,"event_name":"Big Fish","floor":13,"gold_loss":0},{"damage_healed":0,"gold_gain":0,"player_choice":"Got Potions","damage_taken":0,"max_hp_gain":0,"max_hp_loss":0,"event_name":"Lab","floor":19,"gold_loss":0}],"is_beta":false,"boss_relics":[{"not_picked":["Empty Cage","Velvet Choker"],"picked":"Sozu"}],"items_purged_floors":[20],"is_endless":false,"potions_floor_spawned":[1,6,8,12],"killed_by":"Gremlin Leader","ascension_level":20}