{"gold_per_floor":[117,132,143,161,172,172,189,189,189,189,206,101,433,24,24,95,95,105,155,205,218,314,347,347,179,179,199,216,50,77,52,52,129,129,143,193,243,86,136,136],"floor_reached":40,"playtime":1578,"items_purged":["Clumsy"],"score":948,"play_id":"eda31b17-decd-42b6-88ac-b42013812758","local_time":"20191012161823","is_ascension_mode":true,"campfire_choices":[{"data":"Sunder","floor":6,"key":"SMITH"},{"data":"Auto Shields","floor":8,"key":"SMITH"},{"floor":15,"key":"REST"},{"data":"Defragment","floor":24,"key":"SMITH"},{"data":"Coolheaded","floor":32,"key":"SMITH"}],"neow_cost":"CURSE","seed_source_timestamp":139781276378200,"circlet_count":0,"master_deck":["AscendersBane","Strike_B","Strike_B","Strike_B","Strike_B","Defend_B","Defend_B","Defend_B+1","Defend_B","Dualcast","Auto Shields+1","Sunder+1","Gash","Sweeping Beam","Conserve Battery","Ball Lightning","Undo","Self Repair","Doom and Gloom","Electrodynamics","Defragment+1","Ghostly+1","Ghostly","Ghostly","Conserve Battery","Loop","Glacier","Capacitor","Reinforced Body","Coolheaded+1","Genetic Algorithm","Biased Cognition","Defragment","Madness","Madness"],"relics":["Cracked Core","Mango","Bag of Marbles","SsserpentHead","Old Coin","DataDisk","Art of War","Black Star","War Paint","Vajra","Shuriken","Bronze Scales","Lee\u0027s Waffle","Gremlin Horn","Torii","Runic Pyramid","Juzu Bracelet"],"potions_floor_usage":[13,13,23,33,40],"damage_taken":[{"damage":16,"enemies":"Small Slimes","floor":1,"turns":3},{"damage":1,"enemies":"Cultist","floor":2,"turns":4},{"damage":2,"enemies":"Jaw Worm","floor":3,"turns":3},{"damage":16,"enemies":"Blue Slaver","floor":4,"turns":4},{"damage":2,"enemies":"2 Fungi Beasts","floor":5,"turns":3},{"damage":0,"enemies":"3 Louse","floor":7,"turns":3},{"damage":0,"enemies":"Exordium Thugs","floor":11,"turns":3},{"damage":29,"enemies":"Gremlin Nob","floor":13,"turns":4},{"damage":36,"enemies":"Slime Boss","floor":16,"turns":10},{"damage":14,"enemies":"Shell Parasite","floor":18,"turns":6},{"damage":5,"enemies":"Spheric Guardian","floor":21,"turns":5},{"damage":7,"enemies":"Book of Stabbing","floor":23,"turns":7},{"damage":28,"enemies":"Shelled Parasite and Fungi","floor":27,"turns":6},{"damage":9,"enemies":"3 Cultists","floor":28,"turns":5},{"damage":10,"enemies":"Gremlin Leader","floor":30,"turns":5},{"damage":30,"enemies":"Champ","floor":33,"turns":16},{"damage":7,"enemies":"3 Shapes","floor":35,"turns":5},{"damage":35,"enemies":"Reptomancer","floor":40,"turns":3}],"seed_played":"-1364943913262745918","potions_obtained":[{"floor":2,"key":"Poison Potion"},{"floor":5,"key":"Poison Potion"},{"floor":16,"key":"Weak Potion"},{"floor":18,"key":"Ancient Potion"},{"floor":27,"key":"Ancient Potion"},{"floor":30,"key":"Dexterity Potion"},{"floor":35,"key":"Block Potion"}],"is_trial":false,"path_per_floor":["M","M","M","M","M","R","M","R","T","?","M","$","E","$","R","B",null,"M","$","?","M","T","E","R","$","T","M","M","$","E","?","R","B",null,"M","?","T","$","?","E"],"character_chosen":"DEFECT","items_purchased":["Self Repair","DataDisk","Art of War","Doom and Gloom","Glacier","Capacitor","Lee\u0027s Waffle","Juzu Bracelet"],"campfire_rested":1,"item_purchase_floors":[12,14,14,14,25,25,29,38],"current_hp_per_floor":[62,61,59,43,41,41,41,41,41,41,41,41,19,19,44,15,68,61,61,42,42,42,42,42,42,42,21,12,49,46,46,46,23,43,43,34,34,34,34,0],"gold":136,"neow_bonus":"ONE_RARE_RELIC","is_prod":false,"is_daily":false,"chose_seed":false,"campfire_upgraded":4,"win_rate":0,"timestamp":1570922303,"path_taken":["M","M","M","M","M","R","M","R","T","?","M","?","E","$","R","BOSS","M","?","?","M","?","E","R","$","T","M","M","?","E","?","R","BOSS","M","?","?","$","?","E"],"build_version":"2019-07-17","purchased_purges":1,"victory":false,"max_hp_per_floor":[85,85,85,85,85,85,85,85,85,85,85,85,85,85,85,85,85,85,85,42,42,42,42,42,42,42,42,42,49,49,49,49,49,49,49,49,49,49,49,49],"card_choices":[{"not_picked":["Aggregate","Steam"],"picked":"Auto Shields","floor":1},{"not_picked":["Gash","Rebound"],"picked":"Sunder","floor":2},{"not_picked":["White Noise","Stack"],"picked":"Gash","floor":3},{"not_picked":["Reinforced Body","Darkness"],"picked":"Sweeping Beam","floor":4},{"not_picked":["Hologram","Coolheaded"],"picked":"Conserve Battery","floor":5},{"not_picked":["Stack","Rebound"],"picked":"Ball Lightning","floor":7},{"not_picked":["Tempest","Reprogram"],"picked":"Undo","floor":11},{"not_picked":["Chill","Reprogram","Heatsinks"],"picked":"SKIP","floor":13},{"not_picked":["Core Surge","Hyperbeam"],"picked":"Electrodynamics","floor":16},{"not_picked":["Hello World","Ball Lightning"],"picked":"Defragment","floor":18},{"not_picked":["Storm","BootSequence"],"picked":"Conserve Battery","floor":21},{"not_picked":["Reinforced Body","Amplify"],"picked":"Loop","floor":23},{"not_picked":["Compile Driver","Go for the Eyes"],"picked":"Reinforced Body","floor":27},{"not_picked":["Sunder","Redo"],"picked":"Coolheaded","floor":28},{"not_picked":["Steam+1","Tempest"],"picked":"Genetic Algorithm","floor":30},{"not_picked":["Electrodynamics","Meteor Strike"],"picked":"Biased Cognition","floor":33},{"not_picked":["Rebound","Skim"],"picked":"Defragment","floor":35}],"player_experience":848143,"relics_obtained":[{"floor":9,"key":"Bag of Marbles"},{"floor":13,"key":"Old Coin"},{"floor":22,"key":"War Paint"},{"floor":23,"key":"Vajra"},{"floor":23,"key":"Shuriken"},{"floor":26,"key":"Bronze Scales"},{"floor":30,"key":"Gremlin Horn"},{"floor":30,"key":"Torii"}],"event_choices":[{"damage_healed":0,"gold_gain":0,"player_choice":"Trade","damage_taken":0,"relics_obtained":["SsserpentHead"],"max_hp_gain":0,"max_hp_loss":0,"event_name":"FaceTrader","floor":10,"gold_loss":0},{"damage_healed":0,"gold_gain":0,"player_choice":"Became a Ghost","damage_taken":0,"max_hp_gain":0,"max_hp_loss":43,"event_name":"Ghosts","floor":20,"gold_loss":0,"cards_obtained":["Ghostly","Ghostly","Ghostly"]},{"cards_removed":["Zap"],"damage_healed":0,"gold_gain":0,"player_choice":"Gave Gold","damage_taken":0,"max_hp_gain":0,"max_hp_loss":0,"event_name":"Beggar","floor":31,"gold_loss":75},{"damage_healed":0,"gold_gain":0,"player_choice":"Embrace Madness","damage_taken":9,"max_hp_gain":0,"max_hp_loss":0,"event_name":"Winding Halls","floor":36,"gold_loss":0,"cards_obtained":["Madness","Madness"]},{"damage_healed":0,"gold_gain":0,"player_choice":"0 cards matched","damage_taken":0,"max_hp_gain":0,"max_hp_loss":0,"event_name":"Match and Keep!","floor":39,"gold_loss":0,"cards_obtained":[]}],"is_beta":false,"boss_relics":[{"not_picked":["Busted Crown","White Beast Statue"],"picked":"Black Star"},{"not_picked":["Lizard Tail","Velvet Choker"],"picked":"Runic Pyramid"}],"items_purged_floors":[12],"is_endless":false,"potions_floor_spawned":[2,5,11,16,18,27,30,35],"killed_by":"Reptomancer","ascension_level":20}