{"gold_per_floor":[119,137,212,75,89,114,114,139,139,139,99],"floor_reached":11,"playtime":365,"items_purged":[],"score":162,"play_id":"98666c6a-e8f2-40d8-8487-8e3d9a0f9674","local_time":"20190712162120","is_ascension_mode":true,"campfire_choices":[{"data":"Loop","floor":7,"key":"SMITH"},{"floor":10,"key":"REST"}],"neow_cost":"NONE","seed_source_timestamp":107427286572078,"circlet_count":0,"master_deck":["AscendersBane","Strike_B","Strike_B","Strike_B+1","Strike_B","Defend_B","Defend_B","Defend_B","Defend_B","Zap","Dualcast","Echo Form","Go for the Eyes+1","Static Discharge","Loop+1","Turbo","Coolheaded","Electrodynamics"],"relics":["Cracked Core","Whetstone","Ornamental Fan","Omamori"],"potions_floor_usage":[8],"damage_taken":[{"damage":0,"enemies":"Small Slimes","floor":1,"turns":3},{"damage":0,"enemies":"Jaw Worm","floor":2,"turns":5},{"damage":8,"enemies":"Cultist","floor":5,"turns":4},{"damage":19,"enemies":"Lagavulin","floor":6,"turns":8},{"damage":22,"enemies":"3 Sentries","floor":8,"turns":6},{"damage":27,"enemies":"Exordium Thugs","floor":11,"turns":2}],"seed_played":"-6764359257276166197","potions_obtained":[{"floor":1,"key":"GamblersBrew"},{"floor":5,"key":"Dexterity Potion"}],"is_trial":false,"path_per_floor":["M","M","?","$","M","E","R","E","T","R","M"],"character_chosen":"DEFECT","items_purchased":["PowerPotion","Loop"],"campfire_rested":1,"item_purchase_floors":[4,4],"current_hp_per_floor":[64,64,53,53,45,26,26,4,4,25,0],"gold":99,"neow_bonus":"ONE_RANDOM_RARE_CARD","is_prod":false,"is_daily":false,"chose_seed":false,"campfire_upgraded":1,"win_rate":0,"timestamp":1562973680,"path_taken":["M","M","?","$","M","E","R","E","T","R","M"],"build_version":"2019-07-05","purchased_purges":0,"victory":false,"max_hp_per_floor":[71,71,71,71,71,71,71,71,71,71,71],"card_choices":[{"not_picked":["Rip and Tear","Sweeping Beam"],"picked":"Go for the Eyes","floor":1},{"not_picked":["Sweeping Beam","Recycle"],"picked":"Static Discharge","floor":2},{"not_picked":["Doom and Gloom","Hologram"],"picked":"Turbo","floor":5},{"not_picked":["Hologram","Beam Cell"],"picked":"Coolheaded","floor":6},{"not_picked":["Turbo","Amplify"],"picked":"Electrodynamics","floor":8}],"player_experience":657563,"relics_obtained":[{"floor":6,"key":"Whetstone"},{"floor":8,"key":"Ornamental Fan"},{"floor":9,"key":"Omamori"}],"event_choices":[{"damage_healed":0,"gold_gain":75,"player_choice":"Gather Gold","damage_taken":11,"max_hp_gain":0,"max_hp_loss":0,"event_name":"World of Goop","floor":3,"gold_loss":0}],"is_beta":false,"boss_relics":[],"items_purged_floors":[],"is_endless":false,"potions_floor_spawned":[1,5],"killed_by":"Exordium Thugs","ascension_level":20}