{"gold_per_floor":[119,30,30,30,30,58,88,123,173,500,512,167,182,357,357,454,454,464,477,377,393,393,420,420,439,466,492,504,504,535,111,111,210,210,229,245,245,263,278,304,304,337,337,367,384,384,435,435,435,435,435,435,49,78,78],"floor_reached":56,"playtime":3575,"items_purged":["Strike_B","Doubt","Strike_B","Zap"],"score":1785,"play_id":"a9d0672c-5d9a-44d6-b1d4-110be3542444","local_time":"20190411215937","is_ascension_mode":true,"campfire_choices":[{"data":"Biased Cognition","floor":15,"key":"SMITH"},{"floor":24,"key":"REST"},{"floor":29,"key":"REST"},{"floor":32,"key":"REST"},{"data":"Machine Learning","floor":41,"key":"SMITH"},{"data":"Capacitor","floor":46,"key":"SMITH"},{"floor":49,"key":"RECALL"},{"data":"FTL","floor":52,"key":"PURGE"}],"neow_cost":"NONE","seed_source_timestamp":26692549973333,"circlet_count":0,"master_deck":["Dualcast","Sunder","Biased Cognition+1","Cold Snap","Ball Lightning","Capacitor+1","Self Repair","Bullet Time","Uppercut+1","Battle Trance+1","Choke","Impervious","Dash","All For One","Self Repair","Bludgeon","Recycle","Turbo","Undo","Force Field","Undo","Machine Learning+1","Choke+1","Consume+1","Panacea","Hello World","Coolheaded+1"],"relics":["Cracked Core","NeowsBlessing","Dream Catcher","Tiny Chest","Thread and Needle","Centennial Puzzle","Old Coin","PrismaticShard","Snecko Eye","Blue Candle","Smiling Mask","Bottled Lightning","Bag of Marbles","Bronze Scales","Pandora\u0027s Box","Omamori","Anchor","Orichalcum","Peace Pipe","Darkstone Periapt","Lee\u0027s Waffle","Happy Flower"],"potions_floor_usage":[10,16,23,30,33,33,33,33,50,55,55,55],"damage_taken":[{"damage":0,"enemies":"Small Slimes","floor":1,"turns":1},{"damage":0,"enemies":"3 Sentries","floor":6,"turns":1},{"damage":0,"enemies":"Lagavulin","floor":8,"turns":1},{"damage":2,"enemies":"3 Sentries","floor":10,"turns":9},{"damage":0,"enemies":"Cultist","floor":11,"turns":3},{"damage":0,"enemies":"2 Louse","floor":13,"turns":2},{"damage":34,"enemies":"Hexaghost","floor":16,"turns":11},{"damage":30,"enemies":"3 Byrds","floor":18,"turns":5},{"damage":5,"enemies":"Spheric Guardian","floor":19,"turns":3},{"damage":0,"enemies":"Centurion and Healer","floor":21,"turns":3},{"damage":17,"enemies":"Slavers","floor":23,"turns":4},{"damage":9,"enemies":"Snake Plant","floor":25,"turns":3},{"damage":32,"enemies":"Gremlin Leader","floor":27,"turns":5},{"damage":0,"enemies":"Snecko","floor":28,"turns":4},{"damage":29,"enemies":"Slavers","floor":30,"turns":5},{"damage":41,"enemies":"Collector","floor":33,"turns":7},{"damage":0,"enemies":"3 Shapes","floor":35,"turns":4},{"damage":11,"enemies":"3 Darklings","floor":36,"turns":8},{"damage":0,"enemies":"Jaw Worm Horde","floor":38,"turns":2},{"damage":0,"enemies":"Spire Growth","floor":39,"turns":2},{"damage":16,"enemies":"Reptomancer","floor":40,"turns":4},{"damage":3,"enemies":"Nemesis","floor":42,"turns":5},{"damage":0,"enemies":"Giant Head","floor":44,"turns":8},{"damage":0,"enemies":"Sphere and 2 Shapes","floor":45,"turns":3},{"damage":28,"enemies":"2 Orb Walkers","floor":47,"turns":4},{"damage":32,"enemies":"Awakened One","floor":50,"turns":9},{"damage":4,"enemies":"Shield and Spear","floor":54,"turns":5},{"damage":33,"enemies":"The Heart","floor":55,"turns":9}],"seed_played":"4344819156070317720","potions_obtained":[{"floor":6,"key":"AttackPotion"},{"floor":8,"key":"SkillPotion"},{"floor":16,"key":"FairyPotion"},{"floor":19,"key":"Ancient Potion"},{"floor":22,"key":"EntropicBrew"},{"floor":22,"key":"FocusPotion"},{"floor":23,"key":"Weak Potion"},{"floor":33,"key":"Dexterity Potion"},{"floor":35,"key":"Ancient Potion"}],"is_trial":false,"path_per_floor":["M","$","?","$","?","E","?","E","T","E","M","$","M","?","R","B",null,"M","M","$","M","?","E","R","M","T","E","M","R","E","$","R","B",null,"M","M","?","M","M","E","R","E","T","E","M","R","?","T","R","B",null,"R","$","E","B",null],"character_chosen":"DEFECT","items_purchased":["Enlightenment","Self Repair","PrismaticShard","Bronze Scales","All For One","Self Repair","Lee\u0027s Waffle","Hello World","PowerPotion"],"campfire_rested":3,"item_purchase_floors":[2,12,12,31,31,31,53,53,53],"current_hp_per_floor":[68,68,68,68,68,68,61,61,61,59,59,59,59,59,59,32,64,41,43,43,50,50,33,55,46,46,21,28,50,28,28,50,23,62,75,75,75,75,75,73,73,75,75,75,75,75,54,54,54,36,65,65,82,82,63],"gold":78,"neow_bonus":"THREE_ENEMY_KILL","is_prod":false,"is_daily":false,"chose_seed":false,"campfire_upgraded":3,"win_rate":0,"timestamp":1555045177,"path_taken":["M","$","?","?","?","E","?","E","T","E","M","$","M","?","R","BOSS","M","M","$","M","?","E","R","?","T","E","M","R","E","?","R","BOSS","M","M","?","M","M","E","R","E","T","E","M","R","?","?","R","BOSS","R","$","E","BOSS"],"build_version":"2019-01-23","purchased_purges":4,"victory":true,"max_hp_per_floor":[75,75,75,75,75,75,75,75,75,75,75,75,75,75,75,75,75,75,75,75,75,75,75,75,75,75,75,75,75,75,75,75,75,75,75,75,75,75,75,75,75,75,75,75,75,75,75,75,75,75,75,75,82,82,82],"card_choices":[{"not_picked":["Hologram","Barrage"],"picked":"Sunder","floor":1},{"not_picked":["Auto Shields","Chill"],"picked":"Biased Cognition","floor":6},{"not_picked":["Go for the Eyes","Gash"],"picked":"Cold Snap","floor":8},{"not_picked":["Barrage","Reinforced Body"],"picked":"Ball Lightning","floor":10},{"not_picked":["Coolheaded","Barrage"],"picked":"Capacitor","floor":11},{"not_picked":["Anger","Body Slam","BootSequence"],"picked":"SKIP","floor":13},{"not_picked":["Multi-Cast","Chrysalis"],"picked":"Bullet Time","floor":16},{"not_picked":["Blade Dance+1","Rip and Tear+1"],"picked":"Uppercut+1","floor":18},{"not_picked":["Thunderclap","Flex"],"picked":"Battle Trance+1","floor":19},{"not_picked":["Slice","True Grit","Sweeping Beam+1"],"picked":"SKIP","floor":21},{"not_picked":["Anger","Shrug It Off"],"picked":"Choke","floor":23},{"not_picked":["Tactician","Outmaneuver"],"picked":"Impervious","floor":24},{"not_picked":["Pommel Strike","Rebound","Havoc"],"picked":"SKIP","floor":25},{"not_picked":["Carnage","Clothesline","Leap"],"picked":"SKIP","floor":27},{"not_picked":["Cloak And Dagger","Leap","Auto Shields"],"picked":"SKIP","floor":28},{"not_picked":["Sucker Punch","Steam"],"picked":"Dash","floor":30},{"not_picked":["Storm of Steel","Master of Strategy"],"picked":"Bludgeon","floor":33},{"not_picked":["Go for the Eyes+1","Thunderclap","PiercingWail"],"picked":"SKIP","floor":35},{"not_picked":["Redo+1","Bane+1","Prepared+1"],"picked":"SKIP","floor":36},{"not_picked":["Stack","Dual Wield+1"],"picked":"Machine Learning","floor":38},{"not_picked":["Expertise+1","Iron Wave+1","Riddle With Holes+1"],"picked":"SKIP","floor":39},{"not_picked":["Quick Slash","Flying Knee","Impatience"],"picked":"SKIP","floor":40},{"not_picked":["Gash+1","Genetic Algorithm+1","Sever Soul"],"picked":"SKIP","floor":42},{"not_picked":["Deadly Poison","Trip"],"picked":"Choke+1","floor":44},{"not_picked":["Prepared+1","Flying Knee"],"picked":"Consume+1","floor":45},{"not_picked":["Turbo+1","Blood for Blood+1"],"picked":"Panacea","floor":47},{"not_picked":["Enlightenment","Iron Wave+1"],"picked":"Coolheaded+1","floor":54}],"player_experience":214190,"relics_obtained":[{"floor":6,"key":"Dream Catcher"},{"floor":8,"key":"Thread and Needle"},{"floor":9,"key":"Centennial Puzzle"},{"floor":10,"key":"Old Coin"},{"floor":23,"key":"Blue Candle"},{"floor":26,"key":"Smiling Mask"},{"floor":27,"key":"Bottled Lightning"},{"floor":30,"key":"Bag of Marbles"},{"floor":40,"key":"Omamori"},{"floor":42,"key":"Anchor"},{"floor":44,"key":"Orichalcum"},{"floor":47,"key":"Peace Pipe"},{"floor":48,"key":"Darkstone Periapt"},{"floor":54,"key":"Happy Flower"}],"event_choices":[{"damage_healed":0,"gold_gain":0,"player_choice":"Ignored","damage_taken":0,"max_hp_gain":0,"max_hp_loss":0,"event_name":"WeMeetAgain","floor":3,"gold_loss":0},{"damage_healed":0,"gold_gain":0,"player_choice":"Grow","damage_taken":0,"max_hp_gain":0,"max_hp_loss":0,"event_name":"Living Wall","floor":5,"gold_loss":0,"cards_upgraded":["Enlightenment"]},{"damage_healed":0,"gold_gain":0,"player_choice":"Success","damage_taken":7,"relics_obtained":["Tiny Chest"],"max_hp_gain":0,"max_hp_loss":0,"event_name":"Scrap Ooze","floor":7,"gold_loss":0},{"damage_healed":0,"gold_gain":175,"player_choice":"AGREE","damage_taken":0,"max_hp_gain":0,"max_hp_loss":0,"event_name":"Liars Game","floor":14,"gold_loss":0,"cards_obtained":["Doubt"]},{"damage_healed":0,"gold_gain":0,"player_choice":"Got Potions","damage_taken":0,"max_hp_gain":0,"max_hp_loss":0,"event_name":"Lab","floor":22,"gold_loss":0},{"cards_removed":["Enlightenment"],"damage_healed":0,"gold_gain":0,"player_choice":"Removed Skill","damage_taken":0,"max_hp_gain":0,"max_hp_loss":0,"event_name":"Falling","floor":37,"gold_loss":0},{"damage_healed":0,"gold_gain":0,"player_choice":"Fight","damage_taken":0,"max_hp_gain":0,"max_hp_loss":0,"event_name":"Mysterious Sphere","floor":47,"gold_loss":0}],"is_beta":false,"boss_relics":[{"not_picked":["Fusion Hammer","Orrery"],"picked":"Snecko Eye"},{"not_picked":["Tiny House","Lizard Tail"],"picked":"Pandora\u0027s Box"}],"items_purged_floors":[12,20,31,53],"is_endless":false,"potions_floor_spawned":[6,8,16,19,23,25,33,35,36,42,45,54],"ascension_level":8}