{"gold_per_floor":[113,128,203,217,217,217,217,229,253,279,289,320,320,166,166,268,268,284,298,316,330,255,255,282,350,398,398,416,435,48,81,81,182,182,199,215,228,228,242,242,267,267,291,307,358,50,50,69,69,69,69,69,20,50,50],"floor_reached":55,"playtime":2666,"items_purged":["Strike_B"],"score":834,"play_id":"155ab456-aaf9-4c2a-9972-340875d02d4a","local_time":"20190313191358","is_ascension_mode":true,"campfire_choices":[{"data":"Coolheaded","floor":6.0,"key":"SMITH"},{"data":"Gash","floor":13.0,"key":"SMITH"},{"data":"Coolheaded","floor":15.0,"key":"SMITH"},{"floor":23.0,"key":"REST"},{"floor":27.0,"key":"RECALL"},{"floor":32.0,"key":"REST"},{"floor":40.0,"key":"REST"},{"floor":42.0,"key":"REST"},{"floor":47.0,"key":"REST"},{"floor":49.0,"key":"REST"},{"floor":52.0,"key":"REST"}],"neow_cost":"NONE","seed_source_timestamp":0,"circlet_count":0,"master_deck":["Strike_B","Strike_B","Defend_B","Defend_B+1","Defend_B","Defend_B","Zap","Dualcast+1","Reinforced Body","Coolheaded+1","Gash","Gash+1","Rebound","Doom and Gloom","Gash","Coolheaded+1","Echo Form","BootSequence+1","Cold Snap+1","Gash","Gash","Gash","Melter","All For One","Beam Cell","Creative AI","Skim","Coolheaded","Defragment+1","Coolheaded+1","Sweeping Beam+1","Skim+1","Steam Power","All For One","Gash","Gash+1","Stack","Glacier","Redo+1","Echo Form"],"special_seed":0,"relics":["Cracked Core","Oddly Smooth Stone","Orichalcum","Bottled Flame","Fusion Hammer","Centennial Puzzle","Pear","Potion Belt","Medical Kit","Matryoshka","Black Star","Pen Nib","Happy Flower","Bag of Preparation","Dream Catcher","FossilizedHelix","Ice Cream","Lantern"],"potions_floor_usage":[55,55,55],"damage_taken":[{"damage":5.0,"enemies":"Small Slimes","floor":1.0,"turns":3.0},{"damage":6.0,"enemies":"Jaw Worm","floor":2.0,"turns":3.0},{"damage":0.0,"enemies":"2 Louse","floor":4.0,"turns":3.0},{"damage":27.0,"enemies":"Gremlin Gang","floor":8.0,"turns":6.0},{"damage":10.0,"enemies":"Lagavulin","floor":10.0,"turns":7.0},{"damage":0.0,"enemies":"2 Fungi Beasts","floor":11.0,"turns":4.0},{"damage":8.0,"enemies":"Gremlin Nob","floor":12.0,"turns":4.0},{"damage":10.0,"enemies":"The Guardian","floor":16.0,"turns":8.0},{"damage":0.0,"enemies":"Chosen","floor":18.0,"turns":4.0},{"damage":11.0,"enemies":"2 Thieves","floor":19.0,"turns":4.0},{"damage":5.0,"enemies":"Snake Plant","floor":20.0,"turns":6.0},{"damage":1.0,"enemies":"Snecko","floor":21.0,"turns":5.0},{"damage":22.0,"enemies":"Book of Stabbing","floor":24.0,"turns":6.0},{"damage":0.0,"enemies":"Centurion and Healer","floor":28.0,"turns":5.0},{"damage":2.0,"enemies":"Shelled Parasite and Fungi","floor":29.0,"turns":3.0},{"damage":18.0,"enemies":"Slavers","floor":31.0,"turns":3.0},{"damage":19.0,"enemies":"Collector","floor":33.0,"turns":5.0},{"damage":0.0,"enemies":"3 Shapes","floor":35.0,"turns":6.0},{"damage":4.0,"enemies":"Orb Walker","floor":36.0,"turns":3.0},{"damage":9.0,"enemies":"Sphere and 2 Shapes","floor":37.0,"turns":7.0},{"damage":8.0,"enemies":"Maw","floor":39.0,"turns":6.0},{"damage":46.0,"enemies":"Reptomancer","floor":41.0,"turns":4.0},{"damage":0.0,"enemies":"Jaw Worm Horde","floor":44.0,"turns":3.0},{"damage":20.0,"enemies":"2 Orb Walkers","floor":45.0,"turns":5.0},{"damage":0.0,"enemies":"Spire Growth","floor":48.0,"turns":3.0},{"damage":54.0,"enemies":"Awakened One","floor":50.0,"turns":9.0},{"damage":42.0,"enemies":"Shield and Spear","floor":54.0,"turns":5.0},{"damage":49,"enemies":"The Heart","floor":55,"turns":2}],"seed_played":"-6785651624096758548","potions_obtained":[{"floor":1.0,"key":"SkillPotion"},{"floor":2.0,"key":"Regen Potion"},{"floor":8.0,"key":"Fire Potion"},{"floor":11.0,"key":"FocusPotion"},{"floor":19.0,"key":"PowerPotion"},{"floor":24.0,"key":"Poison Potion"},{"floor":31.0,"key":"FairyPotion"},{"floor":33.0,"key":"SteroidPotion"},{"floor":36.0,"key":"SteroidPotion"},{"floor":44.0,"key":"SpeedPotion"},{"floor":45.0,"key":"FearPotion"}],"is_trial":false,"path_per_floor":["M","M","?","M","?","R","?","M","T","E","M","E","R","$","R","B",null,"M","M","M","M","?","R","E","T","T","R","M","M","$","E","R","B",null,"M","M","M","?","M","R","E","R","T","M","?","$","R","M","R","B",null,"R","$","E","B"],"character_chosen":"DEFECT","items_purchased":["Gash","Coolheaded","All For One","Medical Kit","Beam Cell","All For One","Gash","Fruit Juice","PowerPotion"],"campfire_rested":7,"item_purchase_floors":[14,14,30,30,30,46,46,46,53],"current_hp_per_floor":[70,64,53,53,38,38,75,48,48,53,53,45,45,45,45,35,75,75,64,59,58,58,75,53,63,63,63,63,61,61,43,68,49,85,85,81,72,72,64,85,39,64,64,64,44,44,69,69,85,36,90,90,90,48,0],"gold":50,"neow_bonus":"RANDOM_COLORLESS","is_prod":false,"is_daily":false,"chose_seed":false,"campfire_upgraded":3,"win_rate":0,"timestamp":1552529638,"path_taken":["M","M","?","M","?","R","?","?","T","E","M","E","R","$","R","BOSS","M","M","M","M","?","R","E","?","T","R","M","M","?","E","R","BOSS","M","M","M","?","M","R","E","R","T","?","?","$","R","M","R","BOSS","R","$","E","BOSS"],"build_version":"2019-01-23","purchased_purges":1,"victory":false,"max_hp_per_floor":[75,75,75,75,75,75,75,75,75,75,75,75,75,75,75,75,75,75,75,75,75,75,75,75,85,85,85,85,85,85,85,85,85,85,85,85,85,85,85,85,85,85,85,85,85,85,85,85,85,90,90,90,90,90,90],"card_choices":[{"not_picked":["Compile Driver","Lockon","Reprogram"],"picked":"SKIP","floor":1.0},{"not_picked":["Steam","Leap"],"picked":"Reinforced Body","floor":2.0},{"not_picked":["Consume","Hello World"],"picked":"Coolheaded","floor":4.0},{"not_picked":["Skim","Compile Driver"],"picked":"Gash","floor":8.0},{"not_picked":["Steam","Double Energy"],"picked":"Gash","floor":10.0},{"not_picked":["Stack","Undo"],"picked":"Rebound","floor":11.0},{"not_picked":["Multi-Cast","Streamline"],"picked":"Doom and Gloom","floor":12.0},{"not_picked":["Creative AI","Buffer"],"picked":"Echo Form","floor":16.0},{"not_picked":["Streamline","Rebound","Stack"],"picked":"SKIP","floor":18.0},{"not_picked":["Sweeping Beam","Beam Cell"],"picked":"BootSequence+1","floor":19.0},{"not_picked":["Auto Shields+1","Stack"],"picked":"Cold Snap+1","floor":20.0},{"not_picked":["Heatsinks","Amplify"],"picked":"Gash","floor":21.0},{"not_picked":["FTL","Leap+1"],"picked":"Gash","floor":24.0},{"not_picked":["Steam","Go for the Eyes"],"picked":"Gash","floor":28.0},{"not_picked":["Compile Driver","Steam"],"picked":"Melter","floor":29.0},{"not_picked":["Rip and Tear","Sweeping Beam","Rainbow"],"picked":"SKIP","floor":31.0},{"not_picked":["Rainbow","Fission"],"picked":"Creative AI","floor":33.0},{"not_picked":["Ball Lightning","Sweeping Beam"],"picked":"Skim","floor":35.0},{"not_picked":["Ball Lightning+1","Rip and Tear"],"picked":"Coolheaded","floor":36.0},{"not_picked":["Auto Shields+1","Aggregate"],"picked":"Defragment+1","floor":37.0},{"not_picked":["Beam Cell+1","Stack"],"picked":"Coolheaded+1","floor":39.0},{"not_picked":["Barrage","BootSequence+1"],"picked":"Sweeping Beam+1","floor":41.0},{"not_picked":["Chaos","Redo"],"picked":"Skim+1","floor":44.0},{"not_picked":["Darkness+1","Rebound"],"picked":"Steam Power","floor":45.0},{"not_picked":["Fusion+1","Steam Power"],"picked":"Gash+1","floor":47.0},{"not_picked":["Reprogram","Go for the Eyes"],"picked":"Stack","floor":48.0},{"not_picked":["Multi-Cast","Stack+1"],"picked":"Glacier","floor":49.0},{"not_picked":["Loop+1","Static Discharge+1"],"picked":"Redo+1","floor":52.0},{"not_picked":["Sweeping Beam","Turbo"],"picked":"Echo Form","floor":54.0}],"player_experience":20053,"relics_obtained":[{"floor":9.0,"key":"Oddly Smooth Stone"},{"floor":10.0,"key":"Orichalcum"},{"floor":12.0,"key":"Bottled Flame"},{"floor":24.0,"key":"Centennial Puzzle"},{"floor":25.0,"key":"Pear"},{"floor":26.0,"key":"Potion Belt"},{"floor":31.0,"key":"Matryoshka"},{"floor":41.0,"key":"Happy Flower"},{"floor":41.0,"key":"Bag of Preparation"},{"floor":43.0,"key":"Dream Catcher"},{"floor":45.0,"key":"FossilizedHelix"},{"floor":54.0,"key":"Ice Cream"},{"floor":54.0,"key":"Lantern"}],"event_choices":[{"damage_healed":0.0,"max_hp_gain":0.0,"max_hp_loss":0.0,"gold_gain":75.0,"event_name":"World of Goop","player_choice":"Gather Gold","floor":3.0,"gold_loss":0.0,"damage_taken":11.0},{"damage_healed":0.0,"max_hp_gain":0.0,"max_hp_loss":0.0,"gold_gain":0.0,"event_name":"Shining Light","player_choice":"Entered Light","floor":5.0,"gold_loss":0.0,"damage_taken":15.0,"cards_upgraded":["Defend_B","Dualcast"]},{"cards_removed":["Purity"],"damage_healed":37.0,"max_hp_gain":0.0,"max_hp_loss":0.0,"gold_gain":0.0,"event_name":"Bonfire Elementals","player_choice":"Offered Uncommon","floor":7.0,"gold_loss":0.0,"damage_taken":0.0},{"cards_removed":["Strike_B"],"damage_healed":0.0,"max_hp_gain":0.0,"max_hp_loss":0.0,"gold_gain":0.0,"event_name":"Beggar","player_choice":"Gave Gold","floor":22.0,"gold_loss":75.0,"damage_taken":0.0},{"damage_healed":0.0,"max_hp_gain":0.0,"max_hp_loss":0.0,"gold_gain":0.0,"event_name":"WeMeetAgain","player_choice":"Gave Potion","floor":38.0,"gold_loss":0.0,"damage_taken":0.0,"relics_obtained":["Pen Nib"]},{"damage_healed":0.0,"max_hp_gain":0.0,"max_hp_loss":0.0,"gold_gain":0.0,"event_name":"Mysterious Sphere","player_choice":"Fight","floor":45.0,"gold_loss":0.0,"damage_taken":0.0}],"is_beta":false,"boss_relics":[{"not_picked":["Eternal Feather","Nuclear Battery"],"picked":"Fusion Hammer"},{"not_picked":["Sozu","Coffee Dripper"],"picked":"Black Star"}],"items_purged_floors":[14],"is_endless":false,"potions_floor_spawned":[1,2,8,11,19,24,31,33,36,44,45],"killed_by":"The Heart","ascension_level":1}