{"gold_per_floor":[111,124,142,162,162,162,162,162,162,7,7,7,7,39,39,141,141,152,168,1,1,15,49,49,80,80,80,111,111,111,124,124,124],"floor_reached":33,"playtime":1722,"items_purged":["Defend_B","Strike_B"],"score":351,"play_id":"08ad7a09-d061-4258-8d7f-b03a3fb1673f","local_time":"20191023002348","is_ascension_mode":false,"campfire_choices":[{"data":"Zap","floor":6.0,"key":"SMITH"},{"data":"Conserve Battery","floor":8.0,"key":"SMITH"},{"data":"Defragment","floor":12.0,"key":"SMITH"},{"data":"Sweeping Beam","floor":15.0,"key":"SMITH"},{"floor":24.0,"key":"REST"},{"data":"Static Discharge","floor":29,"key":"SMITH"},{"data":"Reinforced Body","floor":32,"key":"SMITH"}],"neow_cost":"NONE","seed_source_timestamp":0,"circlet_count":0,"master_deck":["Strike_B","Strike_B+1","Defend_B","Defend_B","Defend_B+1","Zap+1","Dualcast","Thunder Strike","Reinforced Body+1","Conserve Battery+1","Genetic Algorithm","Defragment+1","Sweeping Beam+1","Multi-Cast","Chill+1","Static Discharge+1","Ball Lightning","Electrodynamics","Chaos+1"],"special_seed":0,"relics":["Cracked Core","Pocketwatch","Dodecahedron","Singing Bowl","Velvet Choker","MutagenicStrength","Bottled Flame","Matryoshka","Orichalcum","Gremlin Horn","The Courier"],"potions_floor_usage":[33,33],"damage_taken":[{"damage":1.0,"enemies":"Cultist","floor":1.0,"turns":3.0},{"damage":1.0,"enemies":"Small Slimes","floor":2.0,"turns":3.0},{"damage":0.0,"enemies":"Jaw Worm","floor":3.0,"turns":4.0},{"damage":8.0,"enemies":"Blue Slaver","floor":4.0,"turns":4.0},{"damage":15.0,"enemies":"Lagavulin","floor":14.0,"turns":6.0},{"damage":0.0,"enemies":"Slime Boss","floor":16.0,"turns":7.0},{"damage":6.0,"enemies":"3 Byrds","floor":18.0,"turns":4.0},{"damage":7.0,"enemies":"Spheric Guardian","floor":19.0,"turns":5.0},{"damage":2.0,"enemies":"Cultist and Chosen","floor":22.0,"turns":6.0},{"damage":34.0,"enemies":"Gremlin Leader","floor":23.0,"turns":7.0},{"damage":5.0,"enemies":"Book of Stabbing","floor":25.0,"turns":6.0},{"damage":2,"enemies":"Gremlin Leader","floor":28,"turns":4},{"damage":11,"enemies":"Snake Plant","floor":31,"turns":2},{"damage":64,"enemies":"Champ","floor":33,"turns":9}],"seed_played":"7648039488763809602","potions_obtained":[{"floor":1.0,"key":"Fire Potion"},{"floor":2.0,"key":"GamblersBrew"},{"floor":13.0,"key":"EssenceOfSteel"},{"floor":14.0,"key":"FocusPotion"},{"floor":19.0,"key":"SteroidPotion"},{"floor":22.0,"key":"PowerPotion"},{"floor":25,"key":"Block Potion"}],"is_trial":false,"path_per_floor":["M","M","M","M","?","R","T","R","T","$","?","R","?","E","R","B",null,"M","M","$","?","M","E","R","E","T","?","E","R","?","M","R","B"],"character_chosen":"DEFECT","items_purchased":["Defragment","Static Discharge"],"campfire_rested":1,"item_purchase_floors":[10,20],"current_hp_per_floor":[74,73,73,65,70,70,70,70,70,70,54,54,54,39,39,39,80,76,69,69,69,67,35,60,57,57,57,55,55,55,46,46,0],"gold":124,"neow_bonus":"ONE_RANDOM_RARE_CARD","is_prod":false,"is_daily":false,"chose_seed":false,"campfire_upgraded":6,"win_rate":0,"timestamp":1571804628,"path_taken":["M","?","M","M","?","R","?","R","T","$","?","R","?","E","R","BOSS","M","M","$","?","M","E","R","E","T","?","E","R","?","M","R","BOSS"],"build_version":"2019-07-17","purchased_purges":2,"victory":false,"max_hp_per_floor":[75,75,75,75,80,80,80,80,80,80,80,80,80,80,80,80,80,82,82,82,82,82,84,84,86,86,86,86,86,86,88,88,88],"card_choices":[{"not_picked":["Go for the Eyes","Gash"],"picked":"Reinforced Body","floor":1.0},{"not_picked":["Leap","Gash"],"picked":"Conserve Battery","floor":2.0},{"not_picked":["Barrage","Sunder"],"picked":"Genetic Algorithm","floor":3.0},{"not_picked":["Hologram","Rebound","Conserve Battery"],"picked":"SKIP","floor":4.0},{"not_picked":["Scrape","Melter"],"picked":"Sweeping Beam","floor":14.0},{"not_picked":["Amplify","Hyperbeam"],"picked":"Multi-Cast","floor":16.0},{"not_picked":["Consume+1","Compile Driver","Beam Cell+1"],"picked":"Singing Bowl","floor":18.0},{"not_picked":["Auto Shields+1","Chaos"],"picked":"Chill+1","floor":19.0},{"not_picked":["Cold Snap","Loop"],"picked":"Ball Lightning","floor":22.0},{"not_picked":["Ball Lightning","Go for the Eyes","Lockon"],"picked":"Singing Bowl","floor":23.0},{"not_picked":["Heatsinks","Sweeping Beam","Stack"],"picked":"Singing Bowl","floor":25},{"not_picked":["FTL","Biased Cognition"],"picked":"Chaos+1","floor":28},{"not_picked":["Go for the Eyes","Streamline+1","Sunder"],"picked":"Singing Bowl","floor":31}],"player_experience":449491,"relics_obtained":[{"floor":7.0,"key":"Pocketwatch"},{"floor":9.0,"key":"Dodecahedron"},{"floor":14.0,"key":"Singing Bowl"},{"floor":23.0,"key":"Bottled Flame"},{"floor":25,"key":"Matryoshka"},{"floor":26,"key":"Orichalcum"},{"floor":26,"key":"Gremlin Horn"},{"floor":28,"key":"The Courier"}],"event_choices":[{"damage_healed":0.0,"max_hp_gain":5.0,"max_hp_loss":0.0,"gold_gain":0.0,"event_name":"Big Fish","player_choice":"Donut","floor":5.0,"gold_loss":0.0,"damage_taken":0.0},{"damage_healed":0.0,"max_hp_gain":0.0,"max_hp_loss":0.0,"gold_gain":0.0,"event_name":"Shining Light","player_choice":"Entered Light","floor":11.0,"gold_loss":0.0,"damage_taken":16.0,"cards_upgraded":["Defend_B","Strike_B"]},{"damage_healed":0.0,"max_hp_gain":0.0,"max_hp_loss":0.0,"gold_gain":0.0,"event_name":"Lab","player_choice":"Got Potions","floor":13.0,"gold_loss":0.0,"damage_taken":0.0},{"damage_healed":0.0,"max_hp_gain":0.0,"max_hp_loss":0.0,"gold_gain":0.0,"event_name":"Drug Dealer","player_choice":"Inject Mutagens","floor":21.0,"gold_loss":0.0,"damage_taken":0.0,"relics_obtained":["MutagenicStrength"]},{"damage_healed":0,"gold_gain":0,"player_choice":"Read","damage_taken":0,"max_hp_gain":0,"max_hp_loss":0,"event_name":"The Library","floor":27,"gold_loss":0,"cards_obtained":["Electrodynamics"]},{"cards_removed":["Strike_B"],"damage_healed":0,"gold_gain":0,"player_choice":"Purged","damage_taken":0,"max_hp_gain":0,"max_hp_loss":0,"event_name":"Purifier","floor":30,"gold_loss":0}],"is_beta":false,"boss_relics":[{"not_picked":["Eternal Feather","Coffee Dripper"],"picked":"Velvet Choker"}],"items_purged_floors":[10,20],"is_endless":false,"potions_floor_spawned":[1,2,14,19,22,25],"killed_by":"Champ","ascension_level":0}