{"gold_per_floor":[131,158,180,178,209,248,260,304,316,134,134,151,151,151,151,151],"floor_reached":16,"playtime":583,"items_purged":["Strike_B"],"score":190,"play_id":"3d0584dc-cf33-48e8-8bd5-32bea0ae1819","local_time":"20190429162247","is_ascension_mode":true,"campfire_choices":[{"floor":13,"key":"REST"},{"data":"Defragment","floor":15,"key":"SMITH"}],"neow_cost":"NONE","seed_source_timestamp":1400829680341854,"circlet_count":0,"master_deck":["AscendersBane","Strike_B","Strike_B","Strike_B","Defend_B","Defend_B","Defend_B","Defend_B","Zap","Dualcast","Rebound","Conserve Battery","Gash","Hologram","Genetic Algorithm","Gash","Defragment+1"],"relics":["Cracked Core","MawBank","DataDisk","Boot","Calipers"],"potions_floor_usage":[8],"damage_taken":[{"damage":0,"enemies":"Cultist","floor":1,"turns":4},{"damage":2,"enemies":"Jaw Worm","floor":2,"turns":3},{"damage":0,"enemies":"Small Slimes","floor":3,"turns":3},{"damage":11,"enemies":"Exordium Thugs","floor":4,"turns":4},{"damage":3,"enemies":"Exordium Wildlife","floor":5,"turns":4},{"damage":23,"enemies":"Lagavulin","floor":6,"turns":7},{"damage":24,"enemies":"Gremlin Nob","floor":8,"turns":4},{"damage":5,"enemies":"2 Fungi Beasts","floor":12,"turns":4},{"damage":82,"enemies":"Hexaghost","floor":16,"turns":9}],"seed_played":"6665055281101939184","potions_obtained":[{"floor":4,"key":"Energy Potion"},{"floor":5,"key":"FairyPotion"},{"floor":8,"key":"SpeedPotion"}],"is_trial":false,"path_per_floor":["M","M","M","M","M","E","?","E","T","$","?","M","R","?","R","B"],"character_chosen":"DEFECT","items_purchased":["Gash","Defragment"],"campfire_rested":1,"item_purchase_floors":[10,10],"current_hp_per_floor":[64,62,62,51,48,25,25,1,1,1,1,7,28,81,81,0],"gold":151,"neow_bonus":"RANDOM_COMMON_RELIC","is_prod":false,"is_daily":false,"chose_seed":false,"campfire_upgraded":1,"win_rate":0,"timestamp":1556580167,"path_taken":["M","M","M","M","M","E","?","E","T","?","?","?","R","?","R","BOSS"],"build_version":"2019-01-23","purchased_purges":1,"victory":false,"max_hp_per_floor":[71,71,71,71,71,71,71,71,71,71,71,71,71,81,81,81],"card_choices":[{"not_picked":["Turbo","Coolheaded"],"picked":"Rebound","floor":1},{"not_picked":["Lockon","Scrape"],"picked":"Conserve Battery","floor":2},{"not_picked":["Rebound","White Noise"],"picked":"Gash","floor":3},{"not_picked":["Stack","Tempest"],"picked":"Hologram","floor":4},{"not_picked":["Turbo","Leap","Steam Power"],"picked":"SKIP","floor":5},{"not_picked":["Sweeping Beam","Double Energy"],"picked":"Genetic Algorithm","floor":6},{"not_picked":["Amplify","Leap"],"picked":"Creative AI","floor":8},{"not_picked":["Melter","Steam Power","Barrage"],"picked":"SKIP","floor":12}],"player_experience":353691,"relics_obtained":[{"floor":6,"key":"DataDisk"},{"floor":8,"key":"Boot"},{"floor":9,"key":"Calipers"}],"event_choices":[{"damage_healed":0,"gold_gain":0,"player_choice":"Bought 0 Potions","damage_taken":0,"max_hp_gain":0,"max_hp_loss":0,"event_name":"The Woman in Blue","floor":7,"gold_loss":0},{"damage_healed":0,"gold_gain":0,"player_choice":"Fled","damage_taken":0,"max_hp_gain":0,"max_hp_loss":0,"event_name":"Scrap Ooze","floor":11,"gold_loss":0},{"cards_removed":["Creative AI"],"damage_healed":43,"gold_gain":0,"player_choice":"Offered Rare","damage_taken":0,"max_hp_gain":10,"max_hp_loss":0,"event_name":"Bonfire Elementals","floor":14,"gold_loss":0}],"is_beta":false,"boss_relics":[],"items_purged_floors":[10],"is_endless":false,"potions_floor_spawned":[4,5,8],"killed_by":"Hexaghost","ascension_level":14}