{"gold_per_floor":[110,122,141,158,83,83,115,115,115,134,164,175,175,80,80,153,153,169,169,179,179,179],"floor_reached":22,"playtime":894,"items_purged":[],"score":492,"play_id":"bf5f944b-7a10-4c7a-9d98-357fcae4ae79","local_time":"20191022205726","is_ascension_mode":true,"campfire_choices":[{"data":"Static Discharge","floor":6,"key":"SMITH"},{"data":"Creative AI","floor":8,"key":"SMITH"},{"data":"Zap","floor":13,"key":"SMITH"},{"data":"Capacitor","floor":15,"key":"SMITH"}],"neow_cost":"NONE","seed_source_timestamp":878691907667800,"circlet_count":0,"master_deck":["AscendersBane","Strike_B","Defend_B","Defend_B","Defend_B","Defend_B","Zap+1","Dualcast","Genetic Algorithm","Static Discharge+1","Ball Lightning","Melter","Creative AI+1","Cold Snap","Glacier","Capacitor+1","Barrage","Core Surge","Leap","Ghostly","Ghostly","Ghostly","Coolheaded","Biased Cognition","Rainbow"],"relics":["Sozu","Juzu Bracelet","Meat on the Bone","Dodecahedron","Inserter"],"potions_floor_usage":[],"damage_taken":[{"damage":1,"enemies":"Cultist","floor":1,"turns":4},{"damage":2,"enemies":"Jaw Worm","floor":2,"turns":3},{"damage":8,"enemies":"Small Slimes","floor":3,"turns":4},{"damage":3,"enemies":"3 Louse","floor":4,"turns":4},{"damage":18,"enemies":"3 Sentries","floor":7,"turns":4},{"damage":13,"enemies":"Exordium Wildlife","floor":10,"turns":4},{"damage":5,"enemies":"Lagavulin","floor":11,"turns":7},{"damage":9,"enemies":"Large Slime","floor":12,"turns":5},{"damage":0,"enemies":"Slime Boss","floor":16,"turns":9},{"damage":50,"enemies":"2 Thieves","floor":18,"turns":5},{"damage":3,"enemies":"Chosen","floor":20,"turns":7},{"damage":28,"enemies":"3 Cultists","floor":22,"turns":4}],"seed_played":"-5196425251374805616","potions_obtained":[],"is_trial":false,"path_per_floor":["M","M","M","M","?","R","E","R","T","M","E","M","R","$","R","B",null,"M","?","M","?","M"],"character_chosen":"DEFECT","items_purchased":["Capacitor","Barrage"],"campfire_rested":0,"item_purchase_floors":[14,14],"current_hp_per_floor":[63,61,53,50,50,50,32,32,32,31,38,41,41,41,41,41,64,26,26,23,23,0],"gold":179,"neow_bonus":"BOSS_RELIC","is_prod":false,"is_daily":false,"chose_seed":false,"campfire_upgraded":4,"win_rate":0,"timestamp":1571803046,"path_taken":["M","?","M","M","?","R","E","R","T","M","E","M","R","?","R","BOSS","M","?","M","?","M"],"build_version":"2019-07-17","purchased_purges":0,"victory":false,"max_hp_per_floor":[71,71,71,71,71,71,71,71,71,71,71,71,71,71,71,71,71,71,35,35,35,35],"card_choices":[{"not_picked":["Cold Snap","Conserve Battery"],"picked":"Genetic Algorithm","floor":1},{"not_picked":["Double Energy","Recycle"],"picked":"Static Discharge","floor":2},{"not_picked":["Scrape","Rebound"],"picked":"Ball Lightning","floor":3},{"not_picked":["Turbo","Auto Shields"],"picked":"Melter","floor":4},{"not_picked":["Compile Driver","Cold Snap"],"picked":"Creative AI","floor":7},{"not_picked":["Barrage","Steam Power","Compile Driver"],"picked":"SKIP","floor":10},{"not_picked":["Gash","Ball Lightning"],"picked":"Cold Snap","floor":11},{"not_picked":["BootSequence","Ball Lightning"],"picked":"Glacier","floor":12},{"not_picked":["Multi-Cast","Fission"],"picked":"Core Surge","floor":16},{"not_picked":["Recycle","Gash"],"picked":"Leap","floor":18},{"not_picked":["Gash","Beam Cell"],"picked":"Coolheaded","floor":20}],"player_experience":887834,"relics_obtained":[{"floor":7,"key":"Juzu Bracelet"},{"floor":9,"key":"Meat on the Bone"},{"floor":11,"key":"Dodecahedron"}],"event_choices":[{"cards_removed":["Strike_B"],"damage_healed":0,"gold_gain":0,"player_choice":"Card Removal","damage_taken":0,"max_hp_gain":0,"max_hp_loss":0,"event_name":"The Cleric","floor":5,"gold_loss":75},{"damage_healed":0,"gold_gain":0,"player_choice":"Became a Ghost","damage_taken":0,"max_hp_gain":0,"max_hp_loss":36,"event_name":"Ghosts","floor":19,"gold_loss":0,"cards_obtained":["Ghostly","Ghostly","Ghostly"]},{"damage_healed":0,"gold_gain":0,"cards_transformed":["Strike_B","Strike_B"],"player_choice":"Became Test Subject","damage_taken":0,"max_hp_gain":0,"max_hp_loss":0,"event_name":"Drug Dealer","floor":21,"gold_loss":0,"cards_obtained":["Biased Cognition","Rainbow"]}],"is_beta":false,"boss_relics":[{"not_picked":["Astrolabe","Nuclear Battery"],"picked":"Inserter"}],"items_purged_floors":[],"is_endless":false,"potions_floor_spawned":[3,7,11,12,20],"killed_by":"3 Cultists","ascension_level":20}