{"gold_per_floor":[111,126,143,162,162,206,206,224,224,263,263,277,277,297,297,393,393,412,412,412,430,430,430,473,473,473,486,511,94,94,94,94,94],"floor_reached":33,"playtime":1104,"items_purged":[],"score":579,"play_id":"0970a31e-35bc-41f6-8538-d36a57b80dd4","local_time":"20191023194246","is_ascension_mode":true,"campfire_choices":[{"data":"Dualcast","floor":7,"key":"SMITH"},{"floor":15,"key":"REST"},{"floor":30,"key":"REST"},{"data":"Coolheaded","floor":32,"key":"SMITH"}],"neow_cost":"NONE","seed_source_timestamp":960399010292400,"circlet_count":0,"master_deck":["AscendersBane","Defend_B","Defend_B","Defend_B","Defend_B","Dualcast+1","Leap","Cold Snap","Ball Lightning","Ball Lightning","Coolheaded+1","Coolheaded","BootSequence","Coolheaded","Hello World","Electrodynamics","Necronomicurse","Bite","Bite","Bite","Bite","Bite","Parasite","Go for the Eyes","Self Repair"],"relics":["Cracked Core","Golden Idol","Pantograph","Pear","Dream Catcher","Ornamental Fan","StoneCalendar","Busted Crown","Necronomicon","DataDisk","Turnip","Gremlin Horn","Prayer Wheel","Darkstone Periapt"],"potions_floor_usage":[10,28],"damage_taken":[{"damage":0,"enemies":"Small Slimes","floor":1,"turns":3},{"damage":0,"enemies":"Jaw Worm","floor":2,"turns":3},{"damage":0,"enemies":"Cultist","floor":3,"turns":3},{"damage":3,"enemies":"Large Slime","floor":4,"turns":5},{"damage":21,"enemies":"Lagavulin","floor":6,"turns":7},{"damage":9,"enemies":"Looter","floor":8,"turns":2},{"damage":4,"enemies":"3 Sentries","floor":10,"turns":8},{"damage":12,"enemies":"Exordium Wildlife","floor":12,"turns":4},{"damage":0,"enemies":"Blue Slaver","floor":14,"turns":4},{"damage":21,"enemies":"Hexaghost","floor":16,"turns":11},{"damage":1,"enemies":"Shell Parasite","floor":18,"turns":7},{"damage":3,"enemies":"Chosen","floor":21,"turns":5},{"damage":35,"enemies":"Slavers","floor":24,"turns":3},{"damage":13,"enemies":"Snecko","floor":27,"turns":4},{"damage":11,"enemies":"Cultist and Chosen","floor":28,"turns":7},{"damage":66,"enemies":"Collector","floor":33,"turns":7}],"seed_played":"-3646790724329236190","potions_obtained":[{"floor":3,"key":"SpeedPotion"},{"floor":6,"key":"EssenceOfSteel"},{"floor":14,"key":"SpeedPotion"},{"floor":16,"key":"Ancient Potion"}],"is_trial":false,"path_per_floor":["M","M","M","M","?","E","R","M","T","E","?","M","T","M","R","B",null,"M","?","?","M","?","?","E","?","T","M","M","$","R","T","R","B"],"character_chosen":"DEFECT","items_purchased":["Self Repair","Prayer Wheel"],"campfire_rested":2,"item_purchase_floors":[29,29],"current_hp_per_floor":[64,64,64,61,37,16,16,7,17,13,13,1,1,1,25,29,68,67,46,46,53,53,53,20,20,20,17,22,22,38,38,38,0],"gold":94,"neow_bonus":"TRANSFORM_CARD","is_prod":false,"is_daily":false,"chose_seed":false,"campfire_upgraded":2,"win_rate":0,"timestamp":1571884966,"path_taken":["M","M","M","M","?","E","R","M","T","E","?","M","?","?","R","BOSS","M","?","?","?","?","?","E","?","T","M","M","$","R","?","R","BOSS"],"build_version":"2019-07-17","purchased_purges":0,"victory":false,"max_hp_per_floor":[71,71,71,71,71,71,71,71,81,81,81,81,81,81,81,81,81,81,81,56,56,56,56,56,56,56,56,56,56,56,56,56,56],"card_choices":[{"not_picked":["Compile Driver","Go for the Eyes"],"picked":"Cold Snap","floor":1},{"not_picked":["Steam","Redo"],"picked":"Ball Lightning","floor":2},{"not_picked":["Beam Cell","Static Discharge"],"picked":"Ball Lightning","floor":3},{"not_picked":["Auto Shields","Reprogram"],"picked":"Coolheaded","floor":4},{"not_picked":["Ball Lightning","Reboot"],"picked":"Coolheaded","floor":6},{"not_picked":["Steam","Beam Cell","Compile Driver"],"picked":"SKIP","floor":8},{"not_picked":["Compile Driver","Streamline"],"picked":"BootSequence","floor":10},{"not_picked":["Turbo","Aggregate"],"picked":"Coolheaded","floor":12},{"not_picked":["Steam","Turbo"],"picked":"Hello World","floor":14},{"not_picked":["Echo Form","Buffer"],"picked":"Electrodynamics","floor":16},{"not_picked":["Compile Driver"],"picked":"SKIP","floor":18},{"not_picked":["Cold Snap"],"picked":"SKIP","floor":21},{"not_picked":["Cold Snap"],"picked":"SKIP","floor":24},{"not_picked":["Hello World"],"picked":"SKIP","floor":27},{"not_picked":["Redo"],"picked":"SKIP","floor":28}],"player_experience":889629,"relics_obtained":[{"floor":6,"key":"Pantograph"},{"floor":9,"key":"Pear"},{"floor":10,"key":"Dream Catcher"},{"floor":13,"key":"StoneCalendar"},{"floor":19,"key":"Necronomicon"},{"floor":24,"key":"Turnip"},{"floor":26,"key":"Gremlin Horn"},{"floor":31,"key":"Darkstone Periapt"}],"event_choices":[{"damage_healed":0,"gold_gain":0,"player_choice":"Take Damage","damage_taken":24,"relics_obtained":["Golden Idol"],"max_hp_gain":0,"max_hp_loss":0,"event_name":"Golden Idol","floor":5,"gold_loss":0},{"damage_healed":0,"gold_gain":0,"player_choice":"Searched \u00271\u0027 times","damage_taken":0,"relics_obtained":["Ornamental Fan"],"max_hp_gain":0,"max_hp_loss":0,"event_name":"Dead Adventurer","floor":11,"gold_loss":0},{"damage_healed":0,"gold_gain":0,"player_choice":"Obtained Book","damage_taken":21,"max_hp_gain":0,"max_hp_loss":0,"event_name":"Cursed Tome","floor":19,"gold_loss":0},{"damage_healed":0,"gold_gain":0,"player_choice":"Became a vampire","damage_taken":0,"max_hp_gain":0,"max_hp_loss":25,"event_name":"Vampires","floor":20,"gold_loss":0,"cards_obtained":["Bite","Bite","Bite","Bite","Bite"]},{"damage_healed":0,"gold_gain":0,"player_choice":"Ignored","damage_taken":0,"max_hp_gain":0,"max_hp_loss":0,"event_name":"Ghosts","floor":22,"gold_loss":0},{"damage_healed":0,"gold_gain":0,"player_choice":"Opened","damage_taken":0,"relics_obtained":["DataDisk"],"max_hp_gain":0,"max_hp_loss":0,"event_name":"The Mausoleum","floor":23,"gold_loss":0,"cards_obtained":["Writhe"]},{"damage_healed":0,"gold_gain":0,"cards_transformed":["Writhe","Zap"],"player_choice":"Became Test Subject","damage_taken":0,"max_hp_gain":0,"max_hp_loss":0,"event_name":"Drug Dealer","floor":25,"gold_loss":0,"cards_obtained":["Parasite","Go for the Eyes"]}],"is_beta":false,"boss_relics":[{"not_picked":["Nuclear Battery","FrozenCore"],"picked":"Busted Crown"}],"items_purged_floors":[],"is_endless":false,"potions_floor_spawned":[3,6,14,16,21,24],"killed_by":"Collector","ascension_level":20}