{"gold_per_floor":[109,128,278,278,278,312,312,340,365,365],"floor_reached":10,"playtime":168,"items_purged":[],"score":198,"play_id":"f84dbae5-70a3-4f45-8ad9-37072d762d71","local_time":"20190926232834","is_ascension_mode":true,"campfire_choices":[{"data":"Beam Cell","floor":7,"key":"SMITH"}],"neow_cost":"NONE","seed_source_timestamp":1376855111351800,"circlet_count":0,"master_deck":["AscendersBane","Strike_B","Strike_B","Strike_B","Strike_B","Defend_B","Defend_B","Defend_B","Defend_B","Zap","Dualcast","Undo","Beam Cell+1"],"relics":["Cracked Core","NeowsBlessing","Orichalcum","Art of War","Pen Nib"],"potions_floor_usage":[],"damage_taken":[{"damage":0,"enemies":"Cultist","floor":1,"turns":1},{"damage":0,"enemies":"Jaw Worm","floor":2,"turns":1},{"damage":0,"enemies":"3 Sentries","floor":6,"turns":1},{"damage":28,"enemies":"Lagavulin","floor":8,"turns":6},{"damage":49,"enemies":"Gremlin Nob","floor":10,"turns":4}],"seed_played":"4965270440083343620","potions_obtained":[{"floor":1,"key":"SkillPotion"},{"floor":6,"key":"Energy Potion"}],"is_trial":false,"path_per_floor":["M","M","?","?","?","E","R","E","T","E"],"character_chosen":"DEFECT","items_purchased":[],"campfire_rested":0,"item_purchase_floors":[],"current_hp_per_floor":[64,64,64,69,69,69,69,41,41,0],"gold":365,"neow_bonus":"THREE_ENEMY_KILL","is_prod":false,"is_daily":false,"chose_seed":false,"campfire_upgraded":1,"win_rate":0,"timestamp":1569565714,"path_taken":["M","?","?","?","?","E","R","E","T","E"],"build_version":"2019-07-17","purchased_purges":0,"victory":false,"max_hp_per_floor":[71,71,71,76,76,76,76,76,76,76],"card_choices":[{"not_picked":["Chaos","Darkness","Stack"],"picked":"SKIP","floor":1},{"not_picked":["Turbo","Darkness"],"picked":"Undo","floor":2},{"not_picked":["Leap","Turbo"],"picked":"Beam Cell","floor":6},{"not_picked":["Heatsinks","Rip and Tear","Steam"],"picked":"SKIP","floor":8}],"player_experience":808056,"relics_obtained":[{"floor":6,"key":"Orichalcum"},{"floor":8,"key":"Art of War"},{"floor":9,"key":"Pen Nib"}],"event_choices":[{"damage_healed":0,"gold_gain":150,"player_choice":"AGREE","damage_taken":0,"max_hp_gain":0,"max_hp_loss":0,"event_name":"Liars Game","floor":3,"gold_loss":0,"cards_obtained":["Doubt"]},{"damage_healed":0,"gold_gain":0,"player_choice":"Donut","damage_taken":0,"max_hp_gain":5,"max_hp_loss":0,"event_name":"Big Fish","floor":4,"gold_loss":0},{"cards_removed":["Doubt"],"damage_healed":0,"gold_gain":0,"player_choice":"Purged","damage_taken":0,"max_hp_gain":0,"max_hp_loss":0,"event_name":"Purifier","floor":5,"gold_loss":0}],"is_beta":false,"boss_relics":[],"items_purged_floors":[],"is_endless":false,"potions_floor_spawned":[1,6],"killed_by":"Gremlin Nob","ascension_level":20}