{"gold_per_floor":[99,99,99,99,99,99,99,99,99,99,99,99,99,12,12,12,12,12,12,12,12,12,12],"floor_reached":23,"playtime":980,"items_purged":[],"score":460,"play_id":"4f6098c0-252e-48e7-b73f-8b719f3a8dd0","local_time":"20191008102122","is_ascension_mode":true,"campfire_choices":[{"data":"Sweeping Beam","floor":6,"key":"SMITH"},{"data":"Loop","floor":15,"key":"SMITH"}],"neow_cost":"NONE","seed_source_timestamp":2365613602629900,"circlet_count":0,"master_deck":["AscendersBane","Strike_B+1","Strike_B+1","Defend_B+1","Defend_B+1","Defend_B+1","Defend_B+1","Zap","Dualcast","Self Repair","Sweeping Beam+1","Cold Snap","Ball Lightning","Consume","Genetic Algorithm","Biased Cognition","Loop+1","Melter+1","Self Repair","Seek","Gash","Gash+1","Gash","Creative AI","Sweeping Beam","Cold Snap"],"relics":["Ectoplasm","Sundial","Bag of Preparation","Unceasing Top","Tiny House"],"potions_floor_usage":[11,11,13,23,23],"damage_taken":[{"damage":14,"enemies":"Jaw Worm","floor":1,"turns":4},{"damage":6,"enemies":"Small Slimes","floor":3,"turns":4},{"damage":0,"enemies":"2 Louse","floor":4,"turns":2},{"damage":0,"enemies":"Blue Slaver","floor":7,"turns":5},{"damage":6,"enemies":"2 Fungi Beasts","floor":8,"turns":3},{"damage":0,"enemies":"Large Slime","floor":10,"turns":4},{"damage":0,"enemies":"Lagavulin","floor":11,"turns":7},{"damage":16,"enemies":"3 Louse","floor":12,"turns":3},{"damage":8,"enemies":"3 Sentries","floor":13,"turns":9},{"damage":18,"enemies":"The Guardian","floor":16,"turns":10},{"damage":13,"enemies":"Spheric Guardian","floor":18,"turns":4},{"damage":26,"enemies":"Shell Parasite","floor":19,"turns":5},{"damage":35,"enemies":"Snake Plant","floor":21,"turns":5},{"damage":46,"enemies":"Slavers","floor":23,"turns":3}],"seed_played":"936225999030935698","potions_obtained":[{"floor":3,"key":"Weak Potion"},{"floor":4,"key":"GamblersBrew"},{"floor":8,"key":"AttackPotion"},{"floor":11,"key":"AttackPotion"},{"floor":16,"key":"Strength Potion"},{"floor":17,"key":"Explosive Potion"},{"floor":19,"key":"FocusPotion"},{"floor":21,"key":"AttackPotion"}],"is_trial":false,"path_per_floor":["M","?","M","M","?","R","M","M","T","M","E","M","E","$","R","B",null,"M","M","?","M","?","E"],"character_chosen":"DEFECT","items_purchased":["Self Repair"],"campfire_rested":0,"item_purchase_floors":[14],"current_hp_per_floor":[50,29,30,37,42,42,49,50,50,57,64,55,54,54,54,50,75,69,57,57,36,36,0],"gold":12,"neow_bonus":"BOSS_RELIC","is_prod":false,"is_daily":false,"chose_seed":false,"campfire_upgraded":2,"win_rate":0,"timestamp":1570555282,"path_taken":["M","?","M","M","?","R","M","M","T","M","E","M","E","?","R","BOSS","M","M","?","M","?","E"],"build_version":"2019-07-17","purchased_purges":0,"victory":false,"max_hp_per_floor":[71,71,71,71,76,76,76,76,76,76,76,76,76,76,76,76,81,81,81,81,81,81,81],"card_choices":[{"not_picked":["Cold Snap","Loop"],"picked":"Self Repair","floor":1},{"not_picked":["Streamline","Compile Driver"],"picked":"Sweeping Beam","floor":3},{"not_picked":["Sweeping Beam","Melter"],"picked":"Cold Snap","floor":4},{"not_picked":["Go for the Eyes","Beam Cell"],"picked":"Ball Lightning","floor":7},{"not_picked":["White Noise","Barrage"],"picked":"Consume","floor":8},{"not_picked":["Rip and Tear","Undo"],"picked":"Genetic Algorithm","floor":10},{"not_picked":["Consume","Undo"],"picked":"Biased Cognition","floor":11},{"not_picked":["Fusion","Gash"],"picked":"Loop","floor":12},{"not_picked":["Reprogram","Steam"],"picked":"Melter","floor":13},{"not_picked":["Hyperbeam","Multi-Cast"],"picked":"Seek","floor":16},{"not_picked":["Barrage","Reprogram"],"picked":"Gash","floor":17},{"not_picked":["Turbo","Compile Driver"],"picked":"Gash+1","floor":18},{"not_picked":["Storm+1","Fusion"],"picked":"Gash","floor":19},{"not_picked":["Rebound","Chaos"],"picked":"Cold Snap","floor":21}],"player_experience":835464,"relics_obtained":[{"floor":9,"key":"Sundial"},{"floor":11,"key":"Bag of Preparation"},{"floor":13,"key":"Unceasing Top"}],"event_choices":[{"damage_healed":0,"gold_gain":0,"player_choice":"Entered Light","damage_taken":21,"max_hp_gain":0,"max_hp_loss":0,"event_name":"Shining Light","floor":2,"gold_loss":0,"cards_upgraded":["Defend_B","Strike_B"]},{"damage_healed":0,"gold_gain":0,"player_choice":"Donut","damage_taken":0,"max_hp_gain":5,"max_hp_loss":0,"event_name":"Big Fish","floor":5,"gold_loss":0},{"damage_healed":0,"gold_gain":0,"cards_transformed":["Strike_B","Strike_B"],"player_choice":"Became Test Subject","damage_taken":0,"max_hp_gain":0,"max_hp_loss":0,"event_name":"Drug Dealer","floor":20,"gold_loss":0,"cards_obtained":["Creative AI","Sweeping Beam"]},{"damage_healed":0,"gold_gain":0,"player_choice":"Simplicity","damage_taken":0,"max_hp_gain":0,"max_hp_loss":0,"event_name":"Back to Basics","floor":22,"gold_loss":0,"cards_upgraded":["Strike_B","Defend_B","Defend_B","Defend_B"]}],"is_beta":false,"boss_relics":[{"not_picked":["Busted Crown","Lizard Tail"],"picked":"Tiny House"}],"items_purged_floors":[],"is_endless":false,"potions_floor_spawned":[3,4,8,11,16,19,21],"killed_by":"Slavers","ascension_level":20}