{"gold_per_floor":[119,119,63,86,86,117,148,198,237,263,290,302,314,367,379,486,498,418,368,68,68,68],"floor_reached":22,"playtime":652,"items_purged":[],"score":458,"play_id":"d6dc1816-7d49-4c0a-9831-2aae5618dbcb","local_time":"20190820132056","is_ascension_mode":true,"campfire_choices":[{"floor":13,"key":"REST"},{"floor":15,"key":"REST"}],"neow_cost":"NONE","seed_source_timestamp":529340963680200,"circlet_count":0,"master_deck":["AscendersBane","Strike_B","Strike_B","Strike_B","Strike_B","Defend_B","Defend_B","Defend_B","Defend_B","Zap","Dualcast","Defragment+1","Sweeping Beam","Cold Snap","Ball Lightning","Fission","Coolheaded","Sweeping Beam","Biased Cognition","Genetic Algorithm","Defragment+1","Defragment","Stack"],"relics":["Cracked Core","NeowsBlessing","Golden Idol","MawBank","Centennial Puzzle","Blood Vial","Boot","Ectoplasm","DollysMirror"],"potions_floor_usage":[8,14,16,16,21],"damage_taken":[{"damage":0,"enemies":"Jaw Worm","floor":1,"turns":1},{"damage":0,"enemies":"Small Slimes","floor":4,"turns":1},{"damage":0,"enemies":"Lagavulin","floor":6,"turns":1},{"damage":0,"enemies":"Cultist","floor":7,"turns":3},{"damage":26,"enemies":"Gremlin Nob","floor":8,"turns":4},{"damage":10,"enemies":"Large Slime","floor":10,"turns":5},{"damage":12,"enemies":"Exordium Wildlife","floor":11,"turns":3},{"damage":16,"enemies":"3 Sentries","floor":14,"turns":8},{"damage":46,"enemies":"Hexaghost","floor":16,"turns":12},{"damage":39,"enemies":"2 Thieves","floor":18,"turns":3},{"damage":21,"enemies":"Shell Parasite","floor":21,"turns":6},{"damage":16,"enemies":"3 Cultists","floor":22,"turns":3}],"seed_played":"6907795855720016680","potions_obtained":[{"floor":1,"key":"Regen Potion"},{"floor":10,"key":"EntropicBrew"},{"floor":18,"key":"Regen Potion"},{"floor":21,"key":"Ancient Potion"}],"is_trial":false,"path_per_floor":["M","?","$","M","?","E","M","E","T","M","M","?","R","E","R","B",null,"M","?","$","M","M"],"character_chosen":"DEFECT","items_purchased":["AttackPotion","DollysMirror","Defragment"],"campfire_rested":2,"item_purchase_floors":[3,20,20],"current_hp_per_floor":[64,40,40,40,40,40,40,26,26,18,8,8,29,15,36,3,54,17,17,17,13,0],"gold":68,"neow_bonus":"THREE_ENEMY_KILL","is_prod":false,"is_daily":false,"chose_seed":false,"campfire_upgraded":0,"win_rate":0,"timestamp":1566332456,"path_taken":["M","?","$","M","?","E","M","E","T","?","M","?","R","E","R","BOSS","M","?","?","M","M"],"build_version":"2019-07-17","purchased_purges":0,"victory":false,"max_hp_per_floor":[71,71,71,71,71,71,71,71,71,71,71,71,71,71,71,71,71,71,71,71,71,71],"card_choices":[{"not_picked":["Static Discharge","Steam"],"picked":"Defragment","floor":1},{"not_picked":["Coolheaded","Conserve Battery"],"picked":"Sweeping Beam","floor":4},{"not_picked":["Reinforced Body","Tempest"],"picked":"Cold Snap","floor":6},{"not_picked":["Cold Snap","Sunder"],"picked":"Ball Lightning","floor":7},{"not_picked":["Fusion","Reinforced Body"],"picked":"Fission","floor":8},{"not_picked":["Sweeping Beam","Go for the Eyes"],"picked":"Coolheaded","floor":10},{"not_picked":["Tempest","Streamline","Darkness"],"picked":"SKIP","floor":11},{"not_picked":["Reinforced Body","Leap"],"picked":"Sweeping Beam","floor":14},{"not_picked":["Multi-Cast","Rainbow"],"picked":"Biased Cognition","floor":16},{"not_picked":["Reinforced Body","Scrape+1"],"picked":"Genetic Algorithm","floor":18},{"not_picked":["Reprogram","Beam Cell+1"],"picked":"Stack","floor":21}],"player_experience":737986,"relics_obtained":[{"floor":6,"key":"MawBank"},{"floor":8,"key":"Centennial Puzzle"},{"floor":9,"key":"Blood Vial"},{"floor":14,"key":"Boot"}],"event_choices":[{"damage_healed":0,"gold_gain":0,"player_choice":"Take Damage","damage_taken":24,"relics_obtained":["Golden Idol"],"max_hp_gain":0,"max_hp_loss":0,"event_name":"Golden Idol","floor":2,"gold_loss":0},{"damage_healed":0,"gold_gain":0,"player_choice":"Upgraded","damage_taken":0,"max_hp_gain":0,"max_hp_loss":0,"event_name":"Upgrade Shrine","floor":5,"gold_loss":0,"cards_upgraded":["Defragment"]},{"damage_healed":0,"gold_gain":0,"player_choice":"Ignored","damage_taken":0,"max_hp_gain":0,"max_hp_loss":0,"event_name":"Shining Light","floor":12,"gold_loss":0},{"damage_healed":0,"gold_gain":0,"player_choice":"Bet on Owner","damage_taken":0,"max_hp_gain":0,"max_hp_loss":0,"event_name":"The Joust","floor":19,"gold_loss":50}],"is_beta":false,"boss_relics":[{"not_picked":["Coffee Dripper","Inserter"],"picked":"Ectoplasm"}],"items_purged_floors":[],"is_endless":false,"potions_floor_spawned":[1,4,10,11,18,21],"killed_by":"3 Cultists","ascension_level":20}