{"gold_per_floor":[119,44,119,19,39,39,71,71,71,91,91,105,34,47,47,151,151,162,173,153,78,90,90,90,106,132,132,163,179,22,33,33,33],"floor_reached":33,"playtime":1618,"items_purged":["Defend_B","Strike_B"],"score":317,"play_id":"0cac2440-c25e-4ea3-88a8-78ec51364349","local_time":"20191020234423","is_ascension_mode":false,"campfire_choices":[{"data":"Sweeping Beam","floor":6,"key":"SMITH"},{"data":"Conserve Battery","floor":11,"key":"SMITH"},{"data":"Biased Cognition","floor":15,"key":"SMITH"},{"floor":23,"key":"REST"},{"data":"Double Energy","floor":27,"key":"SMITH"},{"floor":32,"key":"REST"}],"neow_cost":"NONE","seed_source_timestamp":947357880570300,"circlet_count":0,"master_deck":["Strike_B","Strike_B","Defend_B","Defend_B","Defend_B","Zap","Dualcast","Biased Cognition+1","Conserve Battery+1","Sweeping Beam+1","Coolheaded","Genetic Algorithm","Doom and Gloom","Double Energy+1","Biased Cognition+1","Steam","Cold Snap+1","Self Repair+1","Hologram+1","Tempest","Coolheaded+1"],"relics":["Cracked Core","Centennial Puzzle","Frozen Egg 2","Blue Candle","Lizard Tail","Potion Belt","Blood Vial","Anchor"],"potions_floor_usage":[16,16,22,28],"damage_taken":[{"damage":5,"enemies":"Small Slimes","floor":1,"turns":3},{"damage":1,"enemies":"Jaw Worm","floor":5,"turns":2},{"damage":10,"enemies":"3 Sentries","floor":7,"turns":7},{"damage":0,"enemies":"Cultist","floor":10,"turns":2},{"damage":0,"enemies":"2 Fungi Beasts","floor":12,"turns":3},{"damage":0,"enemies":"Gremlin Gang","floor":14,"turns":1},{"damage":0,"enemies":"Slime Boss","floor":16,"turns":7},{"damage":27,"enemies":"2 Thieves","floor":18,"turns":4},{"damage":10,"enemies":"Chosen","floor":19,"turns":3},{"damage":16,"enemies":"Snake Plant","floor":22,"turns":4},{"damage":15,"enemies":"3 Cultists","floor":25,"turns":6},{"damage":21,"enemies":"Slavers","floor":28,"turns":4},{"damage":10,"enemies":"Centurion and Healer","floor":29,"turns":8},{"damage":2,"enemies":"Snake Plant","floor":31,"turns":4},{"damage":100,"enemies":"Champ","floor":33,"turns":16}],"seed_played":"-3161928851860777976","potions_obtained":[{"floor":5,"key":"SkillPotion"},{"floor":10,"key":"Fire Potion"},{"floor":16,"key":"FearPotion"},{"floor":18,"key":"Strength Potion"},{"floor":20,"key":"Poison Potion"},{"floor":25,"key":"PowerPotion"},{"floor":29,"key":"Ancient Potion"}],"is_trial":false,"path_per_floor":["M","$","?","$","M","R","E","?","T","M","R","M","$","M","R","B",null,"M","M","?","$","M","R","$","M","T","R","E","M","$","M","R","B"],"character_chosen":"DEFECT","items_purchased":["Doom and Gloom","Self Repair+1","Anchor"],"campfire_rested":2,"item_purchase_floors":[13,21,30],"current_hp_per_floor":[70,70,59,59,58,58,48,45,45,45,45,45,45,45,45,45,75,48,38,38,38,22,44,44,39,39,39,18,20,20,30,52,0],"gold":33,"neow_bonus":"TRANSFORM_CARD","is_prod":false,"is_daily":false,"chose_seed":false,"campfire_upgraded":4,"win_rate":0,"timestamp":1571629463,"path_taken":["M","$","?","$","M","R","E","?","T","M","R","M","?","M","R","BOSS","M","?","?","$","M","R","$","M","T","R","E","M","$","M","R","BOSS"],"build_version":"2019-07-17","purchased_purges":2,"victory":false,"max_hp_per_floor":[75,75,75,75,75,75,75,75,75,75,75,75,75,75,75,75,75,75,75,75,75,75,75,75,75,75,75,75,75,75,75,75,75],"card_choices":[{"not_picked":["Defragment","Sweeping Beam"],"picked":"Conserve Battery","floor":1},{"not_picked":["Aggregate","Gash"],"picked":"Sweeping Beam","floor":5},{"not_picked":["Scrape","Conserve Battery","Turbo"],"picked":"SKIP","floor":7},{"not_picked":["Chaos","Loop+1"],"picked":"Coolheaded","floor":10},{"not_picked":["Turbo","Conserve Battery"],"picked":"Genetic Algorithm","floor":12},{"not_picked":["Leap","Go for the Eyes"],"picked":"Double Energy","floor":14},{"not_picked":["Fission","Machine Learning+1"],"picked":"Biased Cognition+1","floor":16},{"not_picked":["Skim+1","Double Energy"],"picked":"Steam","floor":18},{"not_picked":["Blizzard+1","Chaos"],"picked":"Cold Snap+1","floor":19},{"not_picked":["Lockon","Force Field"],"picked":"Hologram+1","floor":22},{"not_picked":["Barrage","Scrape","Go for the Eyes"],"picked":"SKIP","floor":25},{"not_picked":["Stack","Seek"],"picked":"Tempest","floor":28},{"not_picked":["Aggregate+1","Redo"],"picked":"Coolheaded+1","floor":29},{"not_picked":["Redo","Steam","Doom and Gloom"],"picked":"SKIP","floor":31}],"player_experience":442200,"relics_obtained":[{"floor":7,"key":"Centennial Puzzle"},{"floor":9,"key":"Blue Candle"},{"floor":26,"key":"Potion Belt"},{"floor":28,"key":"Blood Vial"}],"event_choices":[{"damage_healed":0,"gold_gain":75,"player_choice":"Gather Gold","damage_taken":11,"max_hp_gain":0,"max_hp_loss":0,"event_name":"World of Goop","floor":3,"gold_loss":0},{"damage_healed":0,"gold_gain":0,"player_choice":"Success","damage_taken":3,"relics_obtained":["Frozen Egg 2"],"max_hp_gain":0,"max_hp_loss":0,"event_name":"Scrap Ooze","floor":8,"gold_loss":0},{"damage_healed":0,"gold_gain":0,"player_choice":"Bought 1 Potion","damage_taken":0,"max_hp_gain":0,"max_hp_loss":0,"event_name":"The Woman in Blue","floor":20,"gold_loss":0}],"is_beta":false,"boss_relics":[{"not_picked":["Coffee Dripper","Pandora\u0027s Box"],"picked":"Lizard Tail"}],"items_purged_floors":[2,4],"is_endless":false,"potions_floor_spawned":[5,10,16,18,25,29],"killed_by":"Champ","ascension_level":0}