{"gold_per_floor":[118,18,28,38,57,57,76,110,110,110,141,152,152,90,90,161,161,176,176,120,120,138,164,164,192,192,219,219,219],"floor_reached":29,"playtime":866,"items_purged":[],"score":582,"play_id":"0ee544f5-72e7-4257-8826-f08af7e477a4","local_time":"20190816212827","is_ascension_mode":true,"campfire_choices":[{"data":"Defragment","floor":6.0,"key":"SMITH"},{"floor":10.0,"key":"REST"},{"floor":15.0,"key":"REST"},{"floor":24.0,"key":"REST"}],"neow_cost":"NONE","seed_source_timestamp":0,"circlet_count":0,"master_deck":["AscendersBane","Strike_B+1","Strike_B+1","Strike_B+1","Defend_B+1","Defend_B+1","Defend_B+1","Defend_B+1","Zap+1","Dualcast","Defragment+1","Auto Shields","Ball Lightning","Conserve Battery","Fission","White Noise","Go for the Eyes","Ball Lightning","Electrodynamics","Hologram","Sunder+1","Conserve Battery"],"special_seed":0,"relics":["Cracked Core","Blue Candle","War Paint","Dodecahedron","Peace Pipe","Velvet Choker","Torii","DataDisk","Bronze Scales","Cables"],"potions_floor_usage":[25,27],"damage_taken":[{"damage":0.0,"enemies":"Small Slimes","floor":1.0,"turns":4.0},{"damage":2.0,"enemies":"Cultist","floor":3.0,"turns":4.0},{"damage":9.0,"enemies":"Jaw Worm","floor":4.0,"turns":4.0},{"damage":11.0,"enemies":"2 Fungi Beasts","floor":5.0,"turns":3.0},{"damage":6.0,"enemies":"Blue Slaver","floor":7.0,"turns":3.0},{"damage":32.0,"enemies":"Gremlin Nob","floor":8.0,"turns":4.0},{"damage":17.0,"enemies":"Lagavulin","floor":11.0,"turns":7.0},{"damage":0.0,"enemies":"Large Slime","floor":12.0,"turns":7.0},{"damage":12.0,"enemies":"The Guardian","floor":16.0,"turns":10.0},{"damage":6.0,"enemies":"3 Byrds","floor":18.0,"turns":2.0},{"damage":11.0,"enemies":"Chosen","floor":22.0,"turns":4.0},{"damage":5.0,"enemies":"Gremlin Leader","floor":23.0,"turns":5.0},{"damage":33,"enemies":"Book of Stabbing","floor":25,"turns":7},{"damage":19,"enemies":"Slavers","floor":27,"turns":3},{"damage":8,"enemies":"Snake Plant","floor":29,"turns":2}],"seed_played":"883799624262796746","potions_obtained":[{"floor":3.0,"key":"AttackPotion"},{"floor":4.0,"key":"Regen Potion"},{"floor":8.0,"key":"Fire Potion"},{"floor":11.0,"key":"SkillPotion"},{"floor":23.0,"key":"FocusPotion"}],"is_trial":false,"path_per_floor":["M","?","M","M","M","R","M","E","T","R","E","M","?","?","R","B",null,"M","?","$","?","M","E","R","E","T","E","?","M"],"character_chosen":"DEFECT","items_purchased":["Fire Potion"],"campfire_rested":3,"item_purchase_floors":[20],"current_hp_per_floor":[64,64,62,53,42,42,36,16,16,37,20,20,2,2,23,11,56,50,50,50,50,39,34,55,22,22,3,3,0],"gold":219,"neow_bonus":"UPGRADE_CARD","is_prod":false,"is_daily":false,"chose_seed":false,"campfire_upgraded":1,"win_rate":0,"timestamp":1566016107,"path_taken":["M","?","M","?","M","R","M","E","T","R","E","M","?","?","R","BOSS","M","?","$","?","M","E","R","E","T","E","?","M"],"build_version":"2019-07-17","purchased_purges":0,"victory":false,"max_hp_per_floor":[71,71,71,71,71,71,71,71,71,71,71,71,71,71,71,71,71,71,71,71,71,71,71,71,71,71,71,71,71],"card_choices":[{"not_picked":["Turbo","Melter"],"picked":"Defragment","floor":1.0},{"not_picked":["Melter","Barrage"],"picked":"Auto Shields","floor":3.0},{"not_picked":["Streamline","Undo"],"picked":"Ball Lightning","floor":4.0},{"not_picked":["Coolheaded","Turbo"],"picked":"Conserve Battery","floor":5.0},{"not_picked":["Hologram","Rebound"],"picked":"Fission","floor":7.0},{"not_picked":["Hello World","FTL"],"picked":"White Noise","floor":8.0},{"not_picked":["Fusion","Turbo"],"picked":"Go for the Eyes","floor":11.0},{"not_picked":["Scrape","Streamline"],"picked":"Ball Lightning","floor":12.0},{"not_picked":["Meteor Strike","Buffer"],"picked":"Electrodynamics","floor":16.0},{"not_picked":["Leap","Ball Lightning"],"picked":"Hologram","floor":18.0},{"not_picked":["Rip and Tear","Hologram","Darkness+1"],"picked":"SKIP","floor":22.0},{"not_picked":["Beam Cell","Buffer"],"picked":"Sunder+1","floor":23.0},{"not_picked":["Auto Shields","Steam Power","Compile Driver"],"picked":"SKIP","floor":25},{"not_picked":["Cold Snap","Gash"],"picked":"Conserve Battery","floor":27}],"player_experience":731319,"relics_obtained":[{"floor":8.0,"key":"War Paint"},{"floor":9.0,"key":"Dodecahedron"},{"floor":11.0,"key":"Peace Pipe"},{"floor":23.0,"key":"Torii"},{"floor":25,"key":"DataDisk"},{"floor":26,"key":"Bronze Scales"},{"floor":27,"key":"Cables"}],"event_choices":[{"damage_healed":0.0,"max_hp_gain":0.0,"max_hp_loss":0.0,"gold_gain":0.0,"event_name":"WeMeetAgain","player_choice":"Paid Gold","floor":2.0,"gold_loss":100.0,"damage_taken":0.0,"relics_obtained":["Blue Candle"]},{"damage_healed":0.0,"max_hp_gain":0.0,"max_hp_loss":0.0,"gold_gain":0.0,"event_name":"Scrap Ooze","player_choice":"Fled","floor":13.0,"gold_loss":0.0,"damage_taken":18.0},{"damage_healed":0.0,"max_hp_gain":0.0,"max_hp_loss":0.0,"gold_gain":0.0,"event_name":"World of Goop","player_choice":"Left Gold","floor":14.0,"gold_loss":62.0,"damage_taken":0.0},{"damage_healed":0.0,"max_hp_gain":0.0,"max_hp_loss":0.0,"gold_gain":0.0,"event_name":"Back to Basics","player_choice":"Simplicity","floor":19.0,"gold_loss":0.0,"damage_taken":0.0,"cards_upgraded":["Strike_B","Strike_B","Strike_B","Strike_B","Defend_B","Defend_B"]},{"damage_healed":0.0,"max_hp_gain":0.0,"max_hp_loss":0.0,"gold_gain":0.0,"event_name":"Vampires","player_choice":"Ignored","floor":21.0,"gold_loss":0.0,"damage_taken":0.0},{"cards_removed":["Strike_B"],"damage_healed":0,"gold_gain":0,"player_choice":"Purged","damage_taken":0,"max_hp_gain":0,"max_hp_loss":0,"event_name":"Purifier","floor":28,"gold_loss":0}],"is_beta":false,"boss_relics":[{"not_picked":["Cursed Key","Calling Bell"],"picked":"Velvet Choker"}],"items_purged_floors":[],"is_endless":false,"potions_floor_spawned":[3,4,8,11,23],"killed_by":"Snake Plant","ascension_level":20}