{"gold_per_floor":[112,27,39,39,53,53,69,69,69,100,100,134,134,153,153,230,230,240,259,31,44,64,64,96,21,45,45,45,56,70,83,83,83],"floor_reached":33,"playtime":1571,"items_purged":["Strike_R"],"score":502,"play_id":"1eb2e25a-ad31-486c-a0b2-43225e6b6f69","local_time":"20191027124651","is_ascension_mode":true,"campfire_choices":[{"data":"Uppercut","floor":6.0,"key":"SMITH"},{"data":"Flame Barrier","floor":11.0,"key":"SMITH"},{"floor":13.0,"key":"DIG"},{"floor":15.0,"key":"DIG"},{"data":"Disarm","floor":23.0,"key":"SMITH"},{"floor":27.0,"key":"REST"},{"floor":32.0,"key":"DIG"}],"neow_cost":"NONE","seed_source_timestamp":102517699703000,"circlet_count":0,"master_deck":["AscendersBane","Strike_R","Strike_R","Strike_R","Defend_R","Defend_R","Defend_R","Defend_R","Bash","Flame Barrier+1","Uppercut+1","Shrug It Off","Cleave","Juggernaut","Impervious","Pommel Strike","Flame Barrier","Disarm+1","Disarm"],"special_seed":0,"relics":["Burning Blood","Turnip","TungstenRod","Shovel","Pen Nib","Bottled Lightning","Mark of Pain","Vajra","Juzu Bracelet","Singing Bowl"],"potions_floor_usage":[33],"damage_taken":[{"damage":2.0,"enemies":"2 Louse","floor":1.0,"turns":3.0},{"damage":0.0,"enemies":"Cultist","floor":3.0,"turns":4.0},{"damage":2.0,"enemies":"Jaw Worm","floor":5.0,"turns":4.0},{"damage":6.0,"enemies":"2 Fungi Beasts","floor":7.0,"turns":4.0},{"damage":32.0,"enemies":"Gremlin Nob","floor":10.0,"turns":5.0},{"damage":18.0,"enemies":"Lagavulin","floor":12.0,"turns":9.0},{"damage":15.0,"enemies":"Red Slaver","floor":14.0,"turns":5.0},{"damage":4.0,"enemies":"The Guardian","floor":16.0,"turns":14.0},{"damage":0.0,"enemies":"Spheric Guardian","floor":18.0,"turns":5.0},{"damage":10.0,"enemies":"Shell Parasite","floor":19.0,"turns":8.0},{"damage":18.0,"enemies":"Snecko","floor":21.0,"turns":5.0},{"damage":9.0,"enemies":"Snake Plant","floor":22.0,"turns":6.0},{"damage":51.0,"enemies":"Slavers","floor":24.0,"turns":7.0},{"damage":4.0,"enemies":"Shelled Parasite and Fungi","floor":29.0,"turns":9.0},{"damage":0.0,"enemies":"Centurion and Healer","floor":30.0,"turns":6.0},{"damage":10.0,"enemies":"Snake Plant","floor":31.0,"turns":6.0},{"damage":68,"enemies":"Automaton","floor":33,"turns":6}],"seed_played":"5386451022619254238","potions_obtained":[{"floor":1.0,"key":"Ancient Potion"},{"floor":3.0,"key":"PowerPotion"},{"floor":14.0,"key":"Regen Potion"},{"floor":21.0,"key":"GamblersBrew"},{"floor":22.0,"key":"AttackPotion"},{"floor":29.0,"key":"PowerPotion"}],"is_trial":false,"path_per_floor":["M","$","M","$","M","R","M","?","T","E","R","E","R","M","R","B",null,"M","M","$","M","M","R","E","?","T","R","$","M","M","M","R","B"],"character_chosen":"IRONCLAD","items_purchased":["Uppercut","Flame Barrier","Fruit Juice"],"campfire_rested":1,"item_purchase_floors":[2,20,20],"current_hp_per_floor":[79,79,82,82,82,82,82,82,82,56,56,44,44,35,35,52,75,81,77,82,70,67,67,22,22,22,48,48,50,56,52,52,0],"gold":83,"neow_bonus":"TEN_PERCENT_HP_BONUS","is_prod":false,"is_daily":false,"chose_seed":false,"campfire_upgraded":3,"win_rate":0,"timestamp":1572176811,"path_taken":["M","$","M","$","M","R","M","?","T","E","R","E","R","M","R","BOSS","M","?","?","M","M","R","E","?","T","R","?","M","M","M","R","BOSS"],"build_version":"2019-10-25-V3","purchased_purges":1,"victory":false,"max_hp_per_floor":[82,82,82,82,82,82,82,82,82,82,82,82,82,82,82,82,82,82,82,87,87,87,87,87,87,87,87,87,87,87,87,87,87],"card_choices":[{"not_picked":["Feel No Pain","True Grit"],"picked":"Flame Barrier","floor":1.0},{"not_picked":["Rage","Reckless Charge","Rampage"],"picked":"SKIP","floor":3.0},{"not_picked":["Warcry","Havoc"],"picked":"Shrug It Off","floor":5.0},{"not_picked":["Headbutt","Sword Boomerang"],"picked":"Cleave","floor":7.0},{"not_picked":["Cleave","Clothesline","Anger"],"picked":"SKIP","floor":10.0},{"not_picked":["Twin Strike","Inflame","Perfected Strike"],"picked":"SKIP","floor":12.0},{"not_picked":["Seeing Red","Armaments","Body Slam"],"picked":"SKIP","floor":14.0},{"not_picked":["Barricade","Offering"],"picked":"Impervious","floor":16.0},{"not_picked":["Cleave+1","Entrench","Heavy Blade"],"picked":"SKIP","floor":18.0},{"not_picked":["Thunderclap","Inflame"],"picked":"Pommel Strike","floor":19.0},{"not_picked":["Exhume","Cleave"],"picked":"Disarm","floor":21.0},{"not_picked":["Shrug It Off","Pummel","Clash"],"picked":"SKIP","floor":22.0},{"not_picked":["Corruption","True Grit"],"picked":"Disarm","floor":24.0},{"not_picked":["Dual Wield","Rampage","Clash"],"picked":"SKIP","floor":29.0},{"not_picked":["Sword Boomerang","Sever Soul","Armaments"],"picked":"SKIP","floor":30.0},{"not_picked":["Infernal Blade","Iron Wave+1","Pommel Strike"],"picked":"SKIP","floor":31.0}],"player_experience":575883,"relics_obtained":[{"floor":9.0,"key":"Turnip"},{"floor":10.0,"key":"TungstenRod"},{"floor":12.0,"key":"Shovel"},{"floor":13.0,"key":"Pen Nib"},{"floor":15.0,"key":"Bottled Lightning"},{"floor":24.0,"key":"Vajra"},{"floor":26.0,"key":"Juzu Bracelet"},{"floor":32.0,"key":"Singing Bowl"}],"event_choices":[{"damage_healed":0.0,"max_hp_gain":0.0,"max_hp_loss":0.0,"gold_gain":0.0,"event_name":"Match and Keep!","player_choice":"1 cards matched","floor":8.0,"gold_loss":0.0,"damage_taken":0.0,"cards_obtained":["Juggernaut"]},{"cards_removed":["Strike_R"],"damage_healed":0.0,"max_hp_gain":0.0,"max_hp_loss":0.0,"gold_gain":0.0,"event_name":"Beggar","player_choice":"Gave Gold","floor":25.0,"gold_loss":75.0,"damage_taken":0.0}],"is_beta":true,"boss_relics":[{"not_picked":["Black Star","Busted Crown"],"picked":"Mark of Pain"}],"items_purged_floors":[20],"is_endless":false,"potions_floor_spawned":[1,3,12,14,21,22,29],"killed_by":"Automaton","ascension_level":16}