{"gold_per_floor":[117,117,133,133,150,150,162,188,211,8,8],"floor_reached":11,"playtime":253,"items_purged":["Strike_B"],"score":146,"play_id":"60c4f2af-ed12-4f62-863d-a39fdf7020e8","local_time":"20191016220319","is_ascension_mode":true,"campfire_choices":[{"floor":6,"key":"REST"}],"neow_cost":"NONE","seed_source_timestamp":364884497752800,"circlet_count":0,"master_deck":["AscendersBane","Strike_B","Strike_B","Defend_B","Defend_B","Defend_B","Defend_B","Zap","Dualcast+1","Sweeping Beam+1","Gash","Ball Lightning","Self Repair","Auto Shields","Loop","Gash"],"relics":["Cracked Core","Happy Flower","Smiling Mask","Anchor"],"potions_floor_usage":[11],"damage_taken":[{"damage":1,"enemies":"Small Slimes","floor":1,"turns":5},{"damage":8,"enemies":"2 Louse","floor":3,"turns":3},{"damage":7,"enemies":"Jaw Worm","floor":5,"turns":3},{"damage":1,"enemies":"2 Fungi Beasts","floor":7,"turns":2},{"damage":39,"enemies":"Gremlin Nob","floor":8,"turns":4},{"damage":13,"enemies":"Lagavulin","floor":11,"turns":4}],"seed_played":"-2558590047649471521","potions_obtained":[{"floor":7,"key":"LiquidBronze"}],"is_trial":false,"path_per_floor":["M","?","M","?","M","R","M","E","T","$","E"],"character_chosen":"DEFECT","items_purchased":["Loop","Gash","Block Potion"],"campfire_rested":1,"item_purchase_floors":[10,10,10],"current_hp_per_floor":[63,56,48,27,20,41,40,8,8,8,0],"gold":8,"neow_bonus":"RANDOM_COMMON_RELIC","is_prod":false,"is_daily":false,"chose_seed":false,"campfire_upgraded":0,"win_rate":0,"timestamp":1571288599,"path_taken":["M","?","M","?","M","R","M","E","T","$","E"],"build_version":"2019-07-17","purchased_purges":1,"victory":false,"max_hp_per_floor":[71,71,71,71,71,71,71,71,71,71,71],"card_choices":[{"not_picked":["Compile Driver","Steam"],"picked":"Sweeping Beam","floor":1},{"not_picked":["Stack","Hello World"],"picked":"Gash","floor":3},{"not_picked":["Reprogram","Blizzard"],"picked":"Ball Lightning","floor":5},{"not_picked":["Rebound","Steam Power"],"picked":"Self Repair","floor":7},{"not_picked":["Heatsinks","Capacitor"],"picked":"Auto Shields","floor":8}],"player_experience":856660,"relics_obtained":[{"floor":8,"key":"Smiling Mask"},{"floor":9,"key":"Anchor"}],"event_choices":[{"cards_removed":["Strike_B"],"damage_healed":0,"gold_gain":0,"player_choice":"Card Removal","damage_taken":7,"max_hp_gain":0,"max_hp_loss":0,"event_name":"Golden Wing","floor":2,"gold_loss":0},{"damage_healed":0,"gold_gain":0,"player_choice":"Entered Light","damage_taken":21,"max_hp_gain":0,"max_hp_loss":0,"event_name":"Shining Light","floor":4,"gold_loss":0,"cards_upgraded":["Dualcast","Sweeping Beam"]}],"is_beta":false,"boss_relics":[],"items_purged_floors":[10],"is_endless":false,"potions_floor_spawned":[7],"killed_by":"Lagavulin","ascension_level":20}