{"gold_per_floor":[113,128,142,162,162,162,181,181,181,181,181],"floor_reached":11,"playtime":286,"items_purged":[],"score":130,"play_id":"8e09797b-ae2e-44a4-9dd3-71aa85537bd9","local_time":"20190711164731","is_ascension_mode":true,"campfire_choices":[{"data":"Hologram","floor":6,"key":"SMITH"}],"neow_cost":"NONE","seed_source_timestamp":22676458751572,"circlet_count":0,"master_deck":["AscendersBane","Strike_B","Strike_B","Strike_B","Strike_B","Defend_B","Defend_B","Defend_B+1","Defend_B","Zap","Dualcast","Cold Snap+1","Hologram+1","Blizzard","White Noise","Sweeping Beam","Injury"],"relics":["Cracked Core","NeowsBlessing","Thread and Needle","Golden Idol"],"potions_floor_usage":[7],"damage_taken":[{"damage":0,"enemies":"Cultist","floor":1,"turns":1},{"damage":0,"enemies":"Small Slimes","floor":2,"turns":1},{"damage":0,"enemies":"Jaw Worm","floor":3,"turns":1},{"damage":5,"enemies":"3 Louse","floor":4,"turns":4},{"damage":32,"enemies":"Exordium Thugs","floor":7,"turns":6},{"damage":44,"enemies":"Gremlin Gang","floor":11,"turns":3}],"seed_played":"-2753928951181674836","potions_obtained":[{"floor":2,"key":"Poison Potion"},{"floor":3,"key":"Regen Potion"},{"floor":7,"key":"Energy Potion"}],"is_trial":false,"path_per_floor":["M","M","M","M","?","R","M","$","T","?","M"],"character_chosen":"DEFECT","items_purchased":[],"campfire_rested":0,"item_purchase_floors":[],"current_hp_per_floor":[64,64,64,59,38,38,20,20,20,20,0],"gold":181,"neow_bonus":"THREE_ENEMY_KILL","is_prod":false,"is_daily":false,"chose_seed":false,"campfire_upgraded":1,"win_rate":0,"timestamp":1562888851,"path_taken":["M","?","?","M","?","R","M","?","T","?","M"],"build_version":"2019-07-05","purchased_purges":0,"victory":false,"max_hp_per_floor":[71,71,71,71,71,71,71,71,71,71,71],"card_choices":[{"not_picked":["Streamline","Reprogram"],"picked":"Cold Snap","floor":1},{"not_picked":["Heatsinks","Streamline"],"picked":"Hologram","floor":2},{"not_picked":["Steam Power","Double Energy"],"picked":"Blizzard","floor":3},{"not_picked":["Barrage","Heatsinks"],"picked":"White Noise","floor":4},{"not_picked":["Sunder","Hologram"],"picked":"Sweeping Beam","floor":7}],"player_experience":649949,"relics_obtained":[{"floor":9,"key":"Thread and Needle"}],"event_choices":[{"damage_healed":0,"gold_gain":0,"player_choice":"Entered Light","damage_taken":21,"max_hp_gain":0,"max_hp_loss":0,"event_name":"Shining Light","floor":5,"gold_loss":0,"cards_upgraded":["Cold Snap","Defend_B"]},{"damage_healed":0,"gold_gain":0,"player_choice":"Take Wound","damage_taken":0,"relics_obtained":["Golden Idol"],"max_hp_gain":0,"max_hp_loss":0,"event_name":"Golden Idol","floor":10,"gold_loss":0,"cards_obtained":["Injury"]}],"is_beta":false,"boss_relics":[],"items_purged_floors":[],"is_endless":false,"potions_floor_spawned":[2,3,4,7],"killed_by":"Gremlin Gang","ascension_level":20}