{"gold_per_floor":[118,118,118,43,66,66,82,116,116,152,168,196,93,93],"floor_reached":14,"playtime":337,"items_purged":["Injury"],"score":196,"play_id":"be54fc96-a106-48e2-9b48-91fe95043617","local_time":"20191011130124","is_ascension_mode":true,"campfire_choices":[{"data":"Zap","floor":6,"key":"SMITH"}],"neow_cost":"NONE","seed_source_timestamp":42805944926100,"circlet_count":0,"master_deck":["AscendersBane","Strike_B","Strike_B","Strike_B","Strike_B","Defend_B","Defend_B","Defend_B","Defend_B","Zap+1","Dualcast","Sweeping Beam+1","Ball Lightning","Sunder","Leap","Go for the Eyes","Hologram","Coolheaded","White Noise","Loop"],"relics":["Cracked Core","Bronze Scales","Golden Idol","The Courier","Potion Belt","Mercury Hourglass","Odd Mushroom"],"potions_floor_usage":[10],"damage_taken":[{"damage":6,"enemies":"2 Louse","floor":1,"turns":2},{"damage":2,"enemies":"Jaw Worm","floor":5,"turns":3},{"damage":0,"enemies":"Small Slimes","floor":7,"turns":2},{"damage":20,"enemies":"3 Sentries","floor":8,"turns":4},{"damage":26,"enemies":"Lagavulin","floor":10,"turns":7},{"damage":0,"enemies":"2 Fungi Beasts","floor":11,"turns":2},{"damage":0,"enemies":"The Mushroom Lair","floor":12,"turns":2},{"damage":11,"enemies":"Blue Slaver","floor":14,"turns":3}],"seed_played":"3868462911979190357","potions_obtained":[{"floor":7,"key":"GamblersBrew"},{"floor":11,"key":"EssenceOfSteel"},{"floor":12,"key":"Fire Potion"}],"is_trial":false,"path_per_floor":["M","?","?","$","M","R","M","E","T","E","M","?","$","M"],"character_chosen":"DEFECT","items_purchased":["White Noise","Loop"],"campfire_rested":0,"item_purchase_floors":[13,13],"current_hp_per_floor":[58,58,58,58,56,56,56,36,36,10,10,10,10,0],"gold":93,"neow_bonus":"RANDOM_COMMON_RELIC","is_prod":false,"is_daily":false,"chose_seed":false,"campfire_upgraded":1,"win_rate":0,"timestamp":1570824084,"path_taken":["M","?","?","?","M","R","M","E","T","E","M","?","$","M"],"build_version":"2019-07-17","purchased_purges":1,"victory":false,"max_hp_per_floor":[71,71,71,71,71,71,71,71,71,71,71,71,71,71],"card_choices":[{"not_picked":["Steam Power","Leap"],"picked":"Sweeping Beam","floor":1},{"not_picked":["Consume","Go for the Eyes"],"picked":"Ball Lightning","floor":5},{"not_picked":["Coolheaded","Loop"],"picked":"Sunder","floor":7},{"not_picked":["Beam Cell","Redo"],"picked":"Leap","floor":8},{"not_picked":["Meteor Strike","Turbo"],"picked":"Go for the Eyes","floor":10},{"not_picked":["Darkness","Rip and Tear"],"picked":"Hologram","floor":11},{"not_picked":["Sweeping Beam","Barrage"],"picked":"Coolheaded","floor":12}],"player_experience":846368,"relics_obtained":[{"floor":8,"key":"The Courier"},{"floor":9,"key":"Potion Belt"},{"floor":10,"key":"Mercury Hourglass"},{"floor":12,"key":"Odd Mushroom"}],"event_choices":[{"damage_healed":0,"gold_gain":0,"player_choice":"Grow","damage_taken":0,"max_hp_gain":0,"max_hp_loss":0,"event_name":"Living Wall","floor":2,"gold_loss":0,"cards_upgraded":["Sweeping Beam"]},{"damage_healed":0,"gold_gain":0,"player_choice":"Take Wound","damage_taken":0,"relics_obtained":["Golden Idol"],"max_hp_gain":0,"max_hp_loss":0,"event_name":"Golden Idol","floor":3,"gold_loss":0,"cards_obtained":["Injury"]},{"damage_healed":0,"gold_gain":0,"player_choice":"Fought Mushrooms","damage_taken":0,"max_hp_gain":0,"max_hp_loss":0,"event_name":"Mushrooms","floor":12,"gold_loss":0}],"is_beta":false,"boss_relics":[],"items_purged_floors":[4],"is_endless":false,"potions_floor_spawned":[7,11,12],"killed_by":"Blue Slaver","ascension_level":20}