{"gold_per_floor":[112,112,123,141,187,187,201,201,201,230,259,271,283,325,337,349],"floor_reached":16,"playtime":492,"items_purged":[],"score":220,"play_id":"89da6ee7-1cd6-4f9e-afb4-5c757897da10","local_time":"20190829153407","is_ascension_mode":true,"campfire_choices":[{"data":"FTL","floor":6,"key":"SMITH"},{"data":"Coolheaded","floor":8,"key":"SMITH"},{"floor":12,"key":"REST"},{"floor":15,"key":"REST"}],"neow_cost":"NONE","seed_source_timestamp":1315094065223000,"circlet_count":0,"master_deck":["AscendersBane","Strike_B","Strike_B","Strike_B","Defend_B","Defend_B","Defend_B","Defend_B","Zap","Dualcast","Loop+1","Genetic Algorithm","FTL+1","Coolheaded+1","Gash","Conserve Battery+1","All For One+1"],"relics":["Cracked Core","NeowsBlessing","Potion Belt","Toxic Egg 2","MawBank","Molten Egg 2"],"potions_floor_usage":[10,11,11,11,14,16,16],"damage_taken":[{"damage":0,"enemies":"Cultist","floor":1,"turns":1},{"damage":0,"enemies":"2 Louse","floor":3,"turns":1},{"damage":0,"enemies":"Small Slimes","floor":4,"turns":1},{"damage":7,"enemies":"2 Fungi Beasts","floor":7,"turns":4},{"damage":36,"enemies":"Gremlin Nob","floor":10,"turns":4},{"damage":0,"enemies":"Gremlin Gang","floor":11,"turns":3},{"damage":21,"enemies":"Lagavulin","floor":14,"turns":7},{"damage":48,"enemies":"Hexaghost","floor":16,"turns":14}],"seed_played":"-3850674412069218881","potions_obtained":[{"floor":1,"key":"SkillPotion"},{"floor":4,"key":"EntropicBrew"},{"floor":7,"key":"FearPotion"}],"is_trial":false,"path_per_floor":["M","?","M","M","T","R","M","R","T","E","M","R","?","E","R","B"],"character_chosen":"DEFECT","items_purchased":[],"campfire_rested":2,"item_purchase_floors":[],"current_hp_per_floor":[64,64,64,64,64,64,57,57,57,21,21,42,42,21,42,0],"gold":349,"neow_bonus":"THREE_ENEMY_KILL","is_prod":false,"is_daily":false,"chose_seed":false,"campfire_upgraded":2,"win_rate":0,"timestamp":1567118047,"path_taken":["M","?","?","M","?","R","M","R","T","E","?","R","?","E","R","BOSS"],"build_version":"2019-07-17","purchased_purges":0,"victory":false,"max_hp_per_floor":[71,71,71,71,71,71,71,71,71,71,71,71,71,71,71,71],"card_choices":[{"not_picked":["Static Discharge","Stack"],"picked":"Loop","floor":1},{"not_picked":["Cold Snap","Redo"],"picked":"Genetic Algorithm","floor":3},{"not_picked":["Go for the Eyes","Stack"],"picked":"FTL","floor":4},{"not_picked":["Go for the Eyes","Skim"],"picked":"Coolheaded","floor":7},{"not_picked":["Blizzard","Redo+1"],"picked":"Gash","floor":10},{"not_picked":["Auto Shields+1","BootSequence+1"],"picked":"Conserve Battery+1","floor":11},{"not_picked":["Fusion+1","Reboot+1"],"picked":"All For One","floor":14}],"player_experience":757124,"relics_obtained":[{"floor":5,"key":"Potion Belt"},{"floor":9,"key":"Toxic Egg 2"},{"floor":10,"key":"MawBank"},{"floor":14,"key":"Molten Egg 2"}],"event_choices":[{"cards_removed":["Strike_B"],"damage_healed":0,"gold_gain":0,"player_choice":"Offered Basic","damage_taken":0,"max_hp_gain":0,"max_hp_loss":0,"event_name":"Bonfire Elementals","floor":2,"gold_loss":0},{"damage_healed":0,"gold_gain":0,"player_choice":"Upgraded","damage_taken":0,"max_hp_gain":0,"max_hp_loss":0,"event_name":"Upgrade Shrine","floor":13,"gold_loss":0,"cards_upgraded":["Loop"]}],"is_beta":false,"boss_relics":[],"items_purged_floors":[],"is_endless":false,"potions_floor_spawned":[1,4,7],"killed_by":"Hexaghost","ascension_level":20}