{"gold_per_floor":[118,64,75,75,88,88,105,138,138,158,69,69],"floor_reached":12,"playtime":453,"items_purged":[],"score":160,"play_id":"8ad96a5e-c459-4376-8473-6d2f625d4fe8","local_time":"20191018230706","is_ascension_mode":true,"campfire_choices":[{"data":"Panacea","floor":6,"key":"SMITH"}],"neow_cost":"NONE","seed_source_timestamp":541311779566600,"circlet_count":0,"master_deck":["AscendersBane","Strike_B","Strike_B","Strike_B","Strike_B","Defend_B","Defend_B","Defend_B","Defend_B","Zap","Dualcast","Panacea+1","Cold Snap","Gash","Echo Form","Zap","Auto Shields","Gash","Hyperbeam","Hello World+1"],"relics":["Cracked Core","Matryoshka","Centennial Puzzle","Frozen Egg 2"],"potions_floor_usage":[10],"damage_taken":[{"damage":1,"enemies":"Cultist","floor":1,"turns":3},{"damage":6,"enemies":"2 Louse","floor":3,"turns":2},{"damage":7,"enemies":"Small Slimes","floor":5,"turns":3},{"damage":12,"enemies":"2 Fungi Beasts","floor":7,"turns":4},{"damage":10,"enemies":"Lagavulin","floor":8,"turns":7},{"damage":18,"enemies":"Exordium Thugs","floor":10,"turns":4},{"damage":15,"enemies":"Gremlin Gang","floor":12,"turns":1}],"seed_played":"-7979760273482436912","potions_obtained":[{"floor":3,"key":"Swift Potion"},{"floor":5,"key":"EssenceOfSteel"},{"floor":10,"key":"FocusPotion"}],"is_trial":false,"path_per_floor":["M","$","M","?","M","R","M","E","T","M","$","M"],"character_chosen":"DEFECT","items_purchased":["Fire Potion","Hello World+1"],"campfire_rested":0,"item_purchase_floors":[2,11],"current_hp_per_floor":[63,63,57,57,50,50,38,28,28,10,10,0],"gold":69,"neow_bonus":"RANDOM_COLORLESS","is_prod":false,"is_daily":false,"chose_seed":false,"campfire_upgraded":1,"win_rate":0,"timestamp":1571465226,"path_taken":["M","?","M","?","M","R","M","E","T","?","$","M"],"build_version":"2019-07-17","purchased_purges":0,"victory":false,"max_hp_per_floor":[71,71,71,71,71,71,71,71,71,71,71,71],"card_choices":[{"not_picked":["Chill","Steam"],"picked":"Cold Snap","floor":1},{"not_picked":["Reinforced Body","Aggregate"],"picked":"Gash","floor":3},{"not_picked":["Steam Power","Leap"],"picked":"Auto Shields","floor":5},{"not_picked":["Hologram","White Noise"],"picked":"Gash","floor":7},{"not_picked":["Recycle","Turbo","Skim"],"picked":"SKIP","floor":8},{"not_picked":["Rebound","Barrage"],"picked":"Hyperbeam","floor":10}],"player_experience":868070,"relics_obtained":[{"floor":8,"key":"Matryoshka"},{"floor":9,"key":"Centennial Puzzle"},{"floor":9,"key":"Frozen Egg 2"}],"event_choices":[{"damage_healed":0,"gold_gain":0,"player_choice":"2 cards matched","damage_taken":0,"max_hp_gain":0,"max_hp_loss":0,"event_name":"Match and Keep!","floor":4,"gold_loss":0,"cards_obtained":["Echo Form","Zap"]}],"is_beta":false,"boss_relics":[],"items_purged_floors":[],"is_endless":false,"potions_floor_spawned":[3,5,10],"killed_by":"Gremlin Gang","ascension_level":20}