{"gold_per_floor":[114,59,134,154,304,304,333,333,383,59,59,59,79,95,95,169,169,179,193,193,15,15],"floor_reached":22,"playtime":511,"items_purged":["Doubt"],"score":383,"play_id":"7d4417f1-4b36-4137-a104-477475ea6cf9","local_time":"20190517175854","is_ascension_mode":true,"campfire_choices":[{"data":"Zap","floor":6,"key":"SMITH"},{"data":"Hyperbeam","floor":12,"key":"SMITH"},{"data":"Beam Cell","floor":15,"key":"SMITH"}],"neow_cost":"NONE","seed_source_timestamp":206892991526320,"circlet_count":0,"master_deck":["AscendersBane","Strike_B","Strike_B","Strike_B","Strike_B+1","Defend_B+1","Defend_B","Defend_B","Defend_B","Zap+1","Dualcast","Self Repair","Ball Lightning","Gash","Gash","Hyperbeam+1","Beam Cell+1","Hologram","Creative AI","BootSequence","Conserve Battery","Ball Lightning","Self Repair+1"],"relics":["Cracked Core","NeowsBlessing","Dream Catcher","Strawberry","Membership Card","Nuclear Battery","Frozen Egg 2"],"potions_floor_usage":[16,16,22],"damage_taken":[{"damage":0,"enemies":"2 Louse","floor":1,"turns":1},{"damage":0,"enemies":"Jaw Worm","floor":4,"turns":1},{"damage":0,"enemies":"Gremlin Nob","floor":7,"turns":1},{"damage":0,"enemies":"Cultist","floor":13,"turns":3},{"damage":13,"enemies":"Blue Slaver","floor":14,"turns":3},{"damage":28,"enemies":"Slime Boss","floor":16,"turns":5},{"damage":21,"enemies":"3 Byrds","floor":18,"turns":5},{"damage":27,"enemies":"Spheric Guardian","floor":19,"turns":5},{"damage":34,"enemies":"3 Cultists","floor":22,"turns":4}],"seed_played":"-2379109022202385574","potions_obtained":[{"floor":1,"key":"Swift Potion"},{"floor":16,"key":"Strength Potion"},{"floor":19,"key":"SkillPotion"}],"is_trial":false,"path_per_floor":["M","$","?","M","?","R","E","?","T","$","?","R","M","M","R","B",null,"M","M","?","$","M"],"character_chosen":"DEFECT","items_purchased":["Fire Potion","Membership Card","Gash","Frozen Egg 2","Self Repair+1"],"campfire_rested":0,"item_purchase_floors":[2,10,10,21,21],"current_hp_per_floor":[64,64,53,60,60,60,60,39,46,46,46,46,53,47,47,26,65,51,31,31,31,0],"gold":15,"neow_bonus":"THREE_ENEMY_KILL","is_prod":false,"is_daily":false,"chose_seed":false,"campfire_upgraded":3,"win_rate":0,"timestamp":1558141134,"path_taken":["M","$","?","M","?","R","E","?","T","$","?","R","M","M","R","BOSS","M","?","?","$","M"],"build_version":"2019-01-23","purchased_purges":1,"victory":false,"max_hp_per_floor":[71,71,71,71,71,71,71,71,78,78,78,78,78,78,78,78,78,78,78,78,78,78],"card_choices":[{"not_picked":["Chill","Streamline"],"picked":"Self Repair","floor":1},{"not_picked":["Beam Cell","Consume"],"picked":"Ball Lightning","floor":4},{"not_picked":["Stack","Skim"],"picked":"Gash","floor":7},{"not_picked":["Doom and Gloom","Storm"],"picked":"Beam Cell","floor":13},{"not_picked":["Undo","Storm"],"picked":"Hologram","floor":14},{"not_picked":["Electrodynamics","Buffer"],"picked":"Creative AI","floor":16},{"not_picked":["Stack","Darkness"],"picked":"BootSequence","floor":18},{"not_picked":["Fusion","Rip and Tear"],"picked":"Conserve Battery","floor":19}],"player_experience":511035,"relics_obtained":[{"floor":7,"key":"Dream Catcher"},{"floor":9,"key":"Strawberry"}],"event_choices":[{"damage_healed":0,"gold_gain":75,"player_choice":"Gather Gold","damage_taken":11,"max_hp_gain":0,"max_hp_loss":0,"event_name":"World of Goop","floor":3,"gold_loss":0},{"damage_healed":0,"gold_gain":150,"player_choice":"AGREE","damage_taken":0,"max_hp_gain":0,"max_hp_loss":0,"event_name":"Liars Game","floor":5,"gold_loss":0,"cards_obtained":["Doubt"]},{"damage_healed":0,"gold_gain":0,"player_choice":"Entered Light","damage_taken":21,"max_hp_gain":0,"max_hp_loss":0,"event_name":"Shining Light","floor":8,"gold_loss":0,"cards_upgraded":["Defend_B","Strike_B"]},{"damage_healed":0,"gold_gain":0,"player_choice":"1 cards matched","damage_taken":0,"max_hp_gain":0,"max_hp_loss":0,"event_name":"Match and Keep!","floor":11,"gold_loss":0,"cards_obtained":["Hyperbeam"]},{"damage_healed":0,"gold_gain":0,"player_choice":"1 cards matched","damage_taken":0,"max_hp_gain":0,"max_hp_loss":0,"event_name":"Match and Keep!","floor":20,"gold_loss":0,"cards_obtained":["Ball Lightning"]}],"is_beta":false,"boss_relics":[{"not_picked":["Eternal Feather","Busted Crown"],"picked":"Nuclear Battery"}],"items_purged_floors":[10],"is_endless":false,"potions_floor_spawned":[1,13,16,19],"killed_by":"3 Cultists","ascension_level":17}