{"gold_per_floor":[116,116,126,126,276,305,305,12,66,97,108,108,126,126],"floor_reached":14,"playtime":295,"items_purged":["Doubt"],"score":246,"play_id":"15dfcb8d-ea20-46fa-b05e-4d1187022021","local_time":"20191023200244","is_ascension_mode":true,"campfire_choices":[{"data":"Melter","floor":7,"key":"SMITH"},{"floor":12,"key":"REST"}],"neow_cost":"NONE","seed_source_timestamp":962409311146800,"circlet_count":0,"master_deck":["AscendersBane","Strike_B","Strike_B","Strike_B","Strike_B","Defend_B","Defend_B","Defend_B+1","Defend_B","Zap","Dualcast+1","Genetic Algorithm","Lockon","Melter+1","Leap"],"relics":["Cracked Core","NeowsBlessing","WingedGreaves","Turnip","Runic Capacitor","Happy Flower","Darkstone Periapt"],"potions_floor_usage":[12],"damage_taken":[{"damage":0,"enemies":"Jaw Worm","floor":1,"turns":1},{"damage":0,"enemies":"Cultist","floor":3,"turns":1},{"damage":0,"enemies":"Gremlin Nob","floor":6,"turns":1},{"damage":34,"enemies":"3 Sentries","floor":10,"turns":8},{"damage":0,"enemies":"Small Slimes","floor":11,"turns":3},{"damage":7,"enemies":"2 Fungi Beasts","floor":13,"turns":3},{"damage":40,"enemies":"Gremlin Nob","floor":14,"turns":3}],"seed_played":"8444651373160305361","potions_obtained":[{"floor":1,"key":"Explosive Potion"},{"floor":6,"key":"Fruit Juice"}],"is_trial":false,"path_per_floor":["M","?","M","?","?","E","R","$","T","E","M","R","M","E"],"character_chosen":"DEFECT","items_purchased":["Runic Capacitor"],"campfire_rested":1,"item_purchase_floors":[8],"current_hp_per_floor":[64,64,64,43,43,43,43,43,43,9,9,36,29,0],"gold":126,"neow_bonus":"THREE_ENEMY_KILL","is_prod":false,"is_daily":false,"chose_seed":false,"campfire_upgraded":1,"win_rate":0,"timestamp":1571886164,"path_taken":["M","?","?","?","?","E","R","$","T","E","M","R","M","E"],"build_version":"2019-07-17","purchased_purges":1,"victory":false,"max_hp_per_floor":[71,71,71,71,71,71,71,71,71,71,71,76,76,76],"card_choices":[{"not_picked":["Lockon","Heatsinks"],"picked":"Genetic Algorithm","floor":1},{"not_picked":["Fusion","Chill"],"picked":"Lockon","floor":3},{"not_picked":["Gash","Reprogram"],"picked":"Melter","floor":6},{"not_picked":["Sweeping Beam","Hologram"],"picked":"Leap","floor":10},{"not_picked":["Sweeping Beam","Stack","Rebound"],"picked":"SKIP","floor":11},{"not_picked":["Turbo","Redo","Go for the Eyes"],"picked":"SKIP","floor":13}],"player_experience":891587,"relics_obtained":[{"floor":6,"key":"Turnip"},{"floor":9,"key":"Happy Flower"},{"floor":10,"key":"Darkstone Periapt"}],"event_choices":[{"damage_healed":0,"gold_gain":0,"player_choice":"Gave Potion","damage_taken":0,"relics_obtained":["WingedGreaves"],"max_hp_gain":0,"max_hp_loss":0,"event_name":"WeMeetAgain","floor":2,"gold_loss":0},{"damage_healed":0,"gold_gain":0,"player_choice":"Entered Light","damage_taken":21,"max_hp_gain":0,"max_hp_loss":0,"event_name":"Shining Light","floor":4,"gold_loss":0,"cards_upgraded":["Defend_B","Dualcast"]},{"damage_healed":0,"gold_gain":150,"player_choice":"AGREE","damage_taken":0,"max_hp_gain":0,"max_hp_loss":0,"event_name":"Liars Game","floor":5,"gold_loss":0,"cards_obtained":["Doubt"]}],"is_beta":false,"boss_relics":[],"items_purged_floors":[8],"is_endless":false,"potions_floor_spawned":[1,6],"killed_by":"Gremlin Nob","ascension_level":20}