{"gold_per_floor":[109,29,29,29,52,52,92,169,250,288,29,29,73,103,103,193,193,216,230,23,46,67,67,105,120,145,166,202,202,202,202,202,202],"floor_reached":33,"playtime":1162,"items_purged":[],"score":727,"play_id":"bee3d1b5-27fe-43fb-abb1-794ccb7706ee","local_time":"20190817103104","is_ascension_mode":true,"campfire_choices":[{"floor":6,"key":"REST"},{"floor":15,"key":"REST"},{"floor":23,"key":"REST"},{"floor":29,"key":"REST"},{"data":"Defragment","floor":32,"key":"SMITH"}],"neow_cost":"NONE","seed_source_timestamp":259438082911000,"circlet_count":0,"master_deck":["AscendersBane","Defend_B+1","Defend_B","Defend_B","Defend_B","Zap","Dualcast","Melter","Genetic Algorithm","Hologram","Ball Lightning","Defragment","Sweeping Beam","Electrodynamics","Cold Snap","Go for the Eyes+1","Glacier","Undo","Chill+1","Conserve Battery","Defragment+1","Coolheaded","Bite","Bite","Bite","Bite","Bite"],"relics":["Cracked Core","NeowsBlessing","Golden Idol","Nunchaku","The Courier","Matryoshka","Calipers","PreservedInsect","Strawberry","Mummified Hand","Shuriken","Cursed Key","Oddly Smooth Stone","Symbiotic Virus","Gremlin Horn","Juzu Bracelet","Omamori"],"potions_floor_usage":[13,13,21,24,24,33],"damage_taken":[{"damage":0,"enemies":"Small Slimes","floor":1,"turns":1},{"damage":0,"enemies":"Jaw Worm","floor":5,"turns":1},{"damage":0,"enemies":"3 Sentries","floor":7,"turns":1},{"damage":33,"enemies":"Gremlin Nob","floor":10,"turns":4},{"damage":15,"enemies":"Lagavulin","floor":13,"turns":6},{"damage":31,"enemies":"The Guardian","floor":16,"turns":11},{"damage":24,"enemies":"Chosen","floor":18,"turns":4},{"damage":17,"enemies":"2 Thieves","floor":19,"turns":2},{"damage":17,"enemies":"Snake Plant","floor":21,"turns":5},{"damage":0,"enemies":"Sentry and Sphere","floor":22,"turns":3},{"damage":4,"enemies":"Book of Stabbing","floor":24,"turns":4},{"damage":14,"enemies":"Centurion and Healer","floor":25,"turns":7},{"damage":1,"enemies":"Snecko","floor":27,"turns":8},{"damage":0,"enemies":"Gremlin Leader","floor":28,"turns":6},{"damage":79,"enemies":"Automaton","floor":33,"turns":14}],"seed_played":"-2807086913588925875","potions_obtained":[{"floor":1,"key":"SkillPotion"},{"floor":13,"key":"LiquidBronze"},{"floor":16,"key":"Regen Potion"},{"floor":22,"key":"LiquidBronze"},{"floor":25,"key":"FearPotion"},{"floor":28,"key":"FearPotion"}],"is_trial":false,"path_per_floor":["M","$","?","?","M","R","E","T","T","E","$","T","E","?","R","B",null,"M","M","$","M","M","R","E","M","T","M","E","R","?","?","R","B"],"character_chosen":"DEFECT","items_purchased":["Genetic Algorithm","PreservedInsect","Defragment","Regen Potion","Oddly Smooth Stone","Glacier"],"campfire_rested":4,"item_purchase_floors":[2,11,11,11,20,20],"current_hp_per_floor":[64,64,40,19,19,40,40,40,40,7,7,14,14,14,37,6,60,36,19,19,16,16,39,35,21,21,20,20,43,43,43,43,0],"gold":202,"neow_bonus":"THREE_ENEMY_KILL","is_prod":false,"is_daily":false,"chose_seed":false,"campfire_upgraded":1,"win_rate":0,"timestamp":1566063064,"path_taken":["M","$","?","?","M","R","E","?","T","E","$","?","E","?","R","BOSS","M","M","$","M","M","R","E","M","T","M","E","R","?","?","R","BOSS"],"build_version":"2019-07-17","purchased_purges":0,"victory":false,"max_hp_per_floor":[71,71,71,71,71,71,71,71,71,71,71,78,78,78,78,78,78,78,78,78,78,78,78,78,78,78,78,78,78,75,52,52,52],"card_choices":[{"not_picked":["Turbo","Stack"],"picked":"Melter","floor":1},{"not_picked":["Steam","Rebound"],"picked":"Hologram","floor":5},{"not_picked":["Hologram","FTL"],"picked":"Ball Lightning","floor":7},{"not_picked":["Redo","Stack","Turbo"],"picked":"SKIP","floor":10},{"not_picked":["Beam Cell","Recycle"],"picked":"Sweeping Beam","floor":13},{"not_picked":["Meteor Strike","Machine Learning"],"picked":"Electrodynamics","floor":16},{"not_picked":["Steam","Consume"],"picked":"Cold Snap","floor":18},{"not_picked":["Redo","Consume"],"picked":"Go for the Eyes+1","floor":19},{"not_picked":["Barrage+1","Go for the Eyes"],"picked":"Undo","floor":21},{"not_picked":["Sweeping Beam","Double Energy"],"picked":"Chill+1","floor":22},{"not_picked":["Rebound","Turbo"],"picked":"Conserve Battery","floor":24},{"not_picked":["Turbo","Cold Snap"],"picked":"Defragment","floor":25},{"not_picked":["Double Energy","Fusion","Darkness"],"picked":"SKIP","floor":27},{"not_picked":["Hyperbeam","Ball Lightning"],"picked":"Coolheaded","floor":28}],"player_experience":732456,"relics_obtained":[{"floor":7,"key":"Nunchaku"},{"floor":8,"key":"The Courier"},{"floor":9,"key":"Matryoshka"},{"floor":10,"key":"Calipers"},{"floor":12,"key":"Strawberry"},{"floor":12,"key":"Mummified Hand"},{"floor":13,"key":"Shuriken"},{"floor":24,"key":"Symbiotic Virus"},{"floor":26,"key":"Gremlin Horn"},{"floor":26,"key":"Juzu Bracelet"},{"floor":28,"key":"Omamori"}],"event_choices":[{"damage_healed":0,"gold_gain":0,"player_choice":"Take Damage","damage_taken":24,"relics_obtained":["Golden Idol"],"max_hp_gain":0,"max_hp_loss":0,"event_name":"Golden Idol","floor":3,"gold_loss":0},{"damage_healed":0,"gold_gain":0,"player_choice":"Entered Light","damage_taken":21,"max_hp_gain":0,"max_hp_loss":0,"event_name":"Shining Light","floor":4,"gold_loss":0,"cards_upgraded":["Defend_B","Strike_B"]},{"damage_healed":0,"gold_gain":30,"player_choice":"Searched \u00272\u0027 times","damage_taken":0,"max_hp_gain":0,"max_hp_loss":0,"event_name":"Dead Adventurer","floor":14,"gold_loss":0},{"cards_removed":["Parasite"],"damage_healed":0,"gold_gain":0,"player_choice":"Card Removal","damage_taken":0,"max_hp_gain":0,"max_hp_loss":0,"event_name":"Wheel of Change","floor":30,"gold_loss":0},{"damage_healed":0,"gold_gain":0,"player_choice":"Became a vampire","damage_taken":0,"max_hp_gain":0,"max_hp_loss":23,"event_name":"Vampires","floor":31,"gold_loss":0,"cards_obtained":["Bite","Bite","Bite","Bite","Bite"]}],"is_beta":false,"boss_relics":[{"not_picked":["Runic Dome","FrozenCore"],"picked":"Cursed Key"}],"items_purged_floors":[],"is_endless":false,"potions_floor_spawned":[1,13,16,22,25,28],"killed_by":"Automaton","ascension_level":20}