{"gold_per_floor":[20,120,45,55,74,74,100,100,125,154,164,176,176,194,194,294,294,307,317,327,354,365,365,377,389,414,414,73,102,102,121,121,224,224,234,38,50,50,61,61,73,99,179,179,179,179,198,212,212,212],"floor_reached":51,"playtime":3942,"items_purged":["Strike_B","Strike_B","Strike_B"],"score":688,"play_id":"9bc17c97-6632-42e4-b2a1-10187e3bde51","local_time":"20191019011231","is_ascension_mode":false,"campfire_choices":[{"data":"Fission","floor":6.0,"key":"SMITH"},{"data":"Glacier","floor":13.0,"key":"SMITH"},{"data":"Defragment","floor":15.0,"key":"SMITH"},{"floor":23,"key":"REST"},{"data":"Chill","floor":30,"key":"SMITH"},{"data":"Streamline","floor":32,"key":"SMITH"},{"data":"Static Discharge","floor":40,"key":"SMITH"},{"data":"Zap","floor":44,"key":"SMITH"},{"data":"Defragment","floor":46,"key":"SMITH"},{"data":"Consume","floor":49,"key":"SMITH"}],"neow_cost":"NO_GOLD","seed_source_timestamp":0,"circlet_count":0,"master_deck":["Defend_B","Defend_B","Defend_B","Zap+1","Dualcast","Fission+1","Glacier+1","Defragment+1","Sweeping Beam","Lockon","Multi-Cast","Defragment+1","Static Discharge+1","Reboot","Coolheaded","Steam+1","Chill+1","Streamline+1","Go for the Eyes","Buffer+1","Cold Snap+1","Self Repair+1","Doom and Gloom+1","Consume+1"],"special_seed":0,"relics":["Cracked Core","Blood Vial","Boot","Oddly Smooth Stone","Nuclear Battery","Red Mask","Lantern","Pantograph","Frozen Egg 2","Inserter","Bottled Flame","Letter Opener"],"potions_floor_usage":[25,33,35,50,50,50],"damage_taken":[{"damage":1.0,"enemies":"Cultist","floor":1.0,"turns":3.0},{"damage":0.0,"enemies":"Jaw Worm","floor":4.0,"turns":5.0},{"damage":0.0,"enemies":"2 Louse","floor":5.0,"turns":3.0},{"damage":18.0,"enemies":"Gremlin Nob","floor":7.0,"turns":4.0},{"damage":3.0,"enemies":"3 Sentries","floor":10.0,"turns":8.0},{"damage":4.0,"enemies":"Looter","floor":11.0,"turns":2.0},{"damage":3.0,"enemies":"2 Fungi Beasts","floor":12.0,"turns":3.0},{"damage":7.0,"enemies":"Red Slaver","floor":14.0,"turns":3.0},{"damage":7.0,"enemies":"The Guardian","floor":16.0,"turns":12.0},{"damage":22.0,"enemies":"2 Thieves","floor":18.0,"turns":4.0},{"damage":8.0,"enemies":"Chosen","floor":19.0,"turns":5.0},{"damage":13.0,"enemies":"Snecko","floor":20.0,"turns":7.0},{"damage":1.0,"enemies":"Masked Bandits","floor":21.0,"turns":7.0},{"damage":25.0,"enemies":"Centurion and Healer","floor":22.0,"turns":16.0},{"damage":5,"enemies":"Snake Plant","floor":24,"turns":4},{"damage":1,"enemies":"3 Cultists","floor":25,"turns":8},{"damage":3,"enemies":"Book of Stabbing","floor":29,"turns":6},{"damage":9,"enemies":"Snecko","floor":31,"turns":6},{"damage":28,"enemies":"Automaton","floor":33,"turns":12},{"damage":21,"enemies":"3 Darklings","floor":35,"turns":5},{"damage":0,"enemies":"3 Shapes","floor":37,"turns":8},{"damage":14,"enemies":"Transient","floor":39,"turns":5},{"damage":5,"enemies":"4 Shapes","floor":41,"turns":7},{"damage":0,"enemies":"Nemesis","floor":42,"turns":9},{"damage":9,"enemies":"Writhing Mass","floor":47,"turns":7},{"damage":11,"enemies":"Jaw Worm Horde","floor":48,"turns":5},{"damage":25,"enemies":"Donu and Deca","floor":50,"turns":11}],"seed_played":"-5756995516104876428","potions_obtained":[{"floor":1.0,"key":"PowerPotion"},{"floor":7.0,"key":"SkillPotion"},{"floor":12.0,"key":"Regen Potion"},{"floor":14.0,"key":"Regen Potion"},{"floor":18.0,"key":"FocusPotion"},{"floor":19.0,"key":"Strength Potion"},{"floor":24,"key":"Block Potion"},{"floor":25,"key":"PowerPotion"},{"floor":33,"key":"Explosive Potion"},{"floor":39,"key":"Ancient Potion"},{"floor":41,"key":"LiquidBronze"},{"floor":42,"key":"Strength Potion"}],"is_trial":false,"path_per_floor":["M","?","$","M","M","R","E","?","T","E","M","M","R","M","R","B",null,"M","M","M","?","M","R","M","M","T","?","$","E","R","M","R","B",null,"M","$","M","?","M","R","M","E","T","R","?","R","M","M","R","B",null],"character_chosen":"DEFECT","items_purchased":["Pantograph","Self Repair+1"],"campfire_rested":1,"item_purchase_floors":[28,36],"current_hp_per_floor":[74,74,74,74,74,74,56,56,56,55,53,52,52,47,47,42,75,53,61,50,51,43,65,62,63,63,49,49,48,48,41,41,40,80,59,59,71,71,69,69,76,80,80,80,80,80,80,79,79,65],"gold":212,"neow_bonus":"THREE_RARE_CARDS","is_prod":false,"is_daily":false,"chose_seed":false,"campfire_upgraded":9,"win_rate":0,"timestamp":1571461951,"path_taken":["M","?","?","?","?","R","E","?","T","E","M","M","R","M","R","BOSS","M","?","M","?","M","R","M","M","T","?","$","E","R","M","R","BOSS","M","$","M","?","M","R","M","E","T","R","?","R","M","?","R","BOSS"],"build_version":"2019-07-17","purchased_purges":3,"victory":true,"max_hp_per_floor":[75,75,75,75,75,75,75,75,75,75,75,75,75,75,75,75,75,75,75,75,75,75,75,75,75,75,80,80,80,80,80,80,80,80,80,80,80,80,80,80,80,80,80,80,80,80,80,80,80,80],"card_choices":[{"not_picked":["Thunder Strike","Amplify"],"picked":"Fission","floor":0.0},{"not_picked":["Double Energy","Gash"],"picked":"Glacier","floor":1.0},{"not_picked":["Coolheaded","Compile Driver"],"picked":"Defragment","floor":4.0},{"not_picked":["Coolheaded","Beam Cell"],"picked":"Sweeping Beam","floor":5.0},{"not_picked":["Barrage","Auto Shields"],"picked":"Lockon","floor":7.0},{"not_picked":["Sunder","Hyperbeam"],"picked":"Multi-Cast","floor":10.0},{"not_picked":["Capacitor","Tempest"],"picked":"Cold Snap","floor":11.0},{"not_picked":["Rebound","Aggregate"],"picked":"Defragment","floor":12.0},{"not_picked":["Beam Cell","Compile Driver"],"picked":"Static Discharge","floor":14.0},{"not_picked":["Creative AI","Seek"],"picked":"Reboot","floor":16.0},{"not_picked":["Rebound","Leap"],"picked":"Coolheaded","floor":18.0},{"not_picked":["Beam Cell","Aggregate+1","Coolheaded"],"picked":"SKIP","floor":19.0},{"not_picked":["Redo","Conserve Battery"],"picked":"Steam+1","floor":20.0},{"not_picked":["Reprogram","Lockon+1","Steam+1"],"picked":"SKIP","floor":22},{"not_picked":["Gash","Stack+1"],"picked":"Chill","floor":24},{"not_picked":["Beam Cell","Double Energy"],"picked":"Streamline","floor":25},{"not_picked":["Beam Cell","Reprogram"],"picked":"Go for the Eyes","floor":29},{"not_picked":["Recycle","Gash","Rebound"],"picked":"SKIP","floor":31},{"not_picked":["Reboot","Machine Learning+1"],"picked":"Buffer+1","floor":33},{"not_picked":["Rebound+1","Leap"],"picked":"Cold Snap+1","floor":35},{"not_picked":["Go for the Eyes+1","Aggregate","Sunder+1"],"picked":"SKIP","floor":37},{"not_picked":["Gash+1","Conserve Battery","Steam+1"],"picked":"SKIP","floor":39},{"not_picked":["Reprogram+1","BootSequence+1"],"picked":"Doom and Gloom+1","floor":41},{"not_picked":["Sweeping Beam+1","Ball Lightning","Storm+1"],"picked":"SKIP","floor":42},{"not_picked":["Coolheaded","Conserve Battery+1","Aggregate"],"picked":"SKIP","floor":47},{"not_picked":["Defragment+1","Coolheaded"],"picked":"Consume","floor":48}],"player_experience":420302,"relics_obtained":[{"floor":7.0,"key":"Blood Vial"},{"floor":9.0,"key":"Boot"},{"floor":10.0,"key":"Oddly Smooth Stone"},{"floor":21.0,"key":"Red Mask"},{"floor":26,"key":"Lantern"},{"floor":29,"key":"Frozen Egg 2"},{"floor":42,"key":"Bottled Flame"},{"floor":43,"key":"Letter Opener"}],"event_choices":[{"damage_healed":0.0,"max_hp_gain":0.0,"max_hp_loss":0.0,"gold_gain":100.0,"event_name":"Wheel of Change","player_choice":"Gold","floor":2.0,"gold_loss":0.0,"damage_taken":0.0},{"cards_removed":["Defend_B"],"damage_healed":0.0,"max_hp_gain":0.0,"max_hp_loss":0.0,"gold_gain":0.0,"event_name":"Purifier","player_choice":"Purged","floor":8.0,"gold_loss":0.0,"damage_taken":0.0},{"damage_healed":0.0,"max_hp_gain":0.0,"max_hp_loss":0.0,"gold_gain":0.0,"event_name":"Masked Bandits","player_choice":"Fought Bandits","floor":21.0,"gold_loss":0.0,"damage_taken":0.0},{"damage_healed":0,"gold_gain":0,"player_choice":"Shed Blood","damage_taken":19,"max_hp_gain":5,"max_hp_loss":0,"event_name":"Forgotten Altar","floor":27,"gold_loss":0},{"cards_removed":["Cold Snap"],"damage_healed":0,"gold_gain":0,"player_choice":"Removed Attack","damage_taken":0,"max_hp_gain":0,"max_hp_loss":0,"event_name":"Falling","floor":38,"gold_loss":0},{"cards_removed":["Strike_B"],"damage_healed":0,"gold_gain":0,"player_choice":"Purged","damage_taken":0,"max_hp_gain":0,"max_hp_loss":0,"event_name":"Purifier","floor":45,"gold_loss":0}],"is_beta":false,"boss_relics":[{"not_picked":["Sozu","Orrery"],"picked":"Nuclear Battery"},{"not_picked":["Runic Dome","Snecko Eye"],"picked":"Inserter"}],"items_purged_floors":[3,28,36],"is_endless":false,"potions_floor_spawned":[1,7,12,14,18,19,24,25,33,39,41,42],"ascension_level":0}