{"gold_per_floor":[116,116,116,45,65,100,100,125,125,125,72,72,91,266,266,340,340,265,113,113,113],"floor_reached":21,"playtime":825,"items_purged":["Strike_B"],"score":363,"play_id":"71f92017-14d4-430e-9dff-bc404089a605","local_time":"20190427111803","is_ascension_mode":true,"campfire_choices":[{"data":"Self Repair","floor":7,"key":"SMITH"},{"floor":15,"key":"REST"}],"neow_cost":"NONE","seed_source_timestamp":1209503586001941,"circlet_count":0,"master_deck":["AscendersBane","Strike_B","Strike_B","Strike_B","Defend_B","Defend_B","Defend_B","Defend_B","Zap+1","Dualcast","Sweeping Beam","Machine Learning","Defragment","Gash","Self Repair+1","Cold Snap","Gash","Conserve Battery","Doubt","Fission","Defragment"],"relics":["Cracked Core","NeowsBlessing","Pear","Bottled Tornado","Ornamental Fan","Ectoplasm"],"potions_floor_usage":[12,18,18],"damage_taken":[{"damage":0,"enemies":"2 Louse","floor":1,"turns":1},{"damage":0,"enemies":"Jaw Worm","floor":5,"turns":1},{"damage":0,"enemies":"3 Sentries","floor":6,"turns":1},{"damage":71,"enemies":"Gremlin Nob","floor":8,"turns":6},{"damage":7,"enemies":"3 Sentries","floor":12,"turns":2},{"damage":0,"enemies":"Cultist","floor":13,"turns":3},{"damage":25,"enemies":"Slime Boss","floor":16,"turns":11},{"damage":23,"enemies":"2 Thieves","floor":18,"turns":5},{"damage":11,"enemies":"Shell Parasite","floor":20,"turns":7},{"damage":60,"enemies":"Sentry and Sphere","floor":21,"turns":7}],"seed_played":"7309399861596531247","potions_obtained":[{"floor":8,"key":"SmokeBomb"},{"floor":13,"key":"GamblersBrew"},{"floor":16,"key":"Swift Potion"},{"floor":18,"key":"Explosive Potion"},{"floor":20,"key":"EssenceOfSteel"}],"is_trial":false,"path_per_floor":["M","?","?","$","M","E","R","E","T","?","$","E","M","?","R","B",null,"M","$","M","M"],"character_chosen":"DEFECT","items_purchased":["Defragment","Gash","Defragment"],"campfire_rested":1,"item_purchase_floors":[4,11,19],"current_hp_per_floor":[68,68,68,68,68,78,78,17,17,17,17,10,20,20,45,30,71,58,58,57,0],"gold":113,"neow_bonus":"THREE_ENEMY_KILL","is_prod":false,"is_daily":false,"chose_seed":false,"campfire_upgraded":1,"win_rate":0,"timestamp":1556389083,"path_taken":["M","?","?","$","?","E","R","E","T","?","?","E","?","?","R","BOSS","M","$","M","M"],"build_version":"2019-01-23","purchased_purges":1,"victory":false,"max_hp_per_floor":[75,75,75,75,75,85,85,85,85,85,85,85,85,85,85,85,85,85,85,85,85],"card_choices":[{"not_picked":["Conserve Battery","Steam"],"picked":"Sweeping Beam","floor":1},{"not_picked":["Reinforced Body","Hologram"],"picked":"Gash","floor":5},{"not_picked":["Scrape","Beam Cell"],"picked":"Self Repair","floor":6},{"not_picked":["Coolheaded","Barrage"],"picked":"Cold Snap","floor":8},{"not_picked":["Scrape","Beam Cell"],"picked":"Conserve Battery","floor":13},{"not_picked":["Thunder Strike","Multi-Cast"],"picked":"Fission","floor":16},{"not_picked":["Steam","Blizzard","Darkness"],"picked":"SKIP","floor":18},{"not_picked":["Lockon","Redo","Consume"],"picked":"SKIP","floor":20}],"player_experience":326801,"relics_obtained":[{"floor":6,"key":"Pear"},{"floor":8,"key":"Bottled Tornado"},{"floor":9,"key":"Ornamental Fan"}],"event_choices":[{"damage_healed":0,"gold_gain":0,"player_choice":"Grow","damage_taken":0,"max_hp_gain":0,"max_hp_loss":0,"event_name":"Living Wall","floor":2,"gold_loss":0,"cards_upgraded":["Zap"]},{"damage_healed":0,"gold_gain":0,"player_choice":"1 cards matched","damage_taken":0,"max_hp_gain":0,"max_hp_loss":0,"event_name":"Match and Keep!","floor":3,"gold_loss":0,"cards_obtained":["Machine Learning"]},{"damage_healed":0,"gold_gain":0,"player_choice":"Ignored","damage_taken":0,"max_hp_gain":0,"max_hp_loss":0,"event_name":"Shining Light","floor":10,"gold_loss":0},{"damage_healed":0,"gold_gain":175,"player_choice":"AGREE","damage_taken":0,"max_hp_gain":0,"max_hp_loss":0,"event_name":"Liars Game","floor":14,"gold_loss":0,"cards_obtained":["Doubt"]}],"is_beta":false,"boss_relics":[{"not_picked":["Eternal Feather","Fusion Hammer"],"picked":"Ectoplasm"}],"items_purged_floors":[19],"is_endless":false,"potions_floor_spawned":[8,12,13,16,18,20],"killed_by":"Sentry and Sphere","ascension_level":13}