{"gold_per_floor":[118,136,155,120,120,120,64,75,75,75,75,92,110,187,187,187],"floor_reached":16,"playtime":359,"items_purged":[],"score":184,"play_id":"8601522a-9d7f-4d71-b73d-6249117d9982","local_time":"20190828192058","is_ascension_mode":true,"campfire_choices":[{"data":"Creative AI","floor":6,"key":"SMITH"},{"floor":11,"key":"REST"},{"floor":15,"key":"REST"}],"neow_cost":"NONE","seed_source_timestamp":1242438015872000,"circlet_count":0,"master_deck":["AscendersBane","Strike_B","Strike_B","Strike_B","Strike_B","Defend_B","Defend_B","Defend_B","Defend_B","Zap","Dualcast","White Noise","Conserve Battery","Creative AI+1","Conserve Battery","Redo","Conserve Battery","Cold Snap"],"relics":["Cracked Core","Art of War","Shuriken","Frozen Egg 2"],"potions_floor_usage":[16],"damage_taken":[{"damage":6,"enemies":"2 Louse","floor":1,"turns":3},{"damage":2,"enemies":"Jaw Worm","floor":2,"turns":3},{"damage":0,"enemies":"Cultist","floor":3,"turns":4},{"damage":11,"enemies":"Exordium Wildlife","floor":8,"turns":6},{"damage":15,"enemies":"Looter","floor":12,"turns":4},{"damage":20,"enemies":"Exordium Thugs","floor":13,"turns":5},{"damage":34,"enemies":"The Guardian","floor":16,"turns":2}],"seed_played":"-7723728093899141250","potions_obtained":[{"floor":1,"key":"PowerPotion"},{"floor":10,"key":"SteroidPotion"}],"is_trial":false,"path_per_floor":["M","M","M","?","?","R","$","M","T","?","R","M","M","T","R","B"],"character_chosen":"DEFECT","items_purchased":["Conserve Battery"],"campfire_rested":2,"item_purchase_floors":[7],"current_hp_per_floor":[58,56,56,71,36,36,36,25,25,25,46,31,11,11,32,0],"gold":187,"neow_bonus":"RANDOM_COMMON_RELIC","is_prod":false,"is_daily":false,"chose_seed":false,"campfire_upgraded":1,"win_rate":0,"timestamp":1567045258,"path_taken":["M","M","M","?","?","R","$","?","T","?","R","M","?","?","R","BOSS"],"build_version":"2019-07-17","purchased_purges":0,"victory":false,"max_hp_per_floor":[71,71,71,71,71,71,71,71,71,71,71,71,71,71,71,71],"card_choices":[{"not_picked":["Go for the Eyes","Redo"],"picked":"White Noise","floor":1},{"not_picked":["Go for the Eyes","Streamline"],"picked":"Conserve Battery","floor":2},{"not_picked":["Cold Snap","Rebound"],"picked":"Creative AI","floor":3},{"not_picked":["Tempest","Go for the Eyes"],"picked":"Redo","floor":8},{"not_picked":["Go for the Eyes","Lockon"],"picked":"Conserve Battery","floor":12},{"not_picked":["Barrage","Beam Cell"],"picked":"Cold Snap","floor":13}],"player_experience":754950,"relics_obtained":[{"floor":9,"key":"Frozen Egg 2"}],"event_choices":[{"damage_healed":17,"gold_gain":0,"player_choice":"Healed","damage_taken":0,"max_hp_gain":0,"max_hp_loss":0,"event_name":"The Cleric","floor":4,"gold_loss":35},{"damage_healed":0,"gold_gain":0,"player_choice":"Success","damage_taken":35,"relics_obtained":["Shuriken"],"max_hp_gain":0,"max_hp_loss":0,"event_name":"Scrap Ooze","floor":5,"gold_loss":0},{"damage_healed":0,"gold_gain":0,"player_choice":"Got Potions","damage_taken":0,"max_hp_gain":0,"max_hp_loss":0,"event_name":"Lab","floor":10,"gold_loss":0}],"is_beta":false,"boss_relics":[],"items_purged_floors":[],"is_endless":false,"potions_floor_spawned":[1,12],"killed_by":"The Guardian","ascension_level":20}