{"gold_per_floor":[112,132,147,160,160,160,187,198,271,271,236,236,264,339,339,417,417,432,31,81,81,81,81,113,113,113,148,160,177,205,38,38,112,112,132,184,201,221,443,443,454,487,514,539,557,570,582,582,582,582],"floor_reached":50,"playtime":3018,"items_purged":["Strike_B"],"score":1175,"play_id":"75ac6059-1195-4209-84c0-16770a94359e","local_time":"20191024163502","is_ascension_mode":true,"campfire_choices":[{"data":"Zap","floor":6,"key":"SMITH"},{"floor":10,"key":"REST"},{"data":"Hologram","floor":12,"key":"SMITH"},{"data":"Hologram","floor":15,"key":"SMITH"},{"floor":23,"key":"REST"},{"data":"Panache","floor":25,"key":"SMITH"},{"floor":32,"key":"REST"},{"data":"Defragment","floor":40,"key":"SMITH"},{"floor":49,"key":"RECALL"}],"neow_cost":"PERCENT_DAMAGE","seed_source_timestamp":1033622953022000,"circlet_count":0,"master_deck":["AscendersBane","Strike_B","Strike_B","Defend_B","Defend_B","Defend_B+1","Defend_B","Zap+1","Dualcast","Panache+1","Violence","Hologram+1","Cold Snap","Glacier","Ball Lightning","Reboot","Capacitor","Beam Cell","Hologram+1","All For One+1","Coolheaded","Gash+1","Conserve Battery+1","Core Surge+1","Go for the Eyes+1","Go for the Eyes+1","Creative AI","Coolheaded+1","Defragment+1","Genetic Algorithm+1","Turbo+1","Defragment","Recycle","Hologram+1"],"relics":["Cracked Core","WingedGreaves","Molten Egg 2","Gambling Chip","Black Star","Bag of Preparation","Enchiridion","Strawberry","Anchor","Pear","Cables","Vajra","Red Mask","DataDisk","Snecko Eye","Peace Pipe","Thread and Needle","Darkstone Periapt","Regal Pillow","War Paint"],"potions_floor_usage":[8,13,18,24,24,27,30,30,41,41],"damage_taken":[{"damage":0,"enemies":"Cultist","floor":1,"turns":3},{"damage":9,"enemies":"Small Slimes","floor":2,"turns":4},{"damage":1,"enemies":"2 Louse","floor":3,"turns":4},{"damage":14,"enemies":"Exordium Thugs","floor":4,"turns":7},{"damage":15,"enemies":"Lagavulin","floor":7,"turns":6},{"damage":4,"enemies":"2 Fungi Beasts","floor":8,"turns":2},{"damage":8,"enemies":"3 Sentries","floor":13,"turns":6},{"damage":21,"enemies":"Slime Boss","floor":16,"turns":10},{"damage":18,"enemies":"3 Byrds","floor":18,"turns":5},{"damage":18,"enemies":"Gremlin Leader","floor":24,"turns":8},{"damage":6,"enemies":"Slavers","floor":27,"turns":3},{"damage":11,"enemies":"Shell Parasite","floor":28,"turns":3},{"damage":7,"enemies":"Snake Plant","floor":29,"turns":2},{"damage":0,"enemies":"Masked Bandits","floor":30,"turns":2},{"damage":17,"enemies":"Automaton","floor":33,"turns":7},{"damage":0,"enemies":"Orb Walker","floor":35,"turns":4},{"damage":14,"enemies":"2 Orb Walkers","floor":36,"turns":5},{"damage":0,"enemies":"3 Shapes","floor":37,"turns":7},{"damage":0,"enemies":"Jaw Worm Horde","floor":38,"turns":3},{"damage":5,"enemies":"Maw","floor":41,"turns":6},{"damage":0,"enemies":"Giant Head","floor":42,"turns":9},{"damage":4,"enemies":"Reptomancer","floor":44,"turns":6},{"damage":0,"enemies":"3 Darklings","floor":45,"turns":4},{"damage":42,"enemies":"Spire Growth","floor":46,"turns":5},{"damage":0,"enemies":"Maw","floor":47,"turns":8},{"damage":24,"enemies":"Awakened One","floor":50,"turns":3}],"seed_played":"-5800385207691141375","potions_obtained":[{"floor":1,"key":"SteroidPotion"},{"floor":7,"key":"AttackPotion"},{"floor":8,"key":"Regen Potion"},{"floor":16,"key":"AttackPotion"},{"floor":24,"key":"AttackPotion"},{"floor":28,"key":"Regen Potion"},{"floor":29,"key":"Regen Potion"},{"floor":37,"key":"Fire Potion"},{"floor":38,"key":"Explosive Potion"},{"floor":44,"key":"PowerPotion"},{"floor":47,"key":"SteroidPotion"}],"is_trial":false,"path_per_floor":["M","M","M","M","?","R","E","M","T","R","?","R","E","?","R","B",null,"M","$","?","$","?","R","E","R","T","E","M","M","?","$","R","B",null,"M","?","M","M","?","R","M","E","T","E","M","M","M","?","R","B"],"character_chosen":"DEFECT","items_purchased":["Gash+1","Conserve Battery","Bag of Preparation","Regen Potion","DataDisk"],"campfire_rested":3,"item_purchase_floors":[19,19,19,19,31],"current_hp_per_floor":[46,37,36,22,22,22,7,3,3,24,41,41,48,37,37,16,57,39,39,39,39,18,39,43,43,53,47,36,29,39,39,65,48,78,78,64,64,64,64,64,59,59,59,55,55,13,13,13,13,0],"gold":582,"neow_bonus":"RANDOM_COLORLESS_2","is_prod":false,"is_daily":false,"chose_seed":false,"campfire_upgraded":5,"win_rate":0,"timestamp":1571960102,"path_taken":["M","?","M","M","?","R","E","?","T","R","?","R","E","?","R","BOSS","M","$","?","?","?","R","E","R","T","E","M","?","?","?","R","BOSS","M","?","M","M","?","R","M","E","T","E","M","M","M","?","R","BOSS"],"build_version":"2019-07-17","purchased_purges":1,"victory":false,"max_hp_per_floor":[71,71,71,71,71,71,71,71,71,71,71,71,71,71,71,71,71,71,71,71,71,71,71,78,78,88,88,88,88,88,88,88,88,88,88,88,88,88,88,88,88,88,88,88,88,88,88,88,88,88],"card_choices":[{"not_picked":["Barrage","Stack"],"picked":"Hologram","floor":1},{"not_picked":["Rip and Tear","Hologram"],"picked":"Cold Snap","floor":2},{"not_picked":["Go for the Eyes","Coolheaded"],"picked":"Glacier","floor":3},{"not_picked":["Stack","All For One"],"picked":"Ball Lightning","floor":4},{"not_picked":["Rebound","Chaos"],"picked":"Capacitor","floor":7},{"not_picked":["Leap","Barrage"],"picked":"Beam Cell","floor":8},{"not_picked":["Streamline+1","Thunder Strike+1"],"picked":"Hologram","floor":13},{"not_picked":["Echo Form","Biased Cognition"],"picked":"All For One+1","floor":16},{"not_picked":["Sweeping Beam+1","Ball Lightning+1"],"picked":"Coolheaded","floor":18},{"not_picked":["Thunder Strike+1","Static Discharge","Barrage+1"],"picked":"SKIP","floor":24},{"not_picked":["Hologram","Hello World"],"picked":"Core Surge+1","floor":27},{"not_picked":["Sweeping Beam+1","Conserve Battery"],"picked":"Go for the Eyes+1","floor":28},{"not_picked":["Redo","Blizzard+1"],"picked":"Go for the Eyes+1","floor":29},{"not_picked":["Amplify","Seek"],"picked":"Creative AI","floor":33},{"not_picked":["Chill","Stack"],"picked":"Coolheaded+1","floor":35},{"not_picked":["Coolheaded","Barrage+1"],"picked":"Defragment","floor":36},{"not_picked":["Darkness","Barrage+1","Auto Shields"],"picked":"SKIP","floor":37},{"not_picked":["Beam Cell+1","Barrage+1"],"picked":"Genetic Algorithm+1","floor":38},{"not_picked":["Hello World","Hologram"],"picked":"Turbo+1","floor":41},{"not_picked":["Turbo","Tempest"],"picked":"Defragment","floor":42},{"not_picked":["Leap+1","Turbo"],"picked":"Recycle","floor":44},{"not_picked":["Reinforced Body","Barrage+1","Streamline+1"],"picked":"SKIP","floor":45},{"not_picked":["Coolheaded","Multi-Cast"],"picked":"Hologram+1","floor":46},{"not_picked":["Reprogram","Loop","Go for the Eyes+1"],"picked":"SKIP","floor":47}],"player_experience":897726,"relics_obtained":[{"floor":7,"key":"WingedGreaves"},{"floor":9,"key":"Molten Egg 2"},{"floor":13,"key":"Gambling Chip"},{"floor":22,"key":"Enchiridion"},{"floor":24,"key":"Strawberry"},{"floor":24,"key":"Anchor"},{"floor":26,"key":"Pear"},{"floor":27,"key":"Cables"},{"floor":27,"key":"Vajra"},{"floor":30,"key":"Red Mask"},{"floor":36,"key":"Peace Pipe"},{"floor":42,"key":"Thread and Needle"},{"floor":42,"key":"Darkstone Periapt"},{"floor":44,"key":"Regal Pillow"},{"floor":44,"key":"War Paint"}],"event_choices":[{"damage_healed":0,"gold_gain":0,"cards_transformed":["Strike_B"],"player_choice":"Transformed","damage_taken":0,"max_hp_gain":0,"max_hp_loss":0,"event_name":"Transmorgrifier","floor":5,"gold_loss":0,"cards_obtained":["Reboot"]},{"damage_healed":17,"gold_gain":0,"player_choice":"Healed","damage_taken":0,"max_hp_gain":0,"max_hp_loss":0,"event_name":"The Cleric","floor":11,"gold_loss":35},{"damage_healed":0,"gold_gain":75,"player_choice":"Gather Gold","damage_taken":11,"max_hp_gain":0,"max_hp_loss":0,"event_name":"World of Goop","floor":14,"gold_loss":0},{"damage_healed":0,"gold_gain":50,"player_choice":"Stole From Cult","damage_taken":0,"max_hp_gain":0,"max_hp_loss":0,"event_name":"Nest","floor":20,"gold_loss":0},{"damage_healed":0,"gold_gain":0,"player_choice":"Obtained Book","damage_taken":21,"max_hp_gain":0,"max_hp_loss":0,"event_name":"Cursed Tome","floor":22,"gold_loss":0},{"damage_healed":0,"gold_gain":0,"player_choice":"Fought Bandits","damage_taken":0,"max_hp_gain":0,"max_hp_loss":0,"event_name":"Masked Bandits","floor":30,"gold_loss":0},{"damage_healed":0,"gold_gain":0,"player_choice":"Fight","damage_taken":0,"max_hp_gain":0,"max_hp_loss":0,"event_name":"Mysterious Sphere","floor":36,"gold_loss":0},{"damage_healed":0,"gold_gain":222,"player_choice":"Wore Mask","damage_taken":0,"max_hp_gain":0,"max_hp_loss":0,"event_name":"Tomb of Lord Red Mask","floor":39,"gold_loss":0},{"damage_healed":0,"gold_gain":0,"player_choice":"Memory 1","damage_taken":0,"max_hp_gain":0,"max_hp_loss":0,"event_name":"SensoryStone","floor":48,"gold_loss":0}],"is_beta":false,"boss_relics":[{"not_picked":["Empty Cage","Lizard Tail"],"picked":"Black Star"},{"not_picked":["Calling Bell","Fusion Hammer"],"picked":"Snecko Eye"}],"items_purged_floors":[19],"is_endless":false,"potions_floor_spawned":[1,7,8,16,24,28,29,37,38,44,47],"killed_by":"Awakened One","ascension_level":20}