{"gold_per_floor":[117,133,48,66,66,91,108,108,108,108,108,127,148,191,191,191],"floor_reached":16,"playtime":406,"items_purged":[],"score":224,"play_id":"a119fad1-f305-4a13-887f-00787d860faa","local_time":"20191021175758","is_ascension_mode":true,"campfire_choices":[{"data":"Hologram","floor":8,"key":"SMITH"},{"data":"Zap","floor":11,"key":"SMITH"},{"data":"Streamline","floor":15,"key":"SMITH"}],"neow_cost":"NONE","seed_source_timestamp":782011122793100,"circlet_count":0,"master_deck":["AscendersBane","Strike_B","Strike_B","Strike_B","Strike_B","Defend_B","Defend_B","Defend_B","Defend_B","Zap+1","Dualcast","Sweeping Beam","Beam Cell+1","Hologram+1","Compile Driver","Glacier","Chill","Injury","Streamline+1","FTL"],"relics":["Cracked Core","NeowsBlessing","PreservedInsect","Smiling Mask","Golden Idol","Sundial"],"potions_floor_usage":[6,6,16],"damage_taken":[{"damage":0,"enemies":"Cultist","floor":1,"turns":1},{"damage":0,"enemies":"Small Slimes","floor":2,"turns":1},{"damage":0,"enemies":"2 Louse","floor":4,"turns":1},{"damage":8,"enemies":"Gremlin Nob","floor":6,"turns":3},{"damage":13,"enemies":"Large Slime","floor":7,"turns":7},{"damage":6,"enemies":"Blue Slaver","floor":12,"turns":3},{"damage":4,"enemies":"Looter","floor":13,"turns":2},{"damage":13,"enemies":"Lagavulin","floor":14,"turns":5},{"damage":21,"enemies":"Slime Boss","floor":16,"turns":7}],"seed_played":"-1501907152264906285","potions_obtained":[{"floor":4,"key":"PowerPotion"},{"floor":7,"key":"SteroidPotion"},{"floor":14,"key":"Dexterity Potion"}],"is_trial":false,"path_per_floor":["M","M","$","M","?","E","M","R","T","?","R","M","M","E","R","B"],"character_chosen":"DEFECT","items_purchased":["Hologram","Poison Potion"],"campfire_rested":0,"item_purchase_floors":[3,3],"current_hp_per_floor":[64,64,64,64,64,56,43,43,43,43,43,37,33,20,20,0],"gold":191,"neow_bonus":"THREE_ENEMY_KILL","is_prod":false,"is_daily":false,"chose_seed":false,"campfire_upgraded":3,"win_rate":0,"timestamp":1571705878,"path_taken":["M","?","$","?","?","E","M","R","T","?","R","M","M","E","R","BOSS"],"build_version":"2019-07-17","purchased_purges":0,"victory":false,"max_hp_per_floor":[71,71,71,71,71,71,71,71,71,71,71,71,71,71,71,71],"card_choices":[{"not_picked":["Conserve Battery","Stack"],"picked":"Sweeping Beam","floor":1},{"not_picked":["Sweeping Beam","Barrage"],"picked":"Beam Cell","floor":2},{"not_picked":["Double Energy","Rebound"],"picked":"Compile Driver","floor":4},{"not_picked":["Turbo","Streamline"],"picked":"Glacier","floor":6},{"not_picked":["Beam Cell","Cold Snap"],"picked":"Chill","floor":7},{"not_picked":["Turbo","Beam Cell"],"picked":"Streamline","floor":12},{"not_picked":["Reprogram","Multi-Cast","Sweeping Beam"],"picked":"SKIP","floor":13},{"not_picked":["Storm","Reboot"],"picked":"FTL","floor":14}],"player_experience":881990,"relics_obtained":[{"floor":6,"key":"PreservedInsect"},{"floor":9,"key":"Smiling Mask"},{"floor":14,"key":"Sundial"}],"event_choices":[{"damage_healed":0,"gold_gain":0,"player_choice":"Grow","damage_taken":0,"max_hp_gain":0,"max_hp_loss":0,"event_name":"Living Wall","floor":5,"gold_loss":0,"cards_upgraded":["Beam Cell"]},{"damage_healed":0,"gold_gain":0,"player_choice":"Take Wound","damage_taken":0,"relics_obtained":["Golden Idol"],"max_hp_gain":0,"max_hp_loss":0,"event_name":"Golden Idol","floor":10,"gold_loss":0,"cards_obtained":["Injury"]}],"is_beta":false,"boss_relics":[],"items_purged_floors":[],"is_endless":false,"potions_floor_spawned":[4,7,14],"killed_by":"Slime Boss","ascension_level":20}