{"gold_per_floor":[114,125,140,140,157,184,184,214,287,287,307,318,351,28,28,123,123,134,148,162,162,178,178,192,217,270,218,218,228,228,256,256,256],"floor_reached":33,"playtime":1758,"items_purged":["Strike_B"],"score":395,"play_id":"79b38850-39ba-4704-8fdf-899a43741fbc","local_time":"20190314225046","is_ascension_mode":true,"campfire_choices":[{"floor":7.0,"key":"REST"},{"data":"Buffer","floor":10.0,"key":"SMITH"},{"floor":15.0,"key":"REST"},{"floor":23.0,"key":"REST"},{"data":"Strike_B","floor":28,"key":"PURGE"},{"floor":30,"key":"REST"},{"floor":32,"key":"REST"}],"neow_cost":"NONE","seed_source_timestamp":0,"circlet_count":0,"master_deck":["Strike_B","Strike_B","Defend_B","Defend_B","Defend_B","Defend_B","Zap","Dualcast","Melter","Leap","Darkness","FTL","Buffer+1","Storm","Hello World","Coolheaded","Sunder","Capacitor","Hyperbeam","Genetic Algorithm+1","Conserve Battery+1","Cold Snap","Auto Shields+1","Undo+1","Auto Shields+1","White Noise+1"],"special_seed":0,"relics":["Cracked Core","NeowsBlessing","Smiling Mask","Peace Pipe","Bag of Marbles","Matryoshka","Orichalcum","Toxic Egg 2","Velvet Choker","Question Card","Strawberry","Lantern","Vajra","Molten Egg 2"],"potions_floor_usage":[25,25,25],"damage_taken":[{"damage":0.0,"enemies":"Jaw Worm","floor":1.0,"turns":1.0},{"damage":0.0,"enemies":"Small Slimes","floor":2.0,"turns":1.0},{"damage":0.0,"enemies":"Cultist","floor":3.0,"turns":1.0},{"damage":7.0,"enemies":"Large Slime","floor":5.0,"turns":4.0},{"damage":16.0,"enemies":"3 Sentries","floor":6.0,"turns":9.0},{"damage":9.0,"enemies":"Lagavulin","floor":8.0,"turns":6.0},{"damage":7.0,"enemies":"Lots of Slimes","floor":11.0,"turns":6.0},{"damage":0.0,"enemies":"3 Louse","floor":12.0,"turns":2.0},{"damage":10.0,"enemies":"3 Sentries","floor":13.0,"turns":9.0},{"damage":0.0,"enemies":"Slime Boss","floor":16.0,"turns":11.0},{"damage":16.0,"enemies":"Shell Parasite","floor":18.0,"turns":6.0},{"damage":10.0,"enemies":"2 Thieves","floor":19.0,"turns":2.0},{"damage":17.0,"enemies":"Snecko","floor":20.0,"turns":6.0},{"damage":23.0,"enemies":"Cultist and Chosen","floor":22.0,"turns":7.0},{"damage":0.0,"enemies":"Sentry and Sphere","floor":24.0,"turns":3.0},{"damage":28,"enemies":"Gremlin Leader","floor":25,"turns":10},{"damage":7,"enemies":"Chosen and Byrds","floor":29,"turns":6},{"damage":49,"enemies":"Book of Stabbing","floor":31,"turns":9},{"damage":35,"enemies":"Collector","floor":33,"turns":3}],"seed_played":"-699145771501852849","potions_obtained":[{"floor":1.0,"key":"FocusPotion"},{"floor":5.0,"key":"Explosive Potion"},{"floor":11.0,"key":"Fruit Juice"},{"floor":12.0,"key":"SteroidPotion"},{"floor":18.0,"key":"Explosive Potion"},{"floor":19.0,"key":"Regen Potion"},{"floor":20.0,"key":"Explosive Potion"}],"is_trial":false,"path_per_floor":["M","M","M","?","M","E","R","E","T","R","M","M","E","$","R","B",null,"M","M","M","?","M","R","M","E","T","?","R","M","R","E","R","B"],"character_chosen":"DEFECT","items_purchased":["Toxic Egg 2","Capacitor"],"campfire_rested":5,"item_purchase_floors":[14,14],"current_hp_per_floor":[75,75,75,57,50,34,56,47,47,47,40,40,35,35,59,59,80,64,54,52,52,29,53,53,25,32,32,32,25,51,2,28,0],"gold":256,"neow_bonus":"THREE_ENEMY_KILL","is_prod":false,"is_daily":false,"chose_seed":false,"campfire_upgraded":1,"win_rate":0,"timestamp":1552629046,"path_taken":["M","M","M","?","M","E","R","E","T","R","M","M","E","$","R","BOSS","M","M","M","?","M","R","?","E","T","?","R","?","R","E","R","BOSS"],"build_version":"2019-01-23","purchased_purges":1,"victory":false,"max_hp_per_floor":[75,75,75,75,75,75,75,75,75,75,75,75,80,80,80,80,80,80,80,80,80,80,80,80,80,87,87,87,87,87,87,87,87],"card_choices":[{"not_picked":["Hologram","Beam Cell"],"picked":"Melter","floor":1.0},{"not_picked":["Barrage","Force Field"],"picked":"Leap","floor":2.0},{"not_picked":["Leap","Sweeping Beam"],"picked":"Darkness","floor":3.0},{"not_picked":["Turbo","Beam Cell"],"picked":"FTL","floor":5.0},{"not_picked":["Recycle","Stack"],"picked":"Buffer","floor":6.0},{"not_picked":["Compile Driver","Streamline"],"picked":"Storm","floor":8.0},{"not_picked":["Rebound","Aggregate"],"picked":"Hello World","floor":11.0},{"not_picked":["Lockon","Reprogram"],"picked":"Coolheaded","floor":12.0},{"not_picked":["Darkness","Coolheaded"],"picked":"Sunder","floor":13.0},{"not_picked":["All For One","Meteor Strike"],"picked":"Hyperbeam","floor":16.0},{"not_picked":["Compile Driver","Blizzard+1"],"picked":"Genetic Algorithm+1","floor":18.0},{"not_picked":["Barrage","Skim+1"],"picked":"Conserve Battery+1","floor":19.0},{"not_picked":["Reprogram+1","Go for the Eyes"],"picked":"Cold Snap","floor":20.0},{"not_picked":["Turbo+1","Steam Power+1"],"picked":"Auto Shields+1","floor":22.0},{"not_picked":["BootSequence+1","Rebound+1"],"picked":"Undo+1","floor":24.0},{"not_picked":["Meteor Strike","Streamline+1","Go for the Eyes"],"picked":"SKIP","floor":25},{"not_picked":["Streamline","Gash","Beam Cell"],"picked":"Auto Shields+1","floor":29},{"not_picked":["Capacitor","Beam Cell","Storm"],"picked":"White Noise+1","floor":31}],"player_experience":30160,"relics_obtained":[{"floor":6.0,"key":"Peace Pipe"},{"floor":8.0,"key":"Bag of Marbles"},{"floor":9.0,"key":"Matryoshka"},{"floor":13.0,"key":"Orichalcum"},{"floor":25,"key":"Question Card"},{"floor":26,"key":"Strawberry"},{"floor":26,"key":"Lantern"},{"floor":31,"key":"Molten Egg 2"}],"event_choices":[{"damage_healed":0.0,"max_hp_gain":0.0,"max_hp_loss":0.0,"gold_gain":0.0,"event_name":"Scrap Ooze","player_choice":"Success","floor":4.0,"gold_loss":0.0,"damage_taken":18.0,"relics_obtained":["Smiling Mask"]},{"damage_healed":0.0,"max_hp_gain":0.0,"max_hp_loss":0.0,"gold_gain":0.0,"event_name":"The Woman in Blue","player_choice":"Bought 0 Potions","floor":21.0,"gold_loss":0.0,"damage_taken":0.0},{"damage_healed":0,"gold_gain":0,"player_choice":"Paid Gold","damage_taken":0,"relics_obtained":["Vajra"],"max_hp_gain":0,"max_hp_loss":0,"event_name":"WeMeetAgain","floor":27,"gold_loss":52}],"is_beta":false,"boss_relics":[{"not_picked":["Tiny House","Runic Dome"],"picked":"Velvet Choker"}],"items_purged_floors":[14],"is_endless":false,"potions_floor_spawned":[1,5,11,12,18,19,20],"killed_by":"Collector","ascension_level":2}