{"gold_per_floor":[113,113,127,206,206,131,192,209,209,209,223,242,242,271,271,345,345,362,362],"floor_reached":19,"playtime":704,"items_purged":["Pain"],"score":404,"play_id":"8a9a3145-9764-4d44-8e2d-c8c52c873481","local_time":"20191023195738","is_ascension_mode":true,"campfire_choices":[{"data":"Coolheaded","floor":10,"key":"SMITH"},{"data":"Coolheaded","floor":13,"key":"SMITH"},{"data":"Streamline","floor":15,"key":"SMITH"}],"neow_cost":"NONE","seed_source_timestamp":961693421290300,"circlet_count":0,"master_deck":["AscendersBane","Strike_B","Strike_B","Strike_B","Strike_B","Defend_B","Defend_B","Defend_B","Defend_B","Zap","Dualcast","Streamline+1","Coolheaded+1","Coolheaded+1","Undo","Creative AI","Gash+1"],"relics":["Cracked Core","NeowsBlessing","WarpedTongs","Tiny Chest","Kunai","Pen Nib","Eternal Feather"],"potions_floor_usage":[14,19],"damage_taken":[{"damage":0,"enemies":"2 Louse","floor":1,"turns":1},{"damage":0,"enemies":"Small Slimes","floor":3,"turns":1},{"damage":0,"enemies":"Lagavulin","floor":7,"turns":3},{"damage":4,"enemies":"Cultist","floor":8,"turns":4},{"damage":10,"enemies":"3 Louse","floor":11,"turns":2},{"damage":1,"enemies":"Large Slime","floor":12,"turns":5},{"damage":13,"enemies":"3 Sentries","floor":14,"turns":11},{"damage":11,"enemies":"The Guardian","floor":16,"turns":10},{"damage":32,"enemies":"Shell Parasite","floor":18,"turns":8},{"damage":35,"enemies":"Chosen","floor":19,"turns":7}],"seed_played":"238894673300273770","potions_obtained":[{"floor":3,"key":"AttackPotion"},{"floor":8,"key":"GamblersBrew"},{"floor":16,"key":"PowerPotion"}],"is_trial":false,"path_per_floor":["M","?","M","?","?","$","E","M","T","R","M","M","R","E","R","B",null,"M","M"],"character_chosen":"DEFECT","items_purchased":[],"campfire_rested":0,"item_purchase_floors":[],"current_hp_per_floor":[64,69,69,69,69,69,69,65,65,65,55,54,54,41,41,30,65,33,0],"gold":362,"neow_bonus":"THREE_ENEMY_KILL","is_prod":false,"is_daily":false,"chose_seed":false,"campfire_upgraded":3,"win_rate":0,"timestamp":1571885858,"path_taken":["M","?","M","?","?","$","E","M","T","R","M","M","R","E","R","BOSS","M","M"],"build_version":"2019-07-17","purchased_purges":1,"victory":false,"max_hp_per_floor":[71,76,76,76,76,76,76,76,76,76,76,76,76,76,76,76,76,76,76],"card_choices":[{"not_picked":["Leap","Chill"],"picked":"Streamline","floor":1},{"not_picked":["Steam","Stack"],"picked":"Coolheaded","floor":3},{"not_picked":["Tempest","Force Field","Storm"],"picked":"SKIP","floor":7},{"not_picked":["Reprogram","Streamline"],"picked":"Coolheaded","floor":8},{"not_picked":["Hyperbeam","Leap","Force Field"],"picked":"SKIP","floor":11},{"not_picked":["Sweeping Beam","Hello World","White Noise"],"picked":"SKIP","floor":12},{"not_picked":["Lockon","Rebound"],"picked":"Undo","floor":14},{"not_picked":["Reboot","Buffer"],"picked":"Creative AI","floor":16},{"not_picked":["Hologram","Aggregate+1"],"picked":"Gash+1","floor":18}],"player_experience":890883,"relics_obtained":[{"floor":7,"key":"Tiny Chest"},{"floor":9,"key":"Kunai"},{"floor":14,"key":"Pen Nib"}],"event_choices":[{"damage_healed":0,"gold_gain":0,"player_choice":"Donut","damage_taken":0,"max_hp_gain":5,"max_hp_loss":0,"event_name":"Big Fish","floor":2,"gold_loss":0},{"damage_healed":0,"gold_gain":79,"player_choice":"Gained Gold","damage_taken":0,"max_hp_gain":0,"max_hp_loss":0,"event_name":"Golden Wing","floor":4,"gold_loss":0},{"damage_healed":0,"gold_gain":0,"player_choice":"Rummage","damage_taken":0,"relics_obtained":["WarpedTongs"],"max_hp_gain":0,"max_hp_loss":0,"event_name":"Accursed Blacksmith","floor":5,"gold_loss":0,"cards_obtained":["Pain"]}],"is_beta":false,"boss_relics":[{"not_picked":["Busted Crown","Lizard Tail"],"picked":"Eternal Feather"}],"items_purged_floors":[6],"is_endless":false,"potions_floor_spawned":[3,8,16],"killed_by":"Chosen","ascension_level":20}