{"gold_per_floor":[117,117,128,203,353,353,363,363,411,436,462,462,479,491,491,562,562,578,605,655,671,688,688,688],"floor_reached":24,"playtime":506,"items_purged":[],"score":392,"play_id":"24c7c2c6-d130-4d28-90d6-9128d443a441","local_time":"20190930204108","is_ascension_mode":true,"campfire_choices":[{"data":"Zap","floor":6,"key":"SMITH"},{"data":"Coolheaded","floor":8,"key":"SMITH"},{"data":"Barrage","floor":12,"key":"SMITH"},{"floor":15,"key":"REST"},{"floor":23,"key":"REST"}],"neow_cost":"NONE","seed_source_timestamp":1712070753734500,"circlet_count":0,"master_deck":["AscendersBane","Strike_B","Strike_B","Strike_B","Strike_B","Defend_B","Defend_B+1","Defend_B","Defend_B","Zap+1","Dualcast+1","Ball Lightning","Ball Lightning","Doubt","Coolheaded+1","Barrage+1","Beam Cell","Conserve Battery","Electrodynamics","Beam Cell+1","Undo","Compile Driver","Leap+1"],"relics":["Cracked Core","NeowsBlessing","Vajra","Blood Vial","War Paint","Philosopher\u0027s Stone","Red Mask"],"potions_floor_usage":[10,16,16,19],"damage_taken":[{"damage":0,"enemies":"2 Louse","floor":1,"turns":1},{"damage":0,"enemies":"Cultist","floor":3,"turns":1},{"damage":0,"enemies":"Small Slimes","floor":7,"turns":1},{"damage":30,"enemies":"Lagavulin","floor":10,"turns":5},{"damage":1,"enemies":"Looter","floor":13,"turns":3},{"damage":13,"enemies":"Exordium Thugs","floor":14,"turns":3},{"damage":8,"enemies":"Slime Boss","floor":16,"turns":7},{"damage":28,"enemies":"2 Thieves","floor":18,"turns":3},{"damage":23,"enemies":"Masked Bandits","floor":19,"turns":3},{"damage":3,"enemies":"3 Byrds","floor":21,"turns":2},{"damage":13,"enemies":"Sentry and Sphere","floor":22,"turns":3},{"damage":29,"enemies":"Book of Stabbing","floor":24,"turns":4}],"seed_played":"-5109800418810915961","potions_obtained":[{"floor":2,"key":"Ancient Potion"},{"floor":2,"key":"SkillPotion"},{"floor":10,"key":"SteroidPotion"},{"floor":16,"key":"Explosive Potion"},{"floor":21,"key":"LiquidBronze"}],"is_trial":false,"path_per_floor":["M","?","M","?","?","R","M","R","T","E","T","R","M","M","R","B",null,"M","?","?","M","M","R","E"],"character_chosen":"DEFECT","items_purchased":[],"campfire_rested":2,"item_purchase_floors":[],"current_hp_per_floor":[64,64,64,53,53,53,53,53,53,23,23,23,24,13,34,28,60,34,13,13,12,1,22,0],"gold":688,"neow_bonus":"THREE_ENEMY_KILL","is_prod":false,"is_daily":false,"chose_seed":false,"campfire_upgraded":3,"win_rate":0,"timestamp":1569901268,"path_taken":["M","?","?","?","?","R","?","R","T","E","?","R","M","?","R","BOSS","M","?","?","M","M","R","E"],"build_version":"2019-07-17","purchased_purges":0,"victory":false,"max_hp_per_floor":[71,71,71,71,71,71,71,71,71,71,71,71,71,71,71,71,71,71,71,71,71,71,71,71],"card_choices":[{"not_picked":["Steam","Sunder"],"picked":"Ball Lightning","floor":1},{"not_picked":["Storm","Cold Snap"],"picked":"Ball Lightning","floor":3},{"not_picked":["Doom and Gloom","Go for the Eyes"],"picked":"Coolheaded","floor":7},{"not_picked":["Stack","Multi-Cast"],"picked":"Barrage","floor":10},{"not_picked":["Go for the Eyes","Gash"],"picked":"Beam Cell","floor":13},{"not_picked":["Rebound","Compile Driver"],"picked":"Conserve Battery","floor":14},{"not_picked":["Buffer","Meteor Strike"],"picked":"Electrodynamics","floor":16},{"not_picked":["Coolheaded","Rebound"],"picked":"Beam Cell+1","floor":18},{"not_picked":["Rebound","Skim"],"picked":"Undo","floor":19},{"not_picked":["Machine Learning","Turbo"],"picked":"Compile Driver","floor":21},{"not_picked":["Rip and Tear+1","Gash"],"picked":"Leap+1","floor":22}],"player_experience":811212,"relics_obtained":[{"floor":9,"key":"Vajra"},{"floor":10,"key":"Blood Vial"},{"floor":11,"key":"War Paint"},{"floor":19,"key":"Red Mask"}],"event_choices":[{"damage_healed":0,"gold_gain":0,"player_choice":"Got Potions","damage_taken":0,"max_hp_gain":0,"max_hp_loss":0,"event_name":"Lab","floor":2,"gold_loss":0},{"damage_healed":0,"gold_gain":75,"player_choice":"Gather Gold","damage_taken":11,"max_hp_gain":0,"max_hp_loss":0,"event_name":"World of Goop","floor":4,"gold_loss":0},{"damage_healed":0,"gold_gain":150,"player_choice":"AGREE","damage_taken":0,"max_hp_gain":0,"max_hp_loss":0,"event_name":"Liars Game","floor":5,"gold_loss":0,"cards_obtained":["Doubt"]},{"damage_healed":0,"gold_gain":0,"player_choice":"Fought Bandits","damage_taken":0,"max_hp_gain":0,"max_hp_loss":0,"event_name":"Masked Bandits","floor":19,"gold_loss":0},{"damage_healed":0,"gold_gain":50,"player_choice":"Stole From Cult","damage_taken":0,"max_hp_gain":0,"max_hp_loss":0,"event_name":"Nest","floor":20,"gold_loss":0}],"is_beta":false,"boss_relics":[{"not_picked":["Black Star","Orrery"],"picked":"Philosopher\u0027s Stone"}],"items_purged_floors":[],"is_endless":false,"potions_floor_spawned":[7,10,13,16,21],"killed_by":"Book of Stabbing","ascension_level":20}