{"gold_per_floor":[117,192,210,210,210,244,244,118,143,47,79,91,117,129],"floor_reached":14,"playtime":192,"items_purged":[],"score":242,"play_id":"098a1a44-1997-48f6-afe7-e78123aff842","local_time":"20191021174706","is_ascension_mode":true,"campfire_choices":[{"floor":7,"key":"REST"}],"neow_cost":"NONE","seed_source_timestamp":781573587747100,"circlet_count":0,"master_deck":["AscendersBane","Strike_B","Strike_B","Strike_B","Strike_B","Defend_B","Defend_B","Defend_B","Defend_B","Zap","Dualcast","Go for the Eyes","Beam Cell+1","Doom and Gloom","Creative AI","Conserve Battery","Coolheaded"],"relics":["Cracked Core","NeowsBlessing","Bag of Marbles","The Courier","Strawberry","Tiny Chest","MawBank"],"potions_floor_usage":[11],"damage_taken":[{"damage":0,"enemies":"2 Louse","floor":1,"turns":1},{"damage":0,"enemies":"Jaw Worm","floor":3,"turns":1},{"damage":0,"enemies":"Gremlin Nob","floor":6,"turns":1},{"damage":25,"enemies":"Lagavulin","floor":11,"turns":5},{"damage":0,"enemies":"Small Slimes","floor":13,"turns":3},{"damage":30,"enemies":"Gremlin Nob","floor":14,"turns":3}],"seed_played":"4951843215256232853","potions_obtained":[{"floor":3,"key":"SmokeBomb"},{"floor":6,"key":"Poison Potion"},{"floor":13,"key":"EssenceOfSteel"}],"is_trial":false,"path_per_floor":["M","?","M","?","?","E","R","$","T","$","E","$","M","E"],"character_chosen":"DEFECT","items_purchased":["Creative AI","Tiny Chest"],"campfire_rested":1,"item_purchase_floors":[8,10],"current_hp_per_floor":[64,53,53,27,27,27,48,48,55,55,30,30,30,0],"gold":129,"neow_bonus":"THREE_ENEMY_KILL","is_prod":false,"is_daily":false,"chose_seed":false,"campfire_upgraded":0,"win_rate":0,"timestamp":1571705226,"path_taken":["M","?","M","?","?","E","R","$","T","?","E","$","M","E"],"build_version":"2019-07-17","purchased_purges":0,"victory":false,"max_hp_per_floor":[71,71,71,71,71,71,71,71,78,78,78,78,78,78],"card_choices":[{"not_picked":["Hologram","Skim"],"picked":"Go for the Eyes","floor":1},{"not_picked":["Lockon","Consume"],"picked":"Beam Cell","floor":3},{"not_picked":["Beam Cell","Leap"],"picked":"Doom and Gloom","floor":6},{"not_picked":["Fusion","Steam Power"],"picked":"Conserve Battery","floor":11},{"not_picked":["Blizzard","Multi-Cast"],"picked":"Coolheaded","floor":13}],"player_experience":881572,"relics_obtained":[{"floor":6,"key":"The Courier"},{"floor":9,"key":"Strawberry"},{"floor":11,"key":"MawBank"}],"event_choices":[{"damage_healed":0,"gold_gain":75,"player_choice":"Gather Gold","damage_taken":11,"max_hp_gain":0,"max_hp_loss":0,"event_name":"World of Goop","floor":2,"gold_loss":0},{"damage_healed":0,"gold_gain":0,"player_choice":"Success","damage_taken":26,"relics_obtained":["Bag of Marbles"],"max_hp_gain":0,"max_hp_loss":0,"event_name":"Scrap Ooze","floor":4,"gold_loss":0},{"damage_healed":0,"gold_gain":0,"player_choice":"Grow","damage_taken":0,"max_hp_gain":0,"max_hp_loss":0,"event_name":"Living Wall","floor":5,"gold_loss":0,"cards_upgraded":["Beam Cell"]}],"is_beta":false,"boss_relics":[],"items_purged_floors":[],"is_endless":false,"potions_floor_spawned":[3,6,13],"killed_by":"Gremlin Nob","ascension_level":20}