{"gold_per_floor":[113,113,113,113,172,200,217,267,290,324,324,340,371,46,46,117,117,137,137,137],"floor_reached":20,"playtime":444,"items_purged":["Strike_B"],"score":451,"play_id":"7485734a-650f-4e30-addf-e58741da024f","local_time":"20190805182133","is_ascension_mode":true,"campfire_choices":[{"floor":11,"key":"REST"},{"floor":15,"key":"REST"}],"neow_cost":"NONE","seed_source_timestamp":321283017851200,"circlet_count":0,"master_deck":["AscendersBane","Defend_B","Defend_B","Defend_B+1","Defend_B","Zap+1","Dualcast","Lockon+1","Consume","Reinforced Body","Hologram","Ball Lightning","Hologram","Static Discharge","Loop","Echo Form","Compile Driver","Bite","Bite","Bite","Bite","Bite"],"relics":["Cracked Core","NeowsBlessing","Omamori","Symbiotic Virus","Strawberry","WingedGreaves","Gambling Chip","Dream Catcher","Inserter"],"potions_floor_usage":[10,10],"damage_taken":[{"damage":0,"enemies":"Small Slimes","floor":1,"turns":1},{"damage":0,"enemies":"3 Sentries","floor":6,"turns":1},{"damage":0,"enemies":"Cultist","floor":7,"turns":1},{"damage":24,"enemies":"Gremlin Nob","floor":10,"turns":4},{"damage":0,"enemies":"Jaw Worm","floor":12,"turns":3},{"damage":17,"enemies":"Lagavulin","floor":13,"turns":6},{"damage":26,"enemies":"Hexaghost","floor":16,"turns":7},{"damage":27,"enemies":"Spheric Guardian","floor":18,"turns":4},{"damage":43,"enemies":"Shell Parasite","floor":20,"turns":3}],"seed_played":"-6722705248656939556","potions_obtained":[{"floor":1,"key":"Block Potion"},{"floor":7,"key":"Fire Potion"},{"floor":16,"key":"Fire Potion"}],"is_trial":false,"path_per_floor":["M","?","?","?","?","E","M","?","T","E","R","M","E","$","R","B",null,"M","?","M"],"character_chosen":"DEFECT","items_purchased":["Dream Catcher","Static Discharge"],"campfire_rested":2,"item_purchase_floors":[14,14],"current_hp_per_floor":[64,64,43,32,32,32,32,32,39,15,38,38,21,21,44,18,63,36,36,0],"gold":137,"neow_bonus":"THREE_ENEMY_KILL","is_prod":false,"is_daily":false,"chose_seed":false,"campfire_upgraded":0,"win_rate":0,"timestamp":1565054493,"path_taken":["M","?","?","?","?","E","M","?","T","E","R","?","E","$","R","BOSS","M","?","M"],"build_version":"2019-07-17","purchased_purges":1,"victory":false,"max_hp_per_floor":[71,71,71,71,71,71,71,71,78,78,78,78,78,78,78,78,78,78,54,54],"card_choices":[{"not_picked":["Skim","Redo"],"picked":"Lockon","floor":1},{"not_picked":["Redo","Go for the Eyes"],"picked":"Consume","floor":6},{"not_picked":["Coolheaded","Beam Cell"],"picked":"Reinforced Body","floor":7},{"not_picked":["Turbo","Redo"],"picked":"Hologram","floor":10},{"not_picked":["Barrage","Storm"],"picked":"Ball Lightning","floor":12},{"not_picked":["FTL","Fission"],"picked":"Hologram","floor":13},{"not_picked":["Streamline","Conserve Battery"],"picked":"Loop","floor":15},{"not_picked":["Multi-Cast","Machine Learning"],"picked":"Echo Form","floor":16},{"not_picked":["Blizzard","Gash"],"picked":"Compile Driver","floor":18}],"player_experience":716543,"relics_obtained":[{"floor":6,"key":"Symbiotic Virus"},{"floor":9,"key":"Strawberry"},{"floor":10,"key":"WingedGreaves"},{"floor":13,"key":"Gambling Chip"}],"event_choices":[{"damage_healed":0,"gold_gain":0,"player_choice":"Grow","damage_taken":0,"max_hp_gain":0,"max_hp_loss":0,"event_name":"Living Wall","floor":2,"gold_loss":0,"cards_upgraded":["Lockon"]},{"damage_healed":0,"gold_gain":0,"player_choice":"Entered Light","damage_taken":21,"max_hp_gain":0,"max_hp_loss":0,"event_name":"Shining Light","floor":3,"gold_loss":0,"cards_upgraded":["Zap","Defend_B"]},{"damage_healed":0,"gold_gain":0,"player_choice":"Success","damage_taken":11,"relics_obtained":["Omamori"],"max_hp_gain":0,"max_hp_loss":0,"event_name":"Scrap Ooze","floor":4,"gold_loss":0},{"damage_healed":0,"gold_gain":59,"player_choice":"Gained Gold","damage_taken":0,"max_hp_gain":0,"max_hp_loss":0,"event_name":"Golden Wing","floor":5,"gold_loss":0},{"damage_healed":0,"gold_gain":50,"player_choice":"Pray","damage_taken":0,"max_hp_gain":0,"max_hp_loss":0,"event_name":"Golden Shrine","floor":8,"gold_loss":0},{"damage_healed":0,"gold_gain":0,"player_choice":"Became a vampire","damage_taken":0,"max_hp_gain":0,"max_hp_loss":24,"event_name":"Vampires","floor":19,"gold_loss":0,"cards_obtained":["Bite","Bite","Bite","Bite","Bite"]}],"is_beta":false,"boss_relics":[{"not_picked":["Empty Cage","Tiny House"],"picked":"Inserter"}],"items_purged_floors":[14],"is_endless":false,"potions_floor_spawned":[1,7,16],"killed_by":"Shell Parasite","ascension_level":20}