{"gold_per_floor":[112,129,129,129,141,141,154,170,170,238,238,90,100,130,130,207,207,222,237,254,254,264,264,294,294,319,319,334,334,44,44,44,122,122,133,133,133,0,351,351,364,364,364,364,384,414,414,427,427,427],"floor_reached":50,"playtime":2253,"items_purged":["Writhe"],"score":960,"play_id":"c546a6cc-8444-4b75-b08e-f59f68c9fe13","local_time":"20190925185224","is_ascension_mode":true,"campfire_choices":[{"data":"Steam","floor":6,"key":"SMITH"},{"floor":11,"key":"REST"},{"data":"Hologram","floor":15,"key":"SMITH"},{"floor":23,"key":"REST"},{"data":"Sunder","floor":25,"key":"SMITH"},{"floor":32,"key":"REST"},{"data":"Seek","floor":40,"key":"SMITH"},{"data":"Loop","floor":42,"key":"SMITH"},{"floor":44,"key":"RECALL"},{"floor":47,"key":"REST"},{"floor":49,"key":"REST"}],"neow_cost":"PERCENT_DAMAGE","seed_source_timestamp":1271799116605200,"circlet_count":0,"master_deck":["AscendersBane","Strike_B+1","Strike_B+1","Strike_B+1","Strike_B+1","Defend_B+1","Defend_B+1","Defend_B+1","Defend_B+1","Zap+1","Dualcast","All For One","Rebound","Coolheaded","Steam+1","Hologram+1","Ball Lightning","Sunder+1","Scrape","Seek+1","Necronomicurse","Beam Cell","Sunder","Chill+1","Gash","Conserve Battery","Finesse","All For One","Madness","Madness","Loop+1","Hologram"],"relics":["Cracked Core","Mercury Hourglass","Kunai","Odd Mushroom","Sozu","Necronomicon","Ice Cream","Anchor","Darkstone Periapt","Ornamental Fan","Snecko Eye","Red Mask","Old Coin","Juzu Bracelet"],"potions_floor_usage":[7,12,16,24,46],"damage_taken":[{"damage":14,"enemies":"Jaw Worm","floor":1,"turns":3},{"damage":1,"enemies":"Cultist","floor":2,"turns":3},{"damage":9,"enemies":"2 Louse","floor":5,"turns":2},{"damage":12,"enemies":"Exordium Wildlife","floor":7,"turns":4},{"damage":3,"enemies":"Blue Slaver","floor":8,"turns":3},{"damage":0,"enemies":"2 Fungi Beasts","floor":13,"turns":2},{"damage":9,"enemies":"The Mushroom Lair","floor":14,"turns":2},{"damage":14,"enemies":"Slime Boss","floor":16,"turns":6},{"damage":1,"enemies":"Chosen","floor":18,"turns":3},{"damage":3,"enemies":"Shell Parasite","floor":19,"turns":5},{"damage":15,"enemies":"3 Cultists","floor":20,"turns":4},{"damage":18,"enemies":"Snake Plant","floor":22,"turns":4},{"damage":1,"enemies":"Slavers","floor":24,"turns":3},{"damage":6,"enemies":"Cultist and Chosen","floor":28,"turns":5},{"damage":6,"enemies":"Champ","floor":33,"turns":11},{"damage":0,"enemies":"3 Darklings","floor":35,"turns":2},{"damage":0,"enemies":"2 Orb Walkers","floor":39,"turns":3},{"damage":0,"enemies":"3 Shapes","floor":41,"turns":3},{"damage":1,"enemies":"Spire Growth","floor":45,"turns":3},{"damage":29,"enemies":"Reptomancer","floor":46,"turns":5},{"damage":21,"enemies":"Writhing Mass","floor":48,"turns":5},{"damage":62,"enemies":"Time Eater","floor":50,"turns":11}],"seed_played":"-5515146083406797504","potions_obtained":[{"floor":5,"key":"Regen Potion"},{"floor":8,"key":"Regen Potion"},{"floor":14,"key":"Energy Potion"},{"floor":16,"key":"Block Potion"}],"is_trial":false,"path_per_floor":["M","M","?","T","M","R","M","M","T","?","R","$","M","?","R","B",null,"M","M","M","?","M","R","E","R","T","?","M","T","$","?","R","B",null,"M","?","?","?","?","R","M","R","T","R","M","E","R","M","R","B"],"character_chosen":"DEFECT","items_purchased":["Sunder","Fruit Juice","Gash","Conserve Battery","Finesse"],"campfire_rested":5,"item_purchase_floors":[12,12,30,30,30],"current_hp_per_floor":[32,31,31,31,22,22,19,16,16,16,37,42,42,33,33,34,66,65,62,47,26,8,30,29,29,29,35,29,29,29,29,53,47,73,73,58,58,58,58,58,58,58,58,58,57,28,52,31,55,0],"gold":427,"neow_bonus":"THREE_RARE_CARDS","is_prod":false,"is_daily":false,"chose_seed":false,"campfire_upgraded":5,"win_rate":0,"timestamp":1569462744,"path_taken":["M","M","?","?","M","R","M","?","T","?","R","$","M","?","R","BOSS","M","M","M","?","M","R","E","R","T","?","M","?","$","?","R","BOSS","M","?","?","?","?","R","M","R","T","R","M","E","R","M","R","BOSS"],"build_version":"2019-07-17","purchased_purges":1,"victory":false,"max_hp_per_floor":[71,71,71,71,71,71,71,71,71,71,71,76,76,76,76,76,76,76,76,76,76,76,76,76,76,76,82,82,82,82,82,82,82,82,82,82,82,82,82,82,82,82,82,82,82,82,82,82,82,82],"card_choices":[{"not_picked":["Thunder Strike","Seek"],"picked":"All For One","floor":0},{"not_picked":["Chaos","Streamline"],"picked":"Rebound","floor":1},{"not_picked":["Doom and Gloom","Hologram"],"picked":"Coolheaded","floor":2},{"not_picked":["Stack","Redo"],"picked":"Steam","floor":5},{"not_picked":["Leap","Stack"],"picked":"Hologram","floor":7},{"not_picked":["Static Discharge","Melter"],"picked":"Ball Lightning","floor":8},{"not_picked":["Streamline","Blizzard"],"picked":"Scrape","floor":13},{"not_picked":["Doom and Gloom","Leap"],"picked":"Ball Lightning","floor":14},{"not_picked":["Hyperbeam","Rainbow"],"picked":"Seek","floor":16},{"not_picked":["Static Discharge","Ball Lightning","Redo"],"picked":"SKIP","floor":18},{"not_picked":["Lockon","Turbo","Barrage"],"picked":"SKIP","floor":19},{"not_picked":["Redo","Compile Driver","Rainbow"],"picked":"SKIP","floor":20},{"not_picked":["Auto Shields","Rebound"],"picked":"Beam Cell","floor":22},{"not_picked":["Reprogram","Steam Power"],"picked":"Sunder","floor":24},{"not_picked":["Rebound","Cold Snap"],"picked":"Chill+1","floor":28},{"not_picked":["Buffer","Rainbow"],"picked":"All For One","floor":33},{"not_picked":["Barrage","Cold Snap","Ball Lightning+1"],"picked":"SKIP","floor":35},{"not_picked":["Redo","Leap+1"],"picked":"Loop","floor":41},{"not_picked":["Consume+1","Chill","Cold Snap+1"],"picked":"SKIP","floor":45},{"not_picked":["Reprogram+1","Compile Driver","Sweeping Beam"],"picked":"SKIP","floor":46},{"not_picked":["Beam Cell","Rebound"],"picked":"Hologram","floor":48}],"player_experience":805214,"relics_obtained":[{"floor":4,"key":"Mercury Hourglass"},{"floor":9,"key":"Kunai"},{"floor":14,"key":"Odd Mushroom"},{"floor":21,"key":"Necronomicon"},{"floor":24,"key":"Ice Cream"},{"floor":26,"key":"Anchor"},{"floor":29,"key":"Ornamental Fan"},{"floor":39,"key":"Old Coin"},{"floor":46,"key":"Juzu Bracelet"}],"event_choices":[{"damage_healed":0,"gold_gain":0,"player_choice":"Grow","damage_taken":0,"max_hp_gain":0,"max_hp_loss":0,"event_name":"Living Wall","floor":3,"gold_loss":0,"cards_upgraded":["Zap"]},{"damage_healed":0,"gold_gain":68,"player_choice":"Gained Gold","damage_taken":0,"max_hp_gain":0,"max_hp_loss":0,"event_name":"Golden Wing","floor":10,"gold_loss":0},{"damage_healed":0,"gold_gain":0,"player_choice":"Fought Mushrooms","damage_taken":0,"max_hp_gain":0,"max_hp_loss":0,"event_name":"Mushrooms","floor":14,"gold_loss":0},{"damage_healed":0,"gold_gain":0,"player_choice":"Obtained Book","damage_taken":21,"max_hp_gain":0,"max_hp_loss":0,"event_name":"Cursed Tome","floor":21,"gold_loss":0},{"damage_healed":0,"gold_gain":0,"player_choice":"Opened","damage_taken":0,"relics_obtained":["Darkstone Periapt"],"max_hp_gain":0,"max_hp_loss":0,"event_name":"The Mausoleum","floor":27,"gold_loss":0,"cards_obtained":["Writhe"]},{"damage_healed":0,"gold_gain":0,"player_choice":"Simplicity","damage_taken":0,"max_hp_gain":0,"max_hp_loss":0,"event_name":"Back to Basics","floor":31,"gold_loss":0,"cards_upgraded":["Strike_B","Strike_B","Strike_B","Strike_B","Defend_B","Defend_B","Defend_B","Defend_B"]},{"damage_healed":0,"gold_gain":0,"player_choice":"Embrace Madness","damage_taken":15,"max_hp_gain":0,"max_hp_loss":0,"event_name":"Winding Halls","floor":36,"gold_loss":0,"cards_obtained":["Madness","Madness"]},{"cards_removed":["Ball Lightning"],"damage_healed":0,"gold_gain":0,"player_choice":"Removed Attack","damage_taken":0,"max_hp_gain":0,"max_hp_loss":0,"event_name":"Falling","floor":37,"gold_loss":0},{"damage_healed":0,"gold_gain":0,"player_choice":"Paid","damage_taken":0,"relics_obtained":["Red Mask"],"max_hp_gain":0,"max_hp_loss":0,"event_name":"Tomb of Lord Red Mask","floor":38,"gold_loss":133},{"damage_healed":0,"gold_gain":0,"player_choice":"Fight","damage_taken":0,"max_hp_gain":0,"max_hp_loss":0,"event_name":"Mysterious Sphere","floor":39,"gold_loss":0}],"is_beta":false,"boss_relics":[{"not_picked":["Runic Dome","Velvet Choker"],"picked":"Sozu"},{"not_picked":["FrozenCore","Tiny House"],"picked":"Snecko Eye"}],"items_purged_floors":[30],"is_endless":false,"potions_floor_spawned":[5,8,14,16,18,22,24,45,48],"killed_by":"Time Eater","ascension_level":20}