{"gold_per_floor":[118,66,66,40,190,190,221,221,221,192,192,192,192,225,225,225],"floor_reached":16,"playtime":243,"items_purged":[],"score":304,"play_id":"d8ef5dd9-57c0-4c60-97ce-4136f66b214f","local_time":"20190724173628","is_ascension_mode":true,"campfire_choices":[{"data":"Gash","floor":6,"key":"SMITH"},{"data":"Dualcast","floor":8,"key":"SMITH"},{"floor":13,"key":"REST"},{"data":"Recycle","floor":15,"key":"SMITH"}],"neow_cost":"NONE","seed_source_timestamp":1148859833035719,"circlet_count":0,"master_deck":["AscendersBane","Strike_B","Strike_B","Strike_B","Strike_B","Defend_B","Defend_B+1","Defend_B","Defend_B","Zap+1","Dualcast+1","Ball Lightning+1","Gash+1","Cold Snap","Doubt","Sweeping Beam","Conserve Battery","Recycle+1"],"relics":["Cracked Core","NeowsBlessing","Bag of Preparation","Matryoshka","Golden Idol","Bottled Flame"],"potions_floor_usage":[16],"damage_taken":[{"damage":0,"enemies":"Jaw Worm","floor":1,"turns":1},{"damage":0,"enemies":"Lagavulin","floor":7,"turns":1},{"damage":0,"enemies":"Gremlin Nob","floor":14,"turns":1},{"damage":43,"enemies":"Hexaghost","floor":16,"turns":10}],"seed_played":"5977933374042282831","potions_obtained":[{"floor":7,"key":"FocusPotion"},{"floor":14,"key":"SpeedPotion"}],"is_trial":false,"path_per_floor":["M","$","?","$","?","R","E","R","T","$","?","?","R","E","R","B"],"character_chosen":"DEFECT","items_purchased":["Gash","Cold Snap","Conserve Battery"],"campfire_rested":1,"item_purchase_floors":[2,4,10],"current_hp_per_floor":[64,64,64,64,64,64,64,64,64,64,43,19,40,40,40,0],"gold":225,"neow_bonus":"THREE_ENEMY_KILL","is_prod":false,"is_daily":false,"chose_seed":false,"campfire_upgraded":3,"win_rate":0,"timestamp":1564014988,"path_taken":["M","$","?","$","?","R","E","R","T","$","?","?","R","E","R","BOSS"],"build_version":"2019-07-17","purchased_purges":0,"victory":false,"max_hp_per_floor":[71,71,71,71,71,71,71,71,71,71,71,71,71,71,71,71],"card_choices":[{"not_picked":["Genetic Algorithm","Doom and Gloom"],"picked":"Ball Lightning","floor":1},{"not_picked":["Skim","Rebound"],"picked":"Sweeping Beam","floor":7},{"not_picked":["Skim","Stack"],"picked":"Recycle","floor":14}],"player_experience":701700,"relics_obtained":[{"floor":7,"key":"Bag of Preparation"},{"floor":9,"key":"Matryoshka"},{"floor":14,"key":"Bottled Flame"}],"event_choices":[{"damage_healed":0,"gold_gain":0,"player_choice":"Grow","damage_taken":0,"max_hp_gain":0,"max_hp_loss":0,"event_name":"Living Wall","floor":3,"gold_loss":0,"cards_upgraded":["Zap"]},{"damage_healed":0,"gold_gain":150,"player_choice":"AGREE","damage_taken":0,"max_hp_gain":0,"max_hp_loss":0,"event_name":"Liars Game","floor":5,"gold_loss":0,"cards_obtained":["Doubt"]},{"damage_healed":0,"gold_gain":0,"player_choice":"Entered Light","damage_taken":21,"max_hp_gain":0,"max_hp_loss":0,"event_name":"Shining Light","floor":11,"gold_loss":0,"cards_upgraded":["Ball Lightning","Defend_B"]},{"damage_healed":0,"gold_gain":0,"player_choice":"Take Damage","damage_taken":24,"relics_obtained":["Golden Idol"],"max_hp_gain":0,"max_hp_loss":0,"event_name":"Golden Idol","floor":12,"gold_loss":0}],"is_beta":false,"boss_relics":[],"items_purged_floors":[],"is_endless":false,"potions_floor_spawned":[7,14],"killed_by":"Hexaghost","ascension_level":20}