{"gold_per_floor":[115,115,115,129,54,89,89,100,127,144,144,172,86,86,86,181,181,199,298,298,316,316,348,348,68,68,68,96,96,111,26,26,127,127,141,216,227,246,264,299,318,318,341,341,341,341,358,358,358,358],"floor_reached":51,"playtime":3258,"items_purged":["Strike_B","Defend_B","Strike_B"],"score":771,"play_id":"455c0007-8d94-46f3-8188-b5346969736f","local_time":"20191020011555","is_ascension_mode":false,"campfire_choices":[{"floor":7,"key":"REST"},{"data":"Defragment","floor":11,"key":"SMITH"},{"floor":15,"key":"REST"},{"data":"Zap","floor":24,"key":"SMITH"},{"data":"Barrage","floor":27,"key":"SMITH"},{"data":"Multi-Cast","floor":32,"key":"SMITH"},{"floor":42,"key":"REST"},{"data":"Tempest","floor":44,"key":"SMITH"},{"floor":49,"key":"REST"}],"neow_cost":"TEN_PERCENT_HP_LOSS","seed_source_timestamp":864790897039000,"circlet_count":0,"master_deck":["Strike_B+1","Defend_B+1","Defend_B+1","Zap+1","Dualcast+1","Ball Lightning+1","Multi-Cast+1","Defragment+1","Coolheaded+1","Steam+1","Conserve Battery+1","Genetic Algorithm+1","Sweeping Beam+1","Seek+1","Melter+1","Capacitor+1","Barrage+1","Core Surge+1","Doom and Gloom+1","Ghostly+1","Ghostly+1","Ghostly+1","Ghostly+1","Ghostly+1","Chill+1","Buffer+1","FTL+1","Tempest+1","Consume+1","Self Repair+1"],"relics":["Cracked Core","Thread and Needle","Potion Belt","Smiling Mask","The Courier","Runic Pyramid","Nilry\u0027s Codex","MutagenicStrength","Question Card","Emotion Chip","Du-Vu Doll","PreservedInsect","Velvet Choker","Mummified Hand","Bag of Preparation","Mark of the Bloom"],"potions_floor_usage":[16,16,23,33,33,50,50,50],"damage_taken":[{"damage":0,"enemies":"Small Slimes","floor":1,"turns":3},{"damage":0,"enemies":"2 Louse","floor":4,"turns":2},{"damage":32,"enemies":"Gremlin Nob","floor":6,"turns":5},{"damage":0,"enemies":"Cultist","floor":8,"turns":3},{"damage":1,"enemies":"2 Fungi Beasts","floor":10,"turns":3},{"damage":3,"enemies":"Lagavulin","floor":12,"turns":7},{"damage":26,"enemies":"Slime Boss","floor":16,"turns":11},{"damage":5,"enemies":"Shell Parasite","floor":18,"turns":6},{"damage":6,"enemies":"3 Byrds","floor":21,"turns":4},{"damage":0,"enemies":"Gremlin Leader","floor":23,"turns":6},{"damage":19,"enemies":"Book of Stabbing","floor":28,"turns":6},{"damage":0,"enemies":"Snake Plant","floor":30,"turns":4},{"damage":10,"enemies":"Champ","floor":33,"turns":13},{"damage":1,"enemies":"3 Shapes","floor":35,"turns":4},{"damage":0,"enemies":"Orb Walker","floor":37,"turns":2},{"damage":13,"enemies":"Maw","floor":38,"turns":10},{"damage":0,"enemies":"3 Darklings","floor":39,"turns":6},{"damage":0,"enemies":"Reptomancer","floor":40,"turns":5},{"damage":0,"enemies":"Spire Growth","floor":41,"turns":6},{"damage":0,"enemies":"Writhing Mass","floor":47,"turns":6},{"damage":2,"enemies":"Time Eater","floor":50,"turns":11}],"seed_played":"-8377767920542969587","potions_obtained":[{"floor":4,"key":"SmokeBomb"},{"floor":8,"key":"EntropicBrew"},{"floor":12,"key":"Strength Potion"},{"floor":21,"key":"AttackPotion"},{"floor":35,"key":"FocusPotion"},{"floor":41,"key":"PowerPotion"},{"floor":47,"key":"SteroidPotion"}],"is_trial":false,"path_per_floor":["M","?","?","M","$","E","R","M","T","M","R","E","$","?","R","B",null,"M","?","?","M","?","E","R","$","T","R","E","?","M","?","R","B",null,"M","?","M","M","M","E","M","R","T","R","?","?","M","?","R","B",null],"character_chosen":"DEFECT","items_purchased":["Sweeping Beam","Capacitor","Barrage","Core Surge"],"campfire_rested":4,"item_purchase_floors":[13,25,25,25],"current_hp_per_floor":[68,61,61,61,61,29,49,49,49,48,48,45,45,31,51,25,68,63,63,47,41,41,41,41,41,41,41,22,22,22,22,22,12,34,33,30,30,17,17,17,17,27,27,27,27,27,27,27,27,25],"gold":358,"neow_bonus":"ONE_RARE_RELIC","is_prod":false,"is_daily":false,"chose_seed":false,"campfire_upgraded":5,"win_rate":0,"timestamp":1571548555,"path_taken":["M","?","?","M","$","E","R","M","T","M","R","E","$","?","R","BOSS","M","?","?","M","?","E","R","$","T","R","E","?","M","?","R","BOSS","M","?","?","M","M","E","M","R","T","R","?","?","M","?","R","BOSS"],"build_version":"2019-07-17","purchased_purges":3,"victory":true,"max_hp_per_floor":[68,68,68,68,68,68,68,68,68,68,68,68,68,68,68,68,68,68,68,68,68,68,68,68,68,68,68,68,34,34,34,34,34,34,34,34,34,34,34,34,34,34,34,34,34,32,32,32,32,32],"card_choices":[{"not_picked":["Go for the Eyes","Aggregate"],"picked":"Ball Lightning","floor":1},{"not_picked":["White Noise","Hologram"],"picked":"Defragment","floor":4},{"not_picked":["Cold Snap","BootSequence"],"picked":"Coolheaded","floor":6},{"not_picked":["Fusion","Melter"],"picked":"Steam","floor":8},{"not_picked":["Coolheaded","Compile Driver"],"picked":"Conserve Battery","floor":10},{"not_picked":["Conserve Battery","Multi-Cast"],"picked":"Genetic Algorithm","floor":12},{"not_picked":["All For One","Creative AI"],"picked":"Seek","floor":16},{"not_picked":["Barrage","Steam","Cold Snap"],"picked":"SKIP","floor":18},{"not_picked":["Compile Driver","Force Field"],"picked":"Melter+1","floor":21},{"not_picked":["Genetic Algorithm+1","Leap+1","Sweeping Beam+1"],"picked":"SKIP","floor":23},{"not_picked":["Fusion","Streamline","Stack"],"picked":"Doom and Gloom+1","floor":28},{"not_picked":["Echo Form","Go for the Eyes","Leap"],"picked":"Chill+1","floor":30},{"not_picked":["Machine Learning","Meteor Strike","Thunder Strike"],"picked":"Buffer","floor":33},{"not_picked":["Gash+1","Compile Driver","Stack+1","Conserve Battery"],"picked":"SKIP","floor":35},{"not_picked":["Aggregate","Leap","Rebound+1"],"picked":"FTL+1","floor":37},{"not_picked":["Undo+1","Beam Cell+1","Barrage"],"picked":"Tempest","floor":38},{"not_picked":["Fission","Barrage+1","Stack","Capacitor+1"],"picked":"SKIP","floor":39},{"not_picked":["Coolheaded+1","Hologram+1","Undo+1"],"picked":"Consume+1","floor":40},{"not_picked":["Compile Driver","Conserve Battery+1","Hello World+1"],"picked":"Self Repair+1","floor":41},{"not_picked":["Cold Snap+1","Streamline+1","Skim+1","Doom and Gloom+1"],"picked":"SKIP","floor":47}],"player_experience":434952,"relics_obtained":[{"floor":6,"key":"Potion Belt"},{"floor":9,"key":"Smiling Mask"},{"floor":12,"key":"The Courier"},{"floor":20,"key":"Nilry\u0027s Codex"},{"floor":23,"key":"Question Card"},{"floor":26,"key":"Emotion Chip"},{"floor":28,"key":"Du-Vu Doll"},{"floor":40,"key":"Mummified Hand"},{"floor":43,"key":"Bag of Preparation"}],"event_choices":[{"cards_removed":["Strike_B"],"damage_healed":0,"gold_gain":0,"player_choice":"Card Removal","damage_taken":7,"max_hp_gain":0,"max_hp_loss":0,"event_name":"Golden Wing","floor":2,"gold_loss":0},{"damage_healed":0,"gold_gain":0,"cards_transformed":["Defend_B"],"player_choice":"Change","damage_taken":0,"max_hp_gain":0,"max_hp_loss":0,"event_name":"Living Wall","floor":3,"gold_loss":0,"cards_obtained":["Multi-Cast"]},{"damage_healed":0,"gold_gain":0,"player_choice":"Entered Light","damage_taken":14,"max_hp_gain":0,"max_hp_loss":0,"event_name":"Shining Light","floor":14,"gold_loss":0,"cards_upgraded":["Dualcast","Steam"]},{"damage_healed":0,"gold_gain":99,"player_choice":"Stole From Cult","damage_taken":0,"max_hp_gain":0,"max_hp_loss":0,"event_name":"Nest","floor":19,"gold_loss":0},{"damage_healed":0,"gold_gain":0,"player_choice":"Obtained Book","damage_taken":16,"max_hp_gain":0,"max_hp_loss":0,"event_name":"Cursed Tome","floor":20,"gold_loss":0},{"damage_healed":0,"gold_gain":0,"player_choice":"Inject Mutagens","damage_taken":0,"relics_obtained":["MutagenicStrength"],"max_hp_gain":0,"max_hp_loss":0,"event_name":"Drug Dealer","floor":22,"gold_loss":0},{"damage_healed":0,"gold_gain":0,"player_choice":"Became a Ghost","damage_taken":0,"max_hp_gain":0,"max_hp_loss":34,"event_name":"Ghosts","floor":29,"gold_loss":0,"cards_obtained":["Ghostly","Ghostly","Ghostly","Ghostly","Ghostly"]},{"damage_healed":0,"gold_gain":0,"player_choice":"Obtained Relic","damage_taken":0,"relics_obtained":["PreservedInsect"],"max_hp_gain":0,"max_hp_loss":0,"event_name":"Addict","floor":31,"gold_loss":85},{"damage_healed":0,"gold_gain":75,"player_choice":"Touch","damage_taken":3,"max_hp_gain":0,"max_hp_loss":0,"event_name":"FaceTrader","floor":36,"gold_loss":0},{"damage_healed":0,"gold_gain":0,"player_choice":"Ignored","damage_taken":0,"max_hp_gain":0,"max_hp_loss":0,"event_name":"Mysterious Sphere","floor":45,"gold_loss":0},{"damage_healed":0,"gold_gain":0,"player_choice":"Max HP","damage_taken":0,"max_hp_gain":0,"max_hp_loss":2,"event_name":"Winding Halls","floor":46,"gold_loss":0},{"damage_healed":0,"gold_gain":0,"player_choice":"Upgrade","damage_taken":0,"relics_obtained":["Mark of the Bloom"],"max_hp_gain":0,"max_hp_loss":0,"event_name":"MindBloom","floor":48,"gold_loss":0,"cards_upgraded":["Strike_B","Defend_B","Defend_B","Ball Lightning","Coolheaded","Conserve Battery","Genetic Algorithm","Sweeping Beam","Seek","Capacitor","Core Surge","Ghostly","Ghostly","Ghostly","Ghostly","Ghostly","Buffer"]}],"is_beta":false,"boss_relics":[{"not_picked":["Snecko Eye","Empty Cage"],"picked":"Runic Pyramid"},{"not_picked":["Inserter","Pandora\u0027s Box"],"picked":"Velvet Choker"}],"items_purged_floors":[5,13,25],"is_endless":false,"potions_floor_spawned":[4,8,12,21,35,41,47],"ascension_level":0}