{"gold_per_floor":[118,118,130,280,355,355,373,401,401,415,429,429],"floor_reached":12,"playtime":271,"items_purged":[],"score":160,"play_id":"34818788-f90d-4806-b9af-fde26734c668","local_time":"20190817101044","is_ascension_mode":true,"campfire_choices":[{"data":"Hyperbeam","floor":6,"key":"SMITH"}],"neow_cost":"NONE","seed_source_timestamp":259109262609900,"circlet_count":0,"master_deck":["AscendersBane","Strike_B","Strike_B","Strike_B","Strike_B","Defend_B","Defend_B","Defend_B","Defend_B","Zap","Dualcast","Hyperbeam+1","Leap","Defragment","Doubt","Defragment","Hologram","Cold Snap+1"],"relics":["Cracked Core","Nunchaku","Bag of Preparation","Molten Egg 2"],"potions_floor_usage":[8,8],"damage_taken":[{"damage":2,"enemies":"Cultist","floor":1,"turns":4},{"damage":0,"enemies":"2 Louse","floor":3,"turns":1},{"damage":7,"enemies":"Jaw Worm","floor":7,"turns":4},{"damage":16,"enemies":"Lagavulin","floor":8,"turns":8},{"damage":0,"enemies":"3 Louse","floor":10,"turns":1},{"damage":0,"enemies":"Exordium Wildlife","floor":11,"turns":2},{"damage":22,"enemies":"Gremlin Nob","floor":12,"turns":3}],"seed_played":"5573656350299183691","potions_obtained":[{"floor":1,"key":"Poison Potion"},{"floor":7,"key":"EssenceOfSteel"}],"is_trial":false,"path_per_floor":["M","?","M","?","?","R","M","E","T","M","M","E"],"character_chosen":"DEFECT","items_purchased":[],"campfire_rested":0,"item_purchase_floors":[],"current_hp_per_floor":[62,44,44,44,33,33,26,10,10,10,10,0],"gold":429,"neow_bonus":"ONE_RANDOM_RARE_CARD","is_prod":false,"is_daily":false,"chose_seed":false,"campfire_upgraded":1,"win_rate":0,"timestamp":1566061844,"path_taken":["M","?","M","?","?","R","M","E","T","?","M","E"],"build_version":"2019-07-17","purchased_purges":0,"victory":false,"max_hp_per_floor":[71,71,71,71,71,71,71,71,71,71,71,71],"card_choices":[{"not_picked":["Aggregate","Lockon"],"picked":"Leap","floor":1},{"not_picked":["Stack","Storm"],"picked":"Defragment","floor":3},{"not_picked":["Redo","Compile Driver"],"picked":"Defragment","floor":7},{"not_picked":["Tempest","Sweeping Beam"],"picked":"Hologram","floor":8},{"not_picked":["Barrage+1","Chaos","Consume"],"picked":"SKIP","floor":10},{"not_picked":["Beam Cell+1","Reprogram"],"picked":"Cold Snap+1","floor":11}],"player_experience":732185,"relics_obtained":[{"floor":8,"key":"Bag of Preparation"},{"floor":9,"key":"Molten Egg 2"}],"event_choices":[{"damage_healed":0,"gold_gain":0,"player_choice":"Success","damage_taken":18,"relics_obtained":["Nunchaku"],"max_hp_gain":0,"max_hp_loss":0,"event_name":"Scrap Ooze","floor":2,"gold_loss":0},{"damage_healed":0,"gold_gain":150,"player_choice":"AGREE","damage_taken":0,"max_hp_gain":0,"max_hp_loss":0,"event_name":"Liars Game","floor":4,"gold_loss":0,"cards_obtained":["Doubt"]},{"damage_healed":0,"gold_gain":75,"player_choice":"Gather Gold","damage_taken":11,"max_hp_gain":0,"max_hp_loss":0,"event_name":"World of Goop","floor":5,"gold_loss":0}],"is_beta":false,"boss_relics":[],"items_purged_floors":[],"is_endless":false,"potions_floor_spawned":[1,7],"killed_by":"Gremlin Nob","ascension_level":20}