{"gold_per_floor":[112,17,33,44,44,44,75,89,164,196,196,222,222,93,93,169,169,121,134,150,150],"floor_reached":21,"playtime":936,"items_purged":["Strike_B"],"score":398,"play_id":"82271b24-559e-4b0e-8f58-4df6de1d4e33","local_time":"20191025115954","is_ascension_mode":true,"campfire_choices":[{"data":"Zap","floor":6,"key":"SMITH"},{"floor":11,"key":"REST"},{"floor":15,"key":"REST"}],"neow_cost":"NONE","seed_source_timestamp":1105597538055300,"circlet_count":0,"master_deck":["AscendersBane","Strike_B","Strike_B","Defend_B","Defend_B","Defend_B","Defend_B","Zap+1","Dualcast","Conserve Battery","Capacitor+1","Gash","Conserve Battery","Cold Snap","Defragment","Cold Snap","Capacitor","Blizzard","Core Surge","Barrage","Hologram","Hologram"],"relics":["Cracked Core","NeowsBlessing","Girya","Ornamental Fan","DataDisk","Lantern","Runic Pyramid"],"potions_floor_usage":[10,16,19],"damage_taken":[{"damage":0,"enemies":"Cultist","floor":1,"turns":1},{"damage":0,"enemies":"2 Louse","floor":3,"turns":1},{"damage":0,"enemies":"Small Slimes","floor":4,"turns":1},{"damage":21,"enemies":"3 Sentries","floor":7,"turns":11},{"damage":13,"enemies":"Gremlin Gang","floor":8,"turns":5},{"damage":29,"enemies":"Gremlin Nob","floor":10,"turns":6},{"damage":21,"enemies":"3 Sentries","floor":12,"turns":13},{"damage":19,"enemies":"The Guardian","floor":16,"turns":12},{"damage":24,"enemies":"2 Thieves","floor":18,"turns":5},{"damage":0,"enemies":"Spheric Guardian","floor":19,"turns":6},{"damage":18,"enemies":"Snake Plant","floor":20,"turns":6},{"damage":14,"enemies":"Centurion and Healer","floor":21,"turns":2}],"seed_played":"2096867006764741054","potions_obtained":[{"floor":8,"key":"Weak Potion"},{"floor":10,"key":"Ancient Potion"},{"floor":18,"key":"Block Potion"}],"is_trial":false,"path_per_floor":["M","$","M","M","?","R","E","M","T","E","R","E","?","$","R","B",null,"M","M","M","M"],"character_chosen":"DEFECT","items_purchased":["Capacitor","Gash","PowerPotion"],"campfire_rested":2,"item_purchase_floors":[2,2,14],"current_hp_per_floor":[64,64,64,64,64,64,43,30,30,1,22,1,1,1,22,3,54,30,30,12,0],"gold":150,"neow_bonus":"THREE_ENEMY_KILL","is_prod":false,"is_daily":false,"chose_seed":false,"campfire_upgraded":1,"win_rate":0,"timestamp":1572029994,"path_taken":["M","?","?","M","?","R","E","?","T","E","R","E","?","$","R","BOSS","M","M","M","?"],"build_version":"2019-07-17","purchased_purges":1,"victory":false,"max_hp_per_floor":[71,71,71,71,71,71,71,71,71,71,71,71,71,71,71,71,71,71,71,71,71],"card_choices":[{"not_picked":["Sweeping Beam","Beam Cell"],"picked":"Conserve Battery","floor":1},{"not_picked":["Steam","Coolheaded"],"picked":"Conserve Battery","floor":3},{"not_picked":["Rebound","Reprogram"],"picked":"Cold Snap","floor":4},{"not_picked":["Conserve Battery","Self Repair"],"picked":"Defragment","floor":7},{"not_picked":["Steam","Reprogram"],"picked":"Cold Snap","floor":8},{"not_picked":["Auto Shields","Turbo"],"picked":"Capacitor","floor":10},{"not_picked":["Capacitor","Double Energy"],"picked":"Blizzard","floor":12},{"not_picked":["Reboot","Seek"],"picked":"Core Surge","floor":16},{"not_picked":["Stack","Gash"],"picked":"Barrage","floor":18},{"not_picked":["Static Discharge","Steam"],"picked":"Hologram","floor":19},{"not_picked":["Barrage","Rebound"],"picked":"Hologram","floor":20}],"player_experience":903681,"relics_obtained":[{"floor":7,"key":"Girya"},{"floor":9,"key":"Ornamental Fan"},{"floor":10,"key":"DataDisk"},{"floor":12,"key":"Lantern"}],"event_choices":[{"damage_healed":0,"gold_gain":0,"player_choice":"Upgraded","damage_taken":0,"max_hp_gain":0,"max_hp_loss":0,"event_name":"Upgrade Shrine","floor":5,"gold_loss":0,"cards_upgraded":["Capacitor"]},{"cards_removed":["Strike_B"],"damage_healed":0,"gold_gain":0,"player_choice":"Purged","damage_taken":0,"max_hp_gain":0,"max_hp_loss":0,"event_name":"Purifier","floor":13,"gold_loss":0}],"is_beta":false,"boss_relics":[{"not_picked":["Coffee Dripper","White Beast Statue"],"picked":"Runic Pyramid"}],"items_purged_floors":[14],"is_endless":false,"potions_floor_spawned":[8,10,18],"killed_by":"Centurion and Healer","ascension_level":20}