{"gold_per_floor":[113,188,200,214,98,98,108,135,185,360,371,371,396,408,408,508,508,521,540,540,25,25,25],"floor_reached":23,"playtime":1248,"items_purged":["Strike_B"],"score":201,"play_id":"8f1f96c7-3b21-4335-9586-bf530ecd6a93","local_time":"20191024234201","is_ascension_mode":false,"campfire_choices":[{"data":"Defragment","floor":6,"key":"SMITH"},{"floor":12,"key":"REST"},{"data":"Undo","floor":15,"key":"SMITH"}],"neow_cost":"NONE","seed_source_timestamp":1293199018959600,"circlet_count":0,"master_deck":["Strike_B","Strike_B","Strike_B","Defend_B","Defend_B","Defend_B","Defend_B","Zap+1","Dualcast","Defragment+1","Defragment","Genetic Algorithm","Undo+1","Tempest","Doubt","Cold Snap","Streamline","Seek","Coolheaded","Self Repair"],"relics":["Cracked Core","Bottled Tornado","Boot","Happy Flower","Inserter","Chemical X","Letter Opener","Enchiridion"],"potions_floor_usage":[14,23,23],"damage_taken":[{"damage":0,"enemies":"Small Slimes","floor":1,"turns":3},{"damage":2,"enemies":"2 Louse","floor":3,"turns":3},{"damage":0,"enemies":"Cultist","floor":4,"turns":3},{"damage":0,"enemies":"Blue Slaver","floor":7,"turns":3},{"damage":20,"enemies":"Gremlin Nob","floor":8,"turns":4},{"damage":7,"enemies":"Looter","floor":11,"turns":4},{"damage":11,"enemies":"Lagavulin","floor":13,"turns":6},{"damage":11,"enemies":"3 Louse","floor":14,"turns":2},{"damage":9,"enemies":"The Guardian","floor":16,"turns":11},{"damage":10,"enemies":"3 Byrds","floor":18,"turns":4},{"damage":8,"enemies":"Chosen","floor":19,"turns":5},{"damage":52,"enemies":"Gremlin Leader","floor":23,"turns":7}],"seed_played":"-1060153241799378502","potions_obtained":[{"floor":8,"key":"Fire Potion"},{"floor":11,"key":"Weak Potion"},{"floor":13,"key":"Strength Potion"},{"floor":16,"key":"Poison Potion"},{"floor":18,"key":"Energy Potion"}],"is_trial":false,"path_per_floor":["M","?","M","M","$","R","M","E","T","?","M","R","E","M","R","B",null,"M","M","?","$","?","E"],"character_chosen":"DEFECT","items_purchased":["Undo","Self Repair","Chemical X","Letter Opener"],"campfire_rested":1,"item_purchase_floors":[5,21,21,21],"current_hp_per_floor":[75,64,62,62,62,62,62,42,42,42,35,57,46,35,35,26,75,65,57,57,57,41,0],"gold":25,"neow_bonus":"UPGRADE_CARD","is_prod":false,"is_daily":false,"chose_seed":false,"campfire_upgraded":2,"win_rate":0,"timestamp":1571974921,"path_taken":["M","?","M","M","$","R","M","E","T","?","M","R","E","M","R","BOSS","M","M","?","$","?","E"],"build_version":"2019-07-17","purchased_purges":1,"victory":false,"max_hp_per_floor":[75,75,75,75,75,75,75,75,75,75,75,75,75,75,75,75,75,75,75,75,75,75,75],"card_choices":[{"not_picked":["Leap","Redo"],"picked":"Defragment","floor":1},{"not_picked":["Stack","Conserve Battery"],"picked":"Defragment","floor":3},{"not_picked":["Doom and Gloom","Compile Driver"],"picked":"Genetic Algorithm","floor":4},{"not_picked":["Ball Lightning","Stack"],"picked":"Tempest","floor":7},{"not_picked":["Aggregate","Force Field","Reinforced Body"],"picked":"SKIP","floor":8},{"not_picked":["Go for the Eyes","Scrape"],"picked":"Cold Snap","floor":11},{"not_picked":["Recycle","Force Field","Storm"],"picked":"SKIP","floor":13},{"not_picked":["Melter","Rebound"],"picked":"Streamline","floor":14},{"not_picked":["Multi-Cast","Biased Cognition"],"picked":"Seek","floor":16},{"not_picked":["Steam","Turbo","Gash+1"],"picked":"SKIP","floor":18},{"not_picked":["Rebound","Sweeping Beam","Stack"],"picked":"SKIP","floor":19}],"player_experience":454748,"relics_obtained":[{"floor":8,"key":"Bottled Tornado"},{"floor":9,"key":"Boot"},{"floor":13,"key":"Happy Flower"},{"floor":22,"key":"Enchiridion"}],"event_choices":[{"damage_healed":0,"gold_gain":75,"player_choice":"Gather Gold","damage_taken":11,"max_hp_gain":0,"max_hp_loss":0,"event_name":"World of Goop","floor":2,"gold_loss":0},{"damage_healed":0,"gold_gain":175,"player_choice":"AGREE","damage_taken":0,"max_hp_gain":0,"max_hp_loss":0,"event_name":"Liars Game","floor":10,"gold_loss":0,"cards_obtained":["Doubt"]},{"damage_healed":0,"gold_gain":0,"player_choice":"Read","damage_taken":0,"max_hp_gain":0,"max_hp_loss":0,"event_name":"The Library","floor":20,"gold_loss":0,"cards_obtained":["Coolheaded"]},{"damage_healed":0,"gold_gain":0,"player_choice":"Obtained Book","damage_taken":16,"max_hp_gain":0,"max_hp_loss":0,"event_name":"Cursed Tome","floor":22,"gold_loss":0}],"is_beta":false,"boss_relics":[{"not_picked":["Eternal Feather","Sozu"],"picked":"Inserter"}],"items_purged_floors":[5],"is_endless":false,"potions_floor_spawned":[8,11,13,16,18],"killed_by":"Gremlin Leader","ascension_level":0}