{"gold_per_floor":[13,28,28,40,57,83,93,118,118,147,95,95,122,133,133,210,210,150,150,150,150,150,150,150,150,150,150,150,150,150,20,20,20,20,20,20,20,20,20,20,20,20,20,20,20,20,20,20,20,20],"floor_reached":51,"playtime":2681,"items_purged":["Strike_R"],"score":1182,"play_id":"0f6192bd-08f3-43b5-98c1-b406d234a9e2","local_time":"20191027134338","is_ascension_mode":true,"campfire_choices":[{"data":"Wild Strike","floor":12,"key":"SMITH"},{"data":"True Grit","floor":15,"key":"SMITH"},{"data":"RitualDagger","floor":23,"key":"SMITH"},{"data":"Evolve","floor":25,"key":"SMITH"},{"data":"Second Wind","floor":29,"key":"SMITH"},{"data":"Disarm","floor":32,"key":"SMITH"},{"floor":40,"key":"REST"},{"floor":49,"key":"REST"}],"neow_cost":"NO_GOLD","seed_source_timestamp":104922412646600,"circlet_count":0,"master_deck":["AscendersBane","Strike_R","Strike_R","Defend_R","Defend_R","Defend_R","Bash","Disarm+1","Clothesline","Evolve+1","Battle Trance","True Grit+1","Power Through","Wild Strike+1","Second Wind+1","RitualDagger+1","Shame","Immolate","Fire Breathing+1","Flame Barrier+1","Wild Strike+1"],"relics":["Burning Blood","Thread and Needle","Mummified Hand","Champion Belt","Matryoshka","Du-Vu Doll","The Courier","Ectoplasm","Frozen Egg 2","Akabeko","Gremlin Horn","Fusion Hammer","Gambling Chip","Pocketwatch","Meat on the Bone","Question Card"],"potions_floor_usage":[8,10,13,16,33,50],"damage_taken":[{"damage":0,"enemies":"Cultist","floor":1,"turns":4},{"damage":4,"enemies":"Jaw Worm","floor":2,"turns":4},{"damage":0,"enemies":"Small Slimes","floor":4,"turns":4},{"damage":3,"enemies":"Exordium Wildlife","floor":5,"turns":4},{"damage":31,"enemies":"Lagavulin","floor":6,"turns":10},{"damage":0,"enemies":"Blue Slaver","floor":7,"turns":5},{"damage":12,"enemies":"3 Sentries","floor":8,"turns":15},{"damage":13,"enemies":"Gremlin Nob","floor":10,"turns":4},{"damage":6,"enemies":"3 Sentries","floor":13,"turns":7},{"damage":0,"enemies":"3 Louse","floor":14,"turns":3},{"damage":24,"enemies":"Slime Boss","floor":16,"turns":10},{"damage":13,"enemies":"2 Thieves","floor":18,"turns":4},{"damage":0,"enemies":"Chosen","floor":20,"turns":4},{"damage":3,"enemies":"Snake Plant","floor":21,"turns":5},{"damage":8,"enemies":"Snecko","floor":24,"turns":5},{"damage":0,"enemies":"Shelled Parasite and Fungi","floor":28,"turns":7},{"damage":14,"enemies":"3 Cultists","floor":30,"turns":7},{"damage":26,"enemies":"Collector","floor":33,"turns":9},{"damage":9,"enemies":"3 Darklings","floor":35,"turns":4},{"damage":0,"enemies":"Mind Bloom Boss Battle","floor":37,"turns":5},{"damage":0,"enemies":"3 Shapes","floor":41,"turns":2},{"damage":18,"enemies":"2 Orb Walkers","floor":42,"turns":3},{"damage":0,"enemies":"Spire Growth","floor":45,"turns":4},{"damage":0,"enemies":"4 Shapes","floor":47,"turns":5},{"damage":4,"enemies":"Sphere and 2 Shapes","floor":48,"turns":3},{"damage":13,"enemies":"Donu and Deca","floor":50,"turns":7}],"seed_played":"-8424260550837351768","potions_obtained":[{"floor":2,"key":"AttackPotion"},{"floor":7,"key":"Dexterity Potion"},{"floor":8,"key":"AttackPotion"},{"floor":10,"key":"Fire Potion"},{"floor":14,"key":"EssenceOfSteel"},{"floor":16,"key":"Regen Potion"},{"floor":35,"key":"LiquidMemories"}],"is_trial":false,"path_per_floor":["M","M","?","M","M","E","M","E","T","E","$","R","E","M","R","B",null,"M","?","M","M","?","R","M","R","T","?","M","R","M","$","R","B",null,"M","$","?","?","$","R","M","?","T","$","M","?","M","M","R","B",null],"character_chosen":"IRONCLAD","items_purchased":["Wild Strike","Fire Breathing+1"],"campfire_rested":2,"item_purchase_floors":[11,31],"current_hp_per_floor":[74,75,75,75,75,50,56,50,50,43,43,43,43,49,49,31,64,57,51,57,60,60,60,58,58,58,58,64,64,56,56,56,51,69,66,66,72,72,72,75,75,63,63,63,69,69,75,75,75,68],"gold":20,"neow_bonus":"ONE_RARE_RELIC","is_prod":false,"is_daily":false,"chose_seed":false,"campfire_upgraded":6,"win_rate":0,"timestamp":1572180218,"path_taken":["M","M","?","M","M","E","M","E","T","E","$","R","E","M","R","BOSS","M","?","M","M","?","R","M","R","T","?","M","R","M","$","R","BOSS","M","$","?","?","?","R","M","?","T","$","M","?","M","M","R","BOSS"],"build_version":"2019-10-25-V3","purchased_purges":1,"victory":true,"max_hp_per_floor":[75,75,75,75,75,75,75,75,75,75,75,75,75,75,75,75,75,75,75,75,75,75,75,75,75,75,75,75,75,75,75,75,75,75,75,75,75,75,75,75,75,75,75,75,75,75,75,75,75,75],"card_choices":[{"not_picked":["Headbutt","Dark Embrace"],"picked":"Disarm","floor":1},{"not_picked":["Dropkick","Blood for Blood"],"picked":"Clothesline","floor":2},{"not_picked":["Searing Blow","Infernal Blade","Armaments"],"picked":"SKIP","floor":4},{"not_picked":["Iron Wave","Flex","Cleave"],"picked":"SKIP","floor":5},{"not_picked":["Perfected Strike","Pummel","Feel No Pain"],"picked":"SKIP","floor":6},{"not_picked":["Clash","Whirlwind"],"picked":"Battle Trance","floor":7},{"not_picked":["Dark Embrace","Reaper"],"picked":"True Grit","floor":8},{"not_picked":["Perfected Strike","Heavy Blade"],"picked":"Power Through","floor":10},{"not_picked":["Iron Wave","Clash"],"picked":"Second Wind","floor":13},{"not_picked":["Flex","Cleave","Clothesline"],"picked":"SKIP","floor":14},{"not_picked":["True Grit","Evolve+1","Clothesline"],"picked":"SKIP","floor":18},{"not_picked":["Infernal Blade","Power Through","Pommel Strike"],"picked":"SKIP","floor":20},{"not_picked":["Havoc","Burning Pact","Headbutt"],"picked":"SKIP","floor":21},{"not_picked":["Iron Wave","Pommel Strike","Flex"],"picked":"SKIP","floor":24},{"not_picked":["Armaments+1","True Grit","Headbutt+1"],"picked":"SKIP","floor":28},{"not_picked":["Combust+1","Iron Wave"],"picked":"Immolate","floor":30},{"not_picked":["Anger","True Grit","Burning Pact"],"picked":"SKIP","floor":35},{"not_picked":["Iron Wave","Havoc","Intimidate"],"picked":"SKIP","floor":41},{"not_picked":["Iron Wave","Pommel Strike+1","Warcry+1"],"picked":"Flame Barrier+1","floor":45},{"not_picked":["Reaper","Hemokinesis","Flex","Disarm"],"picked":"SKIP","floor":47},{"not_picked":["Flex+1","Anger","Body Slam"],"picked":"Wild Strike+1","floor":48}],"player_experience":578076,"relics_obtained":[{"floor":6,"key":"Mummified Hand"},{"floor":8,"key":"Champion Belt"},{"floor":9,"key":"Matryoshka"},{"floor":10,"key":"Du-Vu Doll"},{"floor":13,"key":"The Courier"},{"floor":26,"key":"Frozen Egg 2"},{"floor":26,"key":"Akabeko"},{"floor":37,"key":"Gambling Chip"},{"floor":42,"key":"Pocketwatch"},{"floor":43,"key":"Meat on the Bone"},{"floor":43,"key":"Question Card"}],"event_choices":[{"damage_healed":0,"gold_gain":0,"cards_transformed":["Strike_R"],"player_choice":"Transformed","damage_taken":0,"max_hp_gain":0,"max_hp_loss":0,"event_name":"Transmorgrifier","floor":3,"gold_loss":0,"cards_obtained":["Evolve"]},{"damage_healed":0,"gold_gain":0,"player_choice":"Joined the Cult","damage_taken":6,"max_hp_gain":0,"max_hp_loss":0,"event_name":"Nest","floor":19,"gold_loss":0,"cards_obtained":["RitualDagger"]},{"cards_removed":["Strike_R"],"damage_healed":0,"gold_gain":0,"player_choice":"Elegance","damage_taken":0,"max_hp_gain":0,"max_hp_loss":0,"event_name":"Back to Basics","floor":22,"gold_loss":0},{"damage_healed":0,"gold_gain":0,"player_choice":"Stole Relic","damage_taken":0,"relics_obtained":["Gremlin Horn"],"max_hp_gain":0,"max_hp_loss":0,"event_name":"Addict","floor":27,"gold_loss":0,"cards_obtained":["Shame"]},{"damage_healed":0,"gold_gain":0,"player_choice":"Fight","damage_taken":0,"max_hp_gain":0,"max_hp_loss":0,"event_name":"MindBloom","floor":37,"gold_loss":0},{"damage_healed":0,"gold_gain":0,"player_choice":"Memory 1","damage_taken":0,"max_hp_gain":0,"max_hp_loss":0,"event_name":"SensoryStone","floor":38,"gold_loss":0},{"damage_healed":0,"gold_gain":0,"player_choice":"Fight","damage_taken":0,"max_hp_gain":0,"max_hp_loss":0,"event_name":"Mysterious Sphere","floor":42,"gold_loss":0},{"cards_removed":["Defend_R"],"damage_healed":0,"gold_gain":0,"player_choice":"Removed Skill","damage_taken":0,"max_hp_gain":0,"max_hp_loss":0,"event_name":"Falling","floor":46,"gold_loss":0}],"is_beta":true,"boss_relics":[{"not_picked":["Runic Dome","Tiny House"],"picked":"Ectoplasm"},{"not_picked":["Pandora\u0027s Box","Sozu"],"picked":"Fusion Hammer"}],"items_purged_floors":[31],"is_endless":false,"potions_floor_spawned":[2,7,8,10,14,16,18,20,24,28,35,42,47],"ascension_level":16}