{"gold_per_floor":[116,133,150,225,241,241,241,277,300,300,315,315],"floor_reached":12,"playtime":355,"items_purged":[],"score":160,"play_id":"1351b721-abac-4093-b8cf-e4fbf6d5c17d","local_time":"20191006180125","is_ascension_mode":true,"campfire_choices":[{"data":"Zap","floor":6,"key":"SMITH"},{"floor":10,"key":"REST"}],"neow_cost":"NONE","seed_source_timestamp":2221041674283000,"circlet_count":0,"master_deck":["AscendersBane","Strike_B","Strike_B","Strike_B","Strike_B","Defend_B","Defend_B","Defend_B","Defend_B","Zap+1","Dualcast","Coolheaded","Melter","Coolheaded","Barrage","Injury","Redo","Sweeping Beam"],"relics":["Cracked Core","NeowsBlessing","Golden Idol","Centennial Puzzle","Omamori"],"potions_floor_usage":[12,12],"damage_taken":[{"damage":0,"enemies":"Cultist","floor":1,"turns":1},{"damage":0,"enemies":"2 Louse","floor":2,"turns":1},{"damage":0,"enemies":"Small Slimes","floor":3,"turns":1},{"damage":18,"enemies":"2 Fungi Beasts","floor":5,"turns":4},{"damage":28,"enemies":"3 Sentries","floor":8,"turns":9},{"damage":24,"enemies":"3 Louse","floor":11,"turns":3},{"damage":4,"enemies":"Lagavulin","floor":12,"turns":8}],"seed_played":"7654913276715372296","potions_obtained":[{"floor":2,"key":"Fire Potion"},{"floor":5,"key":"Dexterity Potion"}],"is_trial":false,"path_per_floor":["M","M","M","?","M","R","?","E","T","R","M","E"],"character_chosen":"DEFECT","items_purchased":[],"campfire_rested":1,"item_purchase_floors":[],"current_hp_per_floor":[64,64,64,53,35,35,35,7,7,28,4,0],"gold":315,"neow_bonus":"THREE_ENEMY_KILL","is_prod":false,"is_daily":false,"chose_seed":false,"campfire_upgraded":1,"win_rate":0,"timestamp":1570410085,"path_taken":["M","?","M","?","M","R","?","E","T","R","M","E"],"build_version":"2019-07-17","purchased_purges":0,"victory":false,"max_hp_per_floor":[71,71,71,71,71,71,71,71,71,71,71,71],"card_choices":[{"not_picked":["Loop","Stack"],"picked":"Coolheaded","floor":1},{"not_picked":["BootSequence","Turbo"],"picked":"Melter","floor":2},{"not_picked":["Aggregate","Force Field"],"picked":"Coolheaded","floor":3},{"not_picked":["Coolheaded","Compile Driver"],"picked":"Barrage","floor":5},{"not_picked":["Streamline","Rip and Tear"],"picked":"Redo","floor":8},{"not_picked":["Aggregate","Rainbow"],"picked":"Sweeping Beam","floor":11}],"player_experience":827760,"relics_obtained":[{"floor":8,"key":"Centennial Puzzle"},{"floor":9,"key":"Omamori"}],"event_choices":[{"damage_healed":0,"gold_gain":75,"player_choice":"Gather Gold","damage_taken":11,"max_hp_gain":0,"max_hp_loss":0,"event_name":"World of Goop","floor":4,"gold_loss":0},{"damage_healed":0,"gold_gain":0,"player_choice":"Take Wound","damage_taken":0,"relics_obtained":["Golden Idol"],"max_hp_gain":0,"max_hp_loss":0,"event_name":"Golden Idol","floor":7,"gold_loss":0,"cards_obtained":["Injury"]}],"is_beta":false,"boss_relics":[],"items_purged_floors":[],"is_endless":false,"potions_floor_spawned":[2,5,11],"killed_by":"Lagavulin","ascension_level":20}