{"gold_per_floor":[164,174,192,204,217,217,242,261,311,340,340],"floor_reached":11,"playtime":421,"items_purged":[],"score":174,"play_id":"b5a20136-4ca0-40f9-8acd-0aa63146344d","local_time":"20191021173933","is_ascension_mode":true,"campfire_choices":[{"data":"Zap","floor":6,"key":"SMITH"}],"neow_cost":"NONE","seed_source_timestamp":780891618712400,"circlet_count":0,"master_deck":["AscendersBane","Strike_B","Strike_B","Strike_B","Strike_B","Defend_B","Defend_B","Defend_B","Defend_B+1","Zap+1","Dualcast","Scrape","Compile Driver","Hello World","Steam","Ball Lightning","Core Surge","Sunder","Conserve Battery"],"relics":["Tiny House","Mummified Hand","Pen Nib","Calipers"],"potions_floor_usage":[7,10],"damage_taken":[{"damage":0,"enemies":"Cultist","floor":1,"turns":4},{"damage":4,"enemies":"Small Slimes","floor":2,"turns":4},{"damage":7,"enemies":"Jaw Worm","floor":3,"turns":4},{"damage":10,"enemies":"Large Slime","floor":4,"turns":5},{"damage":0,"enemies":"Looter","floor":5,"turns":4},{"damage":8,"enemies":"3 Sentries","floor":7,"turns":9},{"damage":22,"enemies":"3 Louse","floor":8,"turns":3},{"damage":14,"enemies":"Gremlin Nob","floor":10,"turns":4},{"damage":4,"enemies":"Large Slime","floor":11,"turns":3}],"seed_played":"5521215586344819375","potions_obtained":[{"floor":0,"key":"Weak Potion"},{"floor":1,"key":"Weak Potion"},{"floor":2,"key":"EssenceOfSteel"},{"floor":7,"key":"SpeedPotion"},{"floor":10,"key":"FocusPotion"}],"is_trial":false,"path_per_floor":["M","M","M","M","M","R","E","M","T","E","M"],"character_chosen":"DEFECT","items_purchased":[],"campfire_rested":0,"item_purchase_floors":[],"current_hp_per_floor":[69,65,58,48,48,48,40,18,18,4,0],"gold":340,"neow_bonus":"BOSS_RELIC","is_prod":false,"is_daily":false,"chose_seed":false,"campfire_upgraded":1,"win_rate":0,"timestamp":1571704773,"path_taken":["M","M","?","M","M","R","E","M","T","E","M"],"build_version":"2019-07-17","purchased_purges":0,"victory":false,"max_hp_per_floor":[76,76,76,76,76,76,76,76,76,76,76],"card_choices":[{"not_picked":["Force Field","Turbo"],"picked":"Scrape","floor":0},{"not_picked":["Auto Shields","Stack"],"picked":"Compile Driver","floor":1},{"not_picked":["Redo","Barrage"],"picked":"Hello World","floor":2},{"not_picked":["Sweeping Beam","Steam Power"],"picked":"Steam","floor":3},{"not_picked":["Tempest","Blizzard"],"picked":"Ball Lightning","floor":4},{"not_picked":["Heatsinks","Steam Power"],"picked":"Core Surge","floor":5},{"not_picked":["Stack","Melter"],"picked":"Sunder","floor":7},{"not_picked":["Chaos","Barrage"],"picked":"Conserve Battery","floor":8},{"not_picked":["Sunder","Leap","Double Energy"],"picked":"SKIP","floor":10}],"player_experience":880931,"relics_obtained":[{"floor":7,"key":"Mummified Hand"},{"floor":9,"key":"Pen Nib"},{"floor":10,"key":"Calipers"}],"event_choices":[],"is_beta":false,"boss_relics":[],"items_purged_floors":[],"is_endless":false,"potions_floor_spawned":[1,2,5,7,10],"killed_by":"Large Slime","ascension_level":20}