{"gold_per_floor":[113,126,178,152,152,152,184,200,225,236,236,266,276,299,299,373,373,390,390,315,315,330,357,357],"floor_reached":24,"playtime":505,"items_purged":["Writhe"],"score":498,"play_id":"2e0e3b83-6934-4e3f-a8bf-871af6a7c690","local_time":"20190809223859","is_ascension_mode":true,"campfire_choices":[{"data":"Sunder","floor":6,"key":"SMITH"},{"data":"FTL","floor":11,"key":"SMITH"},{"data":"FTL","floor":15,"key":"SMITH"}],"neow_cost":"NONE","seed_source_timestamp":683538354089100,"circlet_count":0,"master_deck":["AscendersBane","Strike_B","Strike_B","Strike_B","Strike_B","Defend_B","Defend_B","Defend_B","Defend_B","Zap","Dualcast","Conserve Battery","Sunder+1","Gash","Compile Driver","FTL+1","Ball Lightning","FTL+1","Cold Snap","Ball Lightning","Creative AI","Beam Cell+1","Reinforced Body"],"relics":["Cracked Core","NeowsBlessing","NlothsMask","Strawberry","Mercury Hourglass","Odd Mushroom","Cursed Key","Calipers","Orichalcum"],"potions_floor_usage":[10,12,16,16],"damage_taken":[{"damage":0,"enemies":"Cultist","floor":1,"turns":1},{"damage":0,"enemies":"Jaw Worm","floor":2,"turns":1},{"damage":0,"enemies":"Gremlin Nob","floor":7,"turns":1},{"damage":1,"enemies":"2 Louse","floor":8,"turns":2},{"damage":2,"enemies":"Lots of Slimes","floor":10,"turns":2},{"damage":30,"enemies":"Lagavulin","floor":12,"turns":4},{"damage":0,"enemies":"2 Fungi Beasts","floor":13,"turns":1},{"damage":0,"enemies":"The Mushroom Lair","floor":14,"turns":2},{"damage":32,"enemies":"Hexaghost","floor":16,"turns":9},{"damage":16,"enemies":"2 Thieves","floor":18,"turns":3},{"damage":0,"enemies":"Chosen","floor":22,"turns":3},{"damage":15,"enemies":"Slavers","floor":23,"turns":4},{"damage":17,"enemies":"Centurion and Healer","floor":24,"turns":1}],"seed_played":"-2391916508483849002","potions_obtained":[{"floor":1,"key":"Explosive Potion"},{"floor":8,"key":"FocusPotion"},{"floor":12,"key":"Fire Potion"},{"floor":14,"key":"Regen Potion"}],"is_trial":false,"path_per_floor":["M","M","?","$","?","R","E","M","T","M","R","E","M","?","R","B",null,"M","?","$","?","M","E","M"],"character_chosen":"DEFECT","items_purchased":["Gash"],"campfire_rested":0,"item_purchase_floors":[4],"current_hp_per_floor":[64,64,64,64,64,64,71,70,70,68,68,38,38,38,38,21,64,48,48,48,26,26,11,0],"gold":357,"neow_bonus":"THREE_ENEMY_KILL","is_prod":false,"is_daily":false,"chose_seed":false,"campfire_upgraded":3,"win_rate":0,"timestamp":1565415539,"path_taken":["M","?","?","$","?","R","E","M","T","M","R","E","?","?","R","BOSS","M","?","$","?","M","E","M"],"build_version":"2019-07-17","purchased_purges":1,"victory":false,"max_hp_per_floor":[71,71,71,71,71,71,78,78,78,78,78,78,78,78,78,78,78,78,78,78,83,83,83,83],"card_choices":[{"not_picked":["Static Discharge","Consume"],"picked":"Conserve Battery","floor":1},{"not_picked":["Coolheaded","Go for the Eyes"],"picked":"Sunder","floor":2},{"not_picked":["Storm","Barrage"],"picked":"Compile Driver","floor":7},{"not_picked":["Leap","Barrage"],"picked":"FTL","floor":8},{"not_picked":["Steam Power","Redo"],"picked":"Ball Lightning","floor":10},{"not_picked":["Compile Driver","Rainbow"],"picked":"FTL","floor":12},{"not_picked":["Streamline","Beam Cell"],"picked":"Cold Snap","floor":13},{"not_picked":["Beam Cell","Rebound"],"picked":"Ball Lightning","floor":14},{"not_picked":["All For One","Fission"],"picked":"Creative AI","floor":16},{"not_picked":["Leap","Barrage"],"picked":"Beam Cell+1","floor":18},{"not_picked":["Cold Snap","Steam","Rebound"],"picked":"SKIP","floor":22},{"not_picked":["Melter","Aggregate"],"picked":"Reinforced Body","floor":23}],"player_experience":721849,"relics_obtained":[{"floor":7,"key":"Strawberry"},{"floor":12,"key":"Mercury Hourglass"},{"floor":14,"key":"Odd Mushroom"},{"floor":23,"key":"Orichalcum"}],"event_choices":[{"damage_healed":0,"gold_gain":52,"player_choice":"Gained Gold","damage_taken":0,"max_hp_gain":0,"max_hp_loss":0,"event_name":"Golden Wing","floor":3,"gold_loss":0},{"damage_healed":0,"gold_gain":0,"player_choice":"Trade","damage_taken":0,"relics_obtained":["NlothsMask"],"max_hp_gain":0,"max_hp_loss":0,"event_name":"FaceTrader","floor":5,"gold_loss":0},{"damage_healed":0,"gold_gain":0,"player_choice":"Fought Mushrooms","damage_taken":0,"max_hp_gain":0,"max_hp_loss":0,"event_name":"Mushrooms","floor":14,"gold_loss":0},{"damage_healed":0,"gold_gain":0,"player_choice":"Opened","damage_taken":0,"relics_obtained":["Calipers"],"max_hp_gain":0,"max_hp_loss":0,"event_name":"The Mausoleum","floor":19,"gold_loss":0,"cards_obtained":["Writhe"]},{"damage_healed":0,"gold_gain":0,"player_choice":"Shed Blood","damage_taken":27,"max_hp_gain":5,"max_hp_loss":0,"event_name":"Forgotten Altar","floor":21,"gold_loss":0}],"is_beta":false,"boss_relics":[{"not_picked":["Empty Cage","FrozenCore"],"picked":"Cursed Key"}],"items_purged_floors":[20],"is_endless":false,"potions_floor_spawned":[1,8,12,14],"killed_by":"Centurion and Healer","ascension_level":20}