{"gold_per_floor":[119,139,155,155,155,155,182,134,134,180,192,216,243,267,279,367,379,405,433,459,486,498,510,541,563,575,606,638,665,677,699,711,800,812,842,867,427,440,453,453,453,453,503,520,538,550,567,18,18,18],"floor_reached":51,"playtime":3273,"items_purged":["Strike_B","Parasite"],"score":1196,"play_id":"853e25d4-f1cc-4772-9184-fadf9b39fdae","local_time":"20191027220648","is_ascension_mode":true,"campfire_choices":[{"data":"Dualcast","floor":6.0,"key":"SMITH"},{"floor":15.0,"key":"REST"},{"floor":23.0,"key":"REST"},{"data":"Zap","floor":30.0,"key":"SMITH"},{"floor":32.0,"key":"REST"},{"floor":40.0,"key":"REST"},{"data":"Loop","floor":42.0,"key":"SMITH"},{"floor":49,"key":"REST"}],"neow_cost":"NONE","seed_source_timestamp":133946194218600,"circlet_count":0,"master_deck":["AscendersBane","Strike_B","Strike_B","Strike_B","Defend_B","Defend_B","Defend_B","Zap+1","Dualcast+1","Sweeping Beam","Ball Lightning","Streamline+1","Cold Snap","Glacier+1","Seek+1","Steam+1","Redo+1","Rainbow+1","Coolheaded+1","Coolheaded+1","Coolheaded+1","Loop","Chill+1","Coolheaded+1","Biased Cognition","Thunder Strike","Glacier+1","Undo+1","Capacitor","Fission+1","Loop+1","Static Discharge+1","Blizzard","Fusion+1","Hologram+1","Defragment","Mayhem"],"special_seed":0,"relics":["Cracked Core","Toxic Egg 2","MawBank","Symbiotic Virus","Nuclear Battery","Meat on the Bone","Sozu","Orrery","Akabeko","Bronze Scales"],"potions_floor_usage":[],"damage_taken":[{"damage":4.0,"enemies":"Small Slimes","floor":1.0,"turns":3.0},{"damage":1.0,"enemies":"Cultist","floor":2.0,"turns":3.0},{"damage":2.0,"enemies":"Jaw Worm","floor":3.0,"turns":3.0},{"damage":15.0,"enemies":"3 Sentries","floor":7.0,"turns":4.0},{"damage":18.0,"enemies":"Gremlin Nob","floor":10.0,"turns":3.0},{"damage":0.0,"enemies":"2 Fungi Beasts","floor":12.0,"turns":2.0},{"damage":0.0,"enemies":"Blue Slaver","floor":13.0,"turns":3.0},{"damage":0.0,"enemies":"Exordium Wildlife","floor":14.0,"turns":2.0},{"damage":44.0,"enemies":"Hexaghost","floor":16.0,"turns":14.0},{"damage":0.0,"enemies":"Spheric Guardian","floor":18.0,"turns":2.0},{"damage":1.0,"enemies":"3 Byrds","floor":19.0,"turns":5.0},{"damage":31.0,"enemies":"Snake Plant","floor":20.0,"turns":4.0},{"damage":0.0,"enemies":"Centurion and Healer","floor":21.0,"turns":9.0},{"damage":11.0,"enemies":"Cultist and Chosen","floor":24.0,"turns":6.0},{"damage":19.0,"enemies":"Snecko","floor":25.0,"turns":5.0},{"damage":0.0,"enemies":"Snake Plant","floor":27.0,"turns":5.0},{"damage":0.0,"enemies":"Shelled Parasite and Fungi","floor":28.0,"turns":12.0},{"damage":13.0,"enemies":"Sentry and Sphere","floor":29.0,"turns":8.0},{"damage":8.0,"enemies":"Snake Plant","floor":31.0,"turns":3.0},{"damage":39.0,"enemies":"Collector","floor":33.0,"turns":15.0},{"damage":26.0,"enemies":"3 Darklings","floor":35.0,"turns":8.0},{"damage":0.0,"enemies":"3 Shapes","floor":36.0,"turns":4.0},{"damage":26.0,"enemies":"Writhing Mass","floor":38.0,"turns":8.0},{"damage":0.0,"enemies":"Maw","floor":39.0,"turns":10.0},{"damage":18.0,"enemies":"Sphere and 2 Shapes","floor":44.0,"turns":8.0},{"damage":10,"enemies":"Writhing Mass","floor":45,"turns":8},{"damage":16,"enemies":"3 Darklings","floor":46,"turns":5},{"damage":0,"enemies":"Maw","floor":47,"turns":8},{"damage":23,"enemies":"Donu and Deca","floor":50,"turns":11}],"seed_played":"-6498029933293511619","potions_obtained":[{"floor":2.0,"key":"Explosive Potion"},{"floor":7.0,"key":"FocusPotion"},{"floor":10.0,"key":"GamblersBrew"},{"floor":14.0,"key":"SkillPotion"},{"floor":16.0,"key":"SkillPotion"},{"floor":19.0,"key":"Explosive Potion"},{"floor":21.0,"key":"Weak Potion"},{"floor":31.0,"key":"PowerPotion"},{"floor":33.0,"key":"SteroidPotion"}],"is_trial":false,"path_per_floor":["M","M","M","?","$","R","E","?","T","E","?","M","M","M","R","B",null,"M","M","M","M","?","R","M","M","T","M","M","M","R","M","R","B",null,"M","M","$","M","M","R","?","R","T","M","M","M","M","$","R","B",null],"character_chosen":"DEFECT","items_purchased":["Orrery","Capacitor","Fission+1","Defragment","Bronze Scales","Mayhem"],"campfire_rested":5,"item_purchase_floors":[37,37,37,48,48,48],"current_hp_per_floor":[67,66,64,64,64,64,49,49,49,31,31,31,31,31,54,10,61,61,60,29,29,23,46,35,16,16,28,40,39,39,43,66,39,68,42,42,42,28,40,63,63,63,63,45,47,43,43,43,65,42],"gold":18,"neow_bonus":"TEN_PERCENT_HP_BONUS","is_prod":false,"is_daily":false,"chose_seed":false,"campfire_upgraded":3,"win_rate":0,"timestamp":1572210408,"path_taken":["M","M","M","?","$","R","E","?","T","E","?","M","M","M","R","BOSS","M","M","M","M","?","R","?","M","T","?","M","M","R","M","R","BOSS","M","M","$","M","M","R","?","R","T","M","?","M","M","?","R","BOSS"],"build_version":"2019-10-25-V3","purchased_purges":2,"victory":true,"max_hp_per_floor":[78,78,78,78,78,78,78,78,78,78,78,78,78,78,78,78,78,78,78,78,78,78,78,78,78,78,78,78,78,78,78,78,78,78,78,78,78,78,78,78,78,78,78,78,78,78,78,75,75,75],"card_choices":[{"not_picked":["Heatsinks","Barrage"],"picked":"Sweeping Beam","floor":1.0},{"not_picked":["Consume","Coolheaded"],"picked":"Ball Lightning","floor":2.0},{"not_picked":["Tempest","Hologram"],"picked":"Streamline","floor":3.0},{"not_picked":["Heatsinks","Genetic Algorithm"],"picked":"Cold Snap","floor":7.0},{"not_picked":["Streamline","Compile Driver","Gash"],"picked":"SKIP","floor":10.0},{"not_picked":["Cold Snap","Ball Lightning"],"picked":"Steam+1","floor":12.0},{"not_picked":["Ball Lightning","Compile Driver"],"picked":"Redo+1","floor":13.0},{"not_picked":["Recycle+1","Go for the Eyes","Consume+1"],"picked":"SKIP","floor":14.0},{"not_picked":["Echo Form","Meteor Strike"],"picked":"Rainbow+1","floor":16.0},{"not_picked":["Redo+1","Leap+1","Aggregate+1"],"picked":"SKIP","floor":18.0},{"not_picked":["Rebound+1","Force Field+1"],"picked":"Coolheaded+1","floor":19.0},{"not_picked":["Cold Snap","Steam+1"],"picked":"Coolheaded+1","floor":20.0},{"not_picked":["Steam+1","Hologram+1"],"picked":"Coolheaded+1","floor":21.0},{"not_picked":["FTL","Hologram+1"],"picked":"Loop","floor":24.0},{"not_picked":["Rebound","Hologram+1","Cold Snap"],"picked":"SKIP","floor":25.0},{"not_picked":["Self Repair","Fusion+1"],"picked":"Chill+1","floor":27.0},{"not_picked":["Gash+1","Sweeping Beam","Recycle+1"],"picked":"SKIP","floor":28.0},{"not_picked":["Self Repair","Streamline"],"picked":"Coolheaded+1","floor":29.0},{"not_picked":["Cold Snap+1","Sweeping Beam","Stack+1"],"picked":"SKIP","floor":31.0},{"not_picked":["Rainbow+1","Multi-Cast+1"],"picked":"Biased Cognition","floor":33.0},{"not_picked":["Sweeping Beam","Conserve Battery+1","Stack+1"],"picked":"SKIP","floor":35.0},{"not_picked":["Sweeping Beam+1","Compile Driver","Double Energy+1"],"picked":"SKIP","floor":36.0},{"not_picked":["Sunder+1","Beam Cell"],"picked":"Thunder Strike","floor":37.0},{"not_picked":["Gash","Barrage"],"picked":"Glacier+1","floor":37.0},{"not_picked":["Steam Power+1","Coolheaded+1"],"picked":"Undo+1","floor":37.0},{"not_picked":["Multi-Cast+1","Doom and Gloom"],"picked":"Loop","floor":38.0},{"not_picked":["Chill+1","Beam Cell"],"picked":"Static Discharge+1","floor":39.0},{"not_picked":["Leap+1","Compile Driver"],"picked":"Blizzard","floor":44.0},{"not_picked":["Darkness+1","Auto Shields+1","Turbo+1"],"picked":"SKIP","floor":45},{"not_picked":["Steam+1","Barrage"],"picked":"Fusion+1","floor":46},{"not_picked":["Sweeping Beam+1","Aggregate+1"],"picked":"Hologram+1","floor":47}],"player_experience":583356,"relics_obtained":[{"floor":7.0,"key":"Toxic Egg 2"},{"floor":9.0,"key":"MawBank"},{"floor":10.0,"key":"Symbiotic Virus"},{"floor":26.0,"key":"Meat on the Bone"},{"floor":43.0,"key":"Akabeko"}],"event_choices":[{"damage_healed":0.0,"max_hp_gain":0.0,"max_hp_loss":0.0,"gold_gain":0.0,"event_name":"Living Wall","player_choice":"Grow","floor":4.0,"gold_loss":0.0,"damage_taken":0.0,"cards_upgraded":["Streamline"]},{"damage_healed":0.0,"max_hp_gain":0.0,"max_hp_loss":0.0,"gold_gain":0.0,"event_name":"World of Goop","player_choice":"Left Gold","floor":8.0,"gold_loss":48.0,"damage_taken":0.0},{"damage_healed":0.0,"max_hp_gain":0.0,"max_hp_loss":0.0,"gold_gain":0.0,"event_name":"Match and Keep!","player_choice":"2 cards matched","floor":11.0,"gold_loss":0.0,"damage_taken":0.0,"cards_obtained":["Glacier","Seek"]},{"damage_healed":0.0,"max_hp_gain":0.0,"max_hp_loss":0.0,"gold_gain":0.0,"event_name":"Match and Keep!","player_choice":"2 cards matched","floor":11.0,"gold_loss":0.0,"damage_taken":0.0,"cards_obtained":["Glacier","Seek"]},{"damage_healed":0.0,"max_hp_gain":0.0,"max_hp_loss":0.0,"gold_gain":0.0,"event_name":"Knowing Skull","player_choice":"","floor":22.0,"potions_obtained":[],"gold_loss":0.0,"damage_taken":6.0,"cards_obtained":[]},{"cards_removed":["Defend_B"],"damage_healed":0.0,"max_hp_gain":0.0,"max_hp_loss":0.0,"gold_gain":0.0,"event_name":"Bonfire Elementals","player_choice":"Offered Basic","floor":41.0,"gold_loss":0.0,"damage_taken":0.0}],"is_beta":true,"boss_relics":[{"not_picked":["SlaversCollar","Pandora\u0027s Box"],"picked":"Nuclear Battery"},{"not_picked":["Velvet Choker","Fusion Hammer"],"picked":"Sozu"}],"items_purged_floors":[37,48],"is_endless":false,"potions_floor_spawned":[2,7,10,14,16,19,21,24,31,33,36,44,47],"ascension_level":16}