{"gold_per_floor":[119,138,151,66,3,3,34,34,34,53,66,66,94,114,114,188,188,199,199,21,21,21,53,53,87,160,177,177,177],"floor_reached":29,"playtime":959,"items_purged":[],"score":542,"play_id":"53f94dd0-c3f5-4eee-833b-723f7e14a29a","local_time":"20190717132243","is_ascension_mode":true,"campfire_choices":[{"data":"Defragment","floor":6,"key":"SMITH"},{"data":"Coolheaded","floor":8,"key":"SMITH"},{"floor":15,"key":"REST"},{"floor":24,"key":"REST"},{"floor":28,"key":"REST"}],"neow_cost":"NONE","seed_source_timestamp":528115832065842,"circlet_count":0,"master_deck":["AscendersBane","Strike_B","Defend_B","Defend_B","Defend_B","Defend_B","Zap","Dualcast","Defragment+1","Ball Lightning","Glacier","Coolheaded+1","Conserve Battery","Go for the Eyes","Defragment","Electrodynamics","Beam Cell+1","Creative AI","Multi-Cast","Storm","Ball Lightning"],"relics":["FrozenCore","NeowsBlessing","Sundial","Vajra","Omamori","Unceasing Top","Strawberry","Blue Candle","Dodecahedron"],"potions_floor_usage":[10,25],"damage_taken":[{"damage":0,"enemies":"Cultist","floor":1,"turns":1},{"damage":0,"enemies":"Jaw Worm","floor":2,"turns":1},{"damage":0,"enemies":"Small Slimes","floor":3,"turns":1},{"damage":10,"enemies":"Lagavulin","floor":7,"turns":6},{"damage":7,"enemies":"Exordium Wildlife","floor":10,"turns":4},{"damage":9,"enemies":"2 Fungi Beasts","floor":11,"turns":3},{"damage":19,"enemies":"Gremlin Nob","floor":13,"turns":4},{"damage":0,"enemies":"3 Louse","floor":14,"turns":5},{"damage":17,"enemies":"The Guardian","floor":16,"turns":13},{"damage":14,"enemies":"Chosen","floor":18,"turns":7},{"damage":18,"enemies":"Gremlin Leader","floor":23,"turns":6},{"damage":39,"enemies":"Slavers","floor":25,"turns":3},{"damage":5,"enemies":"3 Byrds","floor":27,"turns":4},{"damage":37,"enemies":"Book of Stabbing","floor":29,"turns":7}],"seed_played":"-556414167358295510","potions_obtained":[{"floor":3,"key":"FearPotion"},{"floor":10,"key":"SneckoOil"},{"floor":18,"key":"Weak Potion"},{"floor":25,"key":"Poison Potion"}],"is_trial":false,"path_per_floor":["M","M","M","$","?","R","E","R","T","M","M","?","E","M","R","B",null,"M","?","$","?","?","E","R","E","T","M","R","E"],"character_chosen":"DEFECT","items_purchased":["Coolheaded","Fire Potion","Creative AI"],"campfire_rested":3,"item_purchase_floors":[4,4,20],"current_hp_per_floor":[64,64,64,64,64,64,54,54,54,47,38,31,12,12,33,16,57,43,23,23,23,38,27,51,12,12,7,31,0],"gold":177,"neow_bonus":"THREE_ENEMY_KILL","is_prod":false,"is_daily":false,"chose_seed":false,"campfire_upgraded":2,"win_rate":0,"timestamp":1563394963,"path_taken":["M","?","M","$","?","R","E","R","T","?","M","?","E","M","R","BOSS","M","?","$","?","?","E","R","E","T","M","R","E"],"build_version":"2019-07-05","purchased_purges":0,"victory":false,"max_hp_per_floor":[71,71,71,71,71,71,71,71,71,71,71,71,71,71,71,71,71,71,76,76,76,76,83,83,83,83,83,83,83],"card_choices":[{"not_picked":["Beam Cell","Heatsinks"],"picked":"Defragment","floor":1},{"not_picked":["Coolheaded","Loop"],"picked":"Ball Lightning","floor":2},{"not_picked":["Leap","Loop"],"picked":"Glacier","floor":3},{"not_picked":["Beam Cell","Turbo"],"picked":"Conserve Battery","floor":7},{"not_picked":["Steam","Storm"],"picked":"Go for the Eyes","floor":10},{"not_picked":["Reprogram","Storm"],"picked":"Defragment","floor":11},{"not_picked":["Sunder","Aggregate","Rip and Tear"],"picked":"SKIP","floor":13},{"not_picked":["Go for the Eyes","Stack","Auto Shields"],"picked":"SKIP","floor":14},{"not_picked":["Multi-Cast","Amplify"],"picked":"Electrodynamics","floor":16},{"not_picked":["Compile Driver","Leap"],"picked":"Beam Cell+1","floor":18},{"not_picked":["Steam Power+1","Stack","Go for the Eyes"],"picked":"SKIP","floor":23},{"not_picked":["Tempest","Compile Driver"],"picked":"Ball Lightning","floor":25},{"not_picked":["Turbo","Go for the Eyes","Compile Driver"],"picked":"SKIP","floor":27}],"player_experience":678854,"relics_obtained":[{"floor":7,"key":"Vajra"},{"floor":9,"key":"Omamori"},{"floor":13,"key":"Unceasing Top"},{"floor":23,"key":"Strawberry"},{"floor":25,"key":"Blue Candle"},{"floor":26,"key":"Dodecahedron"}],"event_choices":[{"damage_healed":0,"gold_gain":0,"player_choice":"Paid Gold","damage_taken":0,"relics_obtained":["Sundial"],"max_hp_gain":0,"max_hp_loss":0,"event_name":"WeMeetAgain","floor":5,"gold_loss":63},{"cards_removed":["Strike_B"],"damage_healed":0,"gold_gain":0,"player_choice":"Card Removal","damage_taken":7,"max_hp_gain":0,"max_hp_loss":0,"event_name":"Golden Wing","floor":12,"gold_loss":0},{"damage_healed":0,"gold_gain":0,"player_choice":"Shed Blood","damage_taken":25,"max_hp_gain":5,"max_hp_loss":0,"event_name":"Forgotten Altar","floor":19,"gold_loss":0},{"damage_healed":0,"gold_gain":0,"cards_transformed":["Strike_B","Strike_B"],"player_choice":"Became Test Subject","damage_taken":0,"max_hp_gain":0,"max_hp_loss":0,"event_name":"Drug Dealer","floor":21,"gold_loss":0,"cards_obtained":["Multi-Cast","Storm"]},{"damage_healed":15,"gold_gain":0,"player_choice":"Heal","damage_taken":0,"max_hp_gain":0,"max_hp_loss":0,"event_name":"The Library","floor":22,"gold_loss":0}],"is_beta":false,"boss_relics":[{"not_picked":["Empty Cage","Runic Dome"],"picked":"FrozenCore"}],"items_purged_floors":[],"is_endless":false,"potions_floor_spawned":[3,10,11,14,18,25],"killed_by":"Book of Stabbing","ascension_level":20}