{"gold_per_floor":[114,189,199,211,226,257,274,274],"floor_reached":8,"playtime":423,"items_purged":[],"score":87,"play_id":"609668b5-be96-40f2-800b-a2ace1183bee","local_time":"20190413123525","is_ascension_mode":true,"campfire_choices":[],"neow_cost":"NONE","seed_source_timestamp":4948226358824,"circlet_count":0,"master_deck":["Strike_B","Strike_B","Strike_B","Strike_B","Defend_B","Defend_B","Defend_B","Defend_B","Zap","Dualcast","Coolheaded","Barrage","Cold Snap","White Noise","Leap"],"relics":["Cracked Core","Lantern"],"potions_floor_usage":[3,6,8,8],"damage_taken":[{"damage":4,"enemies":"Jaw Worm","floor":1,"turns":5},{"damage":5,"enemies":"2 Louse","floor":3,"turns":4},{"damage":0,"enemies":"Small Slimes","floor":4,"turns":2},{"damage":9,"enemies":"Red Slaver","floor":5,"turns":4},{"damage":28,"enemies":"3 Sentries","floor":6,"turns":11},{"damage":2,"enemies":"Looter","floor":7,"turns":3},{"damage":28,"enemies":"Lagavulin","floor":8,"turns":7}],"seed_played":"-8124207292026861388","potions_obtained":[{"floor":0,"key":"Poison Potion"},{"floor":0,"key":"Swift Potion"},{"floor":0,"key":"Regen Potion"},{"floor":3,"key":"AttackPotion"},{"floor":6,"key":"Swift Potion"}],"is_trial":false,"path_per_floor":["M","?","M","M","M","E","M","E"],"character_chosen":"DEFECT","items_purchased":[],"campfire_rested":0,"item_purchase_floors":[],"current_hp_per_floor":[64,53,60,60,51,23,21,0],"gold":274,"neow_bonus":"THREE_SMALL_POTIONS","is_prod":false,"is_daily":false,"chose_seed":false,"campfire_upgraded":0,"win_rate":0,"timestamp":1555184125,"path_taken":["M","?","M","M","M","E","M","E"],"build_version":"2019-01-23","purchased_purges":0,"victory":false,"max_hp_per_floor":[75,75,75,75,75,75,75,75],"card_choices":[{"not_picked":["Stack","Hologram"],"picked":"Coolheaded","floor":1},{"not_picked":["Buffer","Leap"],"picked":"Barrage","floor":3},{"not_picked":["Lockon","Beam Cell"],"picked":"Cold Snap","floor":4},{"not_picked":["Steam Power","Heatsinks","Stack"],"picked":"SKIP","floor":5},{"not_picked":["Barrage","Hologram"],"picked":"White Noise","floor":6},{"not_picked":["Rebound","Reprogram"],"picked":"Leap","floor":7}],"player_experience":224401,"relics_obtained":[{"floor":6,"key":"Lantern"}],"event_choices":[{"damage_healed":0,"gold_gain":75,"player_choice":"Gather Gold","damage_taken":11,"max_hp_gain":0,"max_hp_loss":0,"event_name":"World of Goop","floor":2,"gold_loss":0}],"is_beta":false,"boss_relics":[],"items_purged_floors":[],"is_endless":false,"potions_floor_spawned":[3,6],"killed_by":"Lagavulin","ascension_level":9}