{"gold_per_floor":[114,114,131,149,162,162,180,130,130,161,11,11,44,44,44,145,145,155,70,70,59,69,103,103,113,113,32,65,65,83,158,158,254,254,266,280,293,293,40,74,74,74,120,120],"floor_reached":44,"playtime":2259,"items_purged":["Strike_B","Strike_B"],"score":561,"play_id":"ad8e854e-272f-474b-a2fd-e1e79eb8c5dd","local_time":"20191021002216","is_ascension_mode":false,"campfire_choices":[{"data":"Doom and Gloom","floor":6,"key":"SMITH"},{"data":"Defragment","floor":15,"key":"SMITH"},{"data":"Defragment","floor":24,"key":"SMITH"},{"floor":32,"key":"DIG"},{"data":"Chill","floor":41,"key":"SMITH"}],"neow_cost":"NONE","seed_source_timestamp":948990002085100,"circlet_count":0,"master_deck":["Strike_B","Defend_B","Defend_B","Defend_B","Zap","Dualcast","Self Repair","Doom and Gloom+1","Cold Snap","Coolheaded","Streamline","Conserve Battery","Steam","Static Discharge","Defragment+1","Echo Form","Defragment+1","Glacier","Redo","Capacitor","Echo Form+1","Self Repair+1","Sunder+1","Electrodynamics+1","Machine Learning+1","Compile Driver+1","Defragment+1","Chill+1","Defragment+1"],"relics":["Cracked Core","Molten Egg 2","Mummified Hand","Pen Nib","Orrery","Frozen Egg 2","Darkstone Periapt","Shovel","Mercury Hourglass","Bronze Scales","Bottled Tornado","Coffee Dripper","DataDisk","Ancient Tea Set"],"potions_floor_usage":[13,22,23,23,33],"damage_taken":[{"damage":1,"enemies":"Cultist","floor":1,"turns":4},{"damage":6,"enemies":"Jaw Worm","floor":3,"turns":3},{"damage":6,"enemies":"2 Louse","floor":4,"turns":3},{"damage":9,"enemies":"Large Slime","floor":5,"turns":4},{"damage":10,"enemies":"Looter","floor":7,"turns":4},{"damage":10,"enemies":"3 Sentries","floor":10,"turns":6},{"damage":28,"enemies":"Gremlin Nob","floor":13,"turns":4},{"damage":0,"enemies":"The Guardian","floor":16,"turns":12},{"damage":3,"enemies":"3 Byrds","floor":18,"turns":6},{"damage":15,"enemies":"2 Thieves","floor":21,"turns":4},{"damage":11,"enemies":"Cultist and Chosen","floor":22,"turns":5},{"damage":41,"enemies":"Slavers","floor":23,"turns":7},{"damage":10,"enemies":"Centurion and Healer","floor":25,"turns":5},{"damage":21,"enemies":"Book of Stabbing","floor":28,"turns":6},{"damage":19,"enemies":"Sentry and Sphere","floor":30,"turns":5},{"damage":20,"enemies":"Champ","floor":33,"turns":7},{"damage":11,"enemies":"3 Darklings","floor":35,"turns":3},{"damage":13,"enemies":"Orb Walker","floor":36,"turns":3},{"damage":24,"enemies":"Jaw Worm Horde","floor":37,"turns":2},{"damage":47,"enemies":"Reptomancer","floor":40,"turns":6},{"damage":29,"enemies":"Nemesis","floor":44,"turns":2}],"seed_played":"9116907050296003923","potions_obtained":[{"floor":1,"key":"GamblersBrew"},{"floor":10,"key":"Regen Potion"},{"floor":13,"key":"Weak Potion"},{"floor":21,"key":"Swift Potion"},{"floor":22,"key":"FearPotion"},{"floor":30,"key":"PowerPotion"},{"floor":33,"key":"Ancient Potion"},{"floor":36,"key":"Strength Potion"}],"is_trial":false,"path_per_floor":["M","?","M","M","M","R","M","?","T","E","$","?","E","?","R","B",null,"M","?","T","M","M","E","R","M","T","$","E","$","M","?","R","B",null,"M","M","M","?","$","E","R","$","T","E"],"character_chosen":"DEFECT","items_purchased":["Static Discharge","Self Repair+1","Chill","Defragment+1"],"campfire_rested":0,"item_purchase_floors":[11,27,39,39],"current_hp_per_floor":[75,75,75,75,73,73,70,70,70,67,67,67,39,64,64,71,75,75,75,75,67,63,43,43,47,47,47,60,60,65,58,58,55,75,75,75,51,51,51,21,21,21,21,0],"gold":120,"neow_bonus":"THREE_CARDS","is_prod":false,"is_daily":false,"chose_seed":false,"campfire_upgraded":4,"win_rate":0,"timestamp":1571631736,"path_taken":["M","?","M","M","M","R","M","?","T","E","$","?","E","?","R","BOSS","M","?","?","M","M","E","R","M","T","$","E","?","M","?","R","BOSS","M","M","?","?","$","E","R","?","T","E"],"build_version":"2019-07-17","purchased_purges":2,"victory":false,"max_hp_per_floor":[75,75,75,75,75,75,75,75,75,75,75,75,75,75,75,75,75,75,75,75,75,75,75,75,75,75,75,75,75,75,75,75,75,75,75,75,75,75,75,75,75,75,75,75],"card_choices":[{"not_picked":["Ball Lightning","Rebound"],"picked":"Self Repair","floor":0},{"not_picked":["Chaos","White Noise"],"picked":"Doom and Gloom","floor":1},{"not_picked":["Fusion","Double Energy"],"picked":"Cold Snap","floor":3},{"not_picked":["Loop","Stack"],"picked":"Coolheaded","floor":4},{"not_picked":["Coolheaded","Static Discharge"],"picked":"Streamline","floor":5},{"not_picked":["Multi-Cast","Cold Snap"],"picked":"Conserve Battery","floor":7},{"not_picked":["Cold Snap+1","Compile Driver+1"],"picked":"Steam","floor":10},{"not_picked":["Streamline+1","Chaos"],"picked":"Defragment","floor":13},{"not_picked":["Biased Cognition","Creative AI"],"picked":"Echo Form","floor":16},{"not_picked":["Leap","Compile Driver+1"],"picked":"Defragment","floor":17},{"not_picked":["Go for the Eyes+1","Consume"],"picked":"Glacier","floor":17},{"not_picked":["Rebound+1","Sweeping Beam+1"],"picked":"Redo","floor":17},{"not_picked":["Gash+1","Rebound+1"],"picked":"Capacitor","floor":18},{"not_picked":["Skim+1","Ball Lightning+1","Streamline+1"],"picked":"SKIP","floor":21},{"not_picked":["Sweeping Beam+1","Turbo"],"picked":"Echo Form+1","floor":22},{"not_picked":["Echo Form+1","Go for the Eyes+1","Cold Snap+1"],"picked":"SKIP","floor":23},{"not_picked":["Sweeping Beam+1","Auto Shields","Barrage+1"],"picked":"SKIP","floor":25},{"not_picked":["Conserve Battery","Turbo"],"picked":"Sunder+1","floor":28},{"not_picked":["Sunder+1","Sweeping Beam+1"],"picked":"Electrodynamics+1","floor":30},{"not_picked":["Core Surge+1","Multi-Cast"],"picked":"Machine Learning+1","floor":33},{"not_picked":["Reinforced Body+1","Stack"],"picked":"Compile Driver+1","floor":35},{"not_picked":["Gash+1","Go for the Eyes+1","Stack+1"],"picked":"SKIP","floor":36},{"not_picked":["Go for the Eyes+1","Leap+1"],"picked":"Defragment+1","floor":37},{"not_picked":["Redo+1","Consume","Aggregate"],"picked":"SKIP","floor":40}],"player_experience":443818,"relics_obtained":[{"floor":9,"key":"Molten Egg 2"},{"floor":10,"key":"Mummified Hand"},{"floor":13,"key":"Pen Nib"},{"floor":20,"key":"Darkstone Periapt"},{"floor":23,"key":"Shovel"},{"floor":26,"key":"Mercury Hourglass"},{"floor":28,"key":"Bronze Scales"},{"floor":32,"key":"Bottled Tornado"},{"floor":40,"key":"DataDisk"},{"floor":43,"key":"Ancient Tea Set"}],"event_choices":[{"damage_healed":0,"gold_gain":0,"player_choice":"Ignored","damage_taken":0,"max_hp_gain":0,"max_hp_loss":0,"event_name":"Liars Game","floor":2,"gold_loss":0},{"cards_removed":["Strike_B"],"damage_healed":0,"gold_gain":0,"player_choice":"Card Removal","damage_taken":0,"max_hp_gain":0,"max_hp_loss":0,"event_name":"The Cleric","floor":8,"gold_loss":50},{"cards_removed":["Defend_B"],"damage_healed":0,"gold_gain":0,"player_choice":"Forget","damage_taken":0,"max_hp_gain":0,"max_hp_loss":0,"event_name":"Living Wall","floor":12,"gold_loss":0},{"damage_healed":25,"gold_gain":0,"player_choice":"Banana","damage_taken":0,"max_hp_gain":0,"max_hp_loss":0,"event_name":"Big Fish","floor":14,"gold_loss":0},{"damage_healed":0,"gold_gain":0,"player_choice":"Obtained Relic","damage_taken":0,"relics_obtained":["Frozen Egg 2"],"max_hp_gain":0,"max_hp_loss":0,"event_name":"Addict","floor":19,"gold_loss":85},{"damage_healed":0,"gold_gain":75,"player_choice":"Touch","damage_taken":7,"max_hp_gain":0,"max_hp_loss":0,"event_name":"FaceTrader","floor":31,"gold_loss":0},{"damage_healed":0,"gold_gain":0,"player_choice":"0 cards matched","damage_taken":0,"max_hp_gain":0,"max_hp_loss":0,"event_name":"Match and Keep!","floor":38,"gold_loss":0,"cards_obtained":[]}],"is_beta":false,"boss_relics":[{"not_picked":["Fusion Hammer","White Beast Statue"],"picked":"Orrery"},{"not_picked":["Snecko Eye","Runic Dome"],"picked":"Coffee Dripper"}],"items_purged_floors":[11,39],"is_endless":false,"potions_floor_spawned":[1,10,13,21,22,30,33,36],"killed_by":"Nemesis","ascension_level":0}