{"gold_per_floor":[116,41,1,1,13,40,54,113,138,150,176,188,200,212,224,327,339,374,370,382,63,63,63,63],"floor_reached":24,"playtime":824,"items_purged":[],"score":434,"play_id":"c948289e-4dcd-4bdc-8062-5eb673d51bae","local_time":"20191023201644","is_ascension_mode":true,"campfire_choices":[{"floor":10,"key":"REST"},{"data":"Zap","floor":13,"key":"SMITH"},{"floor":15,"key":"REST"},{"data":"Defragment","floor":23,"key":"SMITH"}],"neow_cost":"NONE","seed_source_timestamp":962719390374700,"circlet_count":0,"master_deck":["AscendersBane","Defend_B","Defend_B","Defend_B","Defend_B","Zap+1","Dualcast","Compile Driver","Scrape","White Noise","Genetic Algorithm","Hologram","Conserve Battery","Conserve Battery","Core Surge","FTL+1","Leap+1","Coolheaded+1","Heatsinks+1","Defragment+1","Cold Snap"],"relics":["Cracked Core","NeowsBlessing","Omamori","Bird Faced Urn","MawBank","Bloody Idol","NlothsMask","Astrolabe","Meat on the Bone"],"potions_floor_usage":[8,16,24],"damage_taken":[{"damage":0,"enemies":"Jaw Worm","floor":1,"turns":1},{"damage":0,"enemies":"2 Louse","floor":5,"turns":1},{"damage":0,"enemies":"3 Sentries","floor":6,"turns":1},{"damage":7,"enemies":"Small Slimes","floor":7,"turns":3},{"damage":54,"enemies":"3 Sentries","floor":8,"turns":8},{"damage":16,"enemies":"2 Fungi Beasts","floor":11,"turns":5},{"damage":36,"enemies":"The Guardian","floor":16,"turns":15},{"damage":17,"enemies":"Shell Parasite","floor":18,"turns":8},{"damage":26,"enemies":"2 Thieves","floor":19,"turns":4},{"damage":75,"enemies":"Slavers","floor":24,"turns":4}],"seed_played":"2509842458841742957","potions_obtained":[{"floor":1,"key":"Fire Potion"},{"floor":5,"key":"GamblersBrew"},{"floor":11,"key":"Weak Potion"},{"floor":18,"key":"FairyPotion"}],"is_trial":false,"path_per_floor":["M","?","$","?","M","E","M","?","T","R","M","?","R","?","R","B",null,"M","M","?","$","?","R","E"],"character_chosen":"DEFECT","items_purchased":["Scrape","Meat on the Bone","Cold Snap"],"campfire_rested":2,"item_purchase_floors":[3,21,21],"current_hp_per_floor":[64,64,64,69,69,69,62,8,8,30,16,16,16,16,38,4,58,43,21,21,26,41,41,0],"gold":63,"neow_bonus":"THREE_ENEMY_KILL","is_prod":false,"is_daily":false,"chose_seed":false,"campfire_upgraded":2,"win_rate":0,"timestamp":1571887004,"path_taken":["M","?","$","?","M","E","M","?","T","R","M","?","R","?","R","BOSS","M","M","?","$","?","R","E"],"build_version":"2019-07-17","purchased_purges":0,"victory":false,"max_hp_per_floor":[71,71,71,76,76,76,76,76,76,76,76,76,76,76,76,76,76,76,76,76,76,76,76,76],"card_choices":[{"not_picked":["Chaos","Force Field"],"picked":"Compile Driver","floor":1},{"not_picked":["Reprogram","Turbo"],"picked":"White Noise","floor":5},{"not_picked":["Recycle","Beam Cell"],"picked":"Genetic Algorithm","floor":6},{"not_picked":["Darkness","Beam Cell"],"picked":"Hologram","floor":7},{"not_picked":["Barrage","Auto Shields"],"picked":"Conserve Battery","floor":8},{"not_picked":["BootSequence","Beam Cell"],"picked":"Conserve Battery","floor":11},{"not_picked":["Rainbow","Machine Learning"],"picked":"Core Surge","floor":16},{"not_picked":["Steam","Go for the Eyes"],"picked":"Heatsinks+1","floor":18},{"not_picked":["Ball Lightning","Go for the Eyes"],"picked":"Defragment","floor":19}],"player_experience":891882,"relics_obtained":[{"floor":6,"key":"Omamori"},{"floor":8,"key":"Bird Faced Urn"},{"floor":9,"key":"MawBank"}],"event_choices":[{"cards_removed":["Strike_B"],"damage_healed":0,"gold_gain":0,"player_choice":"Card Removal","damage_taken":0,"max_hp_gain":0,"max_hp_loss":0,"event_name":"The Cleric","floor":2,"gold_loss":75},{"damage_healed":0,"gold_gain":0,"player_choice":"Donut","damage_taken":0,"max_hp_gain":5,"max_hp_loss":0,"event_name":"Big Fish","floor":4,"gold_loss":0},{"damage_healed":0,"gold_gain":0,"player_choice":"Searched \u00271\u0027 times","damage_taken":0,"max_hp_gain":0,"max_hp_loss":0,"event_name":"Dead Adventurer","floor":8,"gold_loss":0},{"damage_healed":0,"gold_gain":0,"player_choice":"Take Wound","damage_taken":0,"relics_obtained":["Golden Idol"],"max_hp_gain":0,"max_hp_loss":0,"event_name":"Golden Idol","floor":12,"gold_loss":0,"cards_obtained":["Injury"]},{"damage_healed":0,"gold_gain":0,"player_choice":"Trade","damage_taken":0,"relics_obtained":["NlothsMask"],"max_hp_gain":0,"max_hp_loss":0,"event_name":"FaceTrader","floor":14,"gold_loss":0},{"damage_healed":0,"gold_gain":0,"player_choice":"Gave Idol","damage_taken":0,"relics_obtained":["Bloody Idol"],"max_hp_gain":0,"max_hp_loss":0,"event_name":"Forgotten Altar","floor":20,"relics_lost":["Golden Idol"],"gold_loss":0},{"damage_healed":15,"gold_gain":0,"player_choice":"Heal","damage_taken":0,"max_hp_gain":0,"max_hp_loss":0,"event_name":"The Library","floor":22,"gold_loss":0}],"is_beta":false,"boss_relics":[{"not_picked":["Empty Cage","Pandora\u0027s Box"],"picked":"Astrolabe"}],"items_purged_floors":[],"is_endless":false,"potions_floor_spawned":[1,5,11,18],"killed_by":"Slavers","ascension_level":20}