{"gold_per_floor":[109,121,139,157,168,168,181,206,231,107,117,117,128,148,148,244,244,261,279,296,168,187,187,63,91,144,161,47,63,76,92,92,187,187,204,217,271,271,271,271,28,59,59,59,77,87,97,114,114,114,114,114,41,73,73],"floor_reached":55,"playtime":4817,"items_purged":["Strike_B"],"score":909,"play_id":"1b2a00a8-bb26-4d34-b9b0-6209545a4764","local_time":"20190315155721","is_ascension_mode":true,"campfire_choices":[{"data":"Capacitor","floor":6,"key":"SMITH"},{"data":"Coolheaded","floor":12,"key":"SMITH"},{"data":"Defragment","floor":15,"key":"SMITH"},{"data":"Loop","floor":23,"key":"SMITH"},{"data":"Consume","floor":32,"key":"SMITH"},{"floor":40,"key":"RECALL"},{"data":"Machine Learning","floor":49,"key":"SMITH"},{"data":"Hello World","floor":52,"key":"SMITH"}],"neow_cost":"NONE","seed_source_timestamp":1175706684210962,"circlet_count":0,"master_deck":["Strike_B","Strike_B","Strike_B","Defend_B","Defend_B","Defend_B","Defend_B","Zap","Dualcast","Glacier","Capacitor+1","Coolheaded+1","Glacier","Cold Snap","Barrage","Coolheaded","Capacitor","Coolheaded","Cold Snap","Loop+1","Defragment+1","Amplify","Rebound","Cold Snap","Tempest+1","Compile Driver","Sunder+1","Conserve Battery","Reinforced Body","Undo","Hello World+1","Hologram+1","Conserve Battery","Consume+1","Creative AI","Coolheaded+1","Panacea","Defragment","Blizzard","Bandage Up","Heatsinks+1","Hologram","Machine Learning+1","Barrage"],"relics":["Cracked Core","Ornamental Fan","Art of War","Coffee Dripper","Thread and Needle","Velvet Choker","FossilizedHelix","PreservedInsect","Bottled Lightning","Happy Flower"],"potions_floor_usage":[8,8,16,16,19,25,25,33,33,37,37,50,55,55,55],"damage_taken":[{"damage":1,"enemies":"Cultist","floor":1,"turns":3},{"damage":0,"enemies":"2 Louse","floor":2,"turns":3},{"damage":7,"enemies":"Small Slimes","floor":3,"turns":4},{"damage":0,"enemies":"3 Louse","floor":4,"turns":6},{"damage":4,"enemies":"2 Fungi Beasts","floor":5,"turns":6},{"damage":4,"enemies":"Blue Slaver","floor":7,"turns":5},{"damage":14,"enemies":"Gremlin Nob","floor":8,"turns":4},{"damage":11,"enemies":"Exordium Thugs","floor":11,"turns":8},{"damage":0,"enemies":"Looter","floor":13,"turns":3},{"damage":1,"enemies":"Large Slime","floor":14,"turns":11},{"damage":0,"enemies":"The Guardian","floor":16,"turns":12},{"damage":0,"enemies":"Spheric Guardian","floor":18,"turns":6},{"damage":2,"enemies":"3 Byrds","floor":19,"turns":4},{"damage":14,"enemies":"Cultist and Chosen","floor":20,"turns":7},{"damage":17,"enemies":"Snake Plant","floor":22,"turns":6},{"damage":20,"enemies":"Slavers","floor":25,"turns":7},{"damage":6,"enemies":"Centurion and Healer","floor":27,"turns":6},{"damage":0,"enemies":"Shelled Parasite and Fungi","floor":29,"turns":8},{"damage":0,"enemies":"Snake Plant","floor":30,"turns":8},{"damage":0,"enemies":"Snecko","floor":31,"turns":6},{"damage":5,"enemies":"Collector","floor":33,"turns":12},{"damage":4,"enemies":"3 Shapes","floor":35,"turns":6},{"damage":0,"enemies":"Orb Walker","floor":36,"turns":6},{"damage":54,"enemies":"2 Orb Walkers","floor":37,"turns":9},{"damage":0,"enemies":"Giant Head","floor":42,"turns":15},{"damage":0,"enemies":"Sphere and 2 Shapes","floor":45,"turns":8},{"damage":20,"enemies":"3 Darklings","floor":46,"turns":6},{"damage":0,"enemies":"Writhing Mass","floor":47,"turns":15},{"damage":0,"enemies":"Sphere and 2 Shapes","floor":48,"turns":13},{"damage":28,"enemies":"Awakened One","floor":50,"turns":32},{"damage":11,"enemies":"Shield and Spear","floor":54,"turns":14},{"damage":77,"enemies":"The Heart","floor":55,"turns":15}],"seed_played":"-2087647395179802332","potions_obtained":[{"floor":1,"key":"Regen Potion"},{"floor":5,"key":"SteroidPotion"},{"floor":7,"key":"Energy Potion"},{"floor":8,"key":"FairyPotion"},{"floor":13,"key":"Fire Potion"},{"floor":14,"key":"Dexterity Potion"},{"floor":18,"key":"LiquidBronze"},{"floor":27,"key":"Energy Potion"},{"floor":30,"key":"Weak Potion"},{"floor":36,"key":"Regen Potion"},{"floor":37,"key":"Strength Potion"},{"floor":46,"key":"Weak Potion"},{"floor":54,"key":"SteroidPotion"}],"is_trial":false,"path_per_floor":["M","M","M","M","M","R","M","E","T","$","M","R","M","M","R","B",null,"M","M","M","$","M","R","$","E","T","M","$","M","M","M","R","B",null,"M","M","?","?","?","R","$","E","T","?","M","M","M","M","R","B",null,"R","$","E","B"],"character_chosen":"DEFECT","items_purchased":["Capacitor","Coolheaded","Compile Driver","Regen Potion","Conserve Battery","Hello World","Regen Potion","Defragment","Blizzard","Bandage Up","FocusPotion"],"campfire_rested":0,"item_purchase_floors":[10,10,21,24,24,28,28,41,41,41,53],"current_hp_per_floor":[81,81,74,74,70,70,66,64,64,64,53,53,53,52,52,52,82,82,80,66,66,49,49,49,44,44,38,38,38,38,38,38,48,82,78,78,33,33,33,33,33,37,37,72,72,56,60,64,64,40,72,72,72,65,0],"gold":73,"neow_bonus":"TEN_PERCENT_HP_BONUS","is_prod":false,"is_daily":false,"chose_seed":false,"campfire_upgraded":7,"win_rate":0,"timestamp":1552690641,"path_taken":["M","M","M","?","M","R","M","E","T","$","M","R","M","M","R","BOSS","M","M","M","$","M","R","$","E","T","M","?","?","M","M","R","BOSS","M","M","?","?","?","R","$","E","T","?","M","M","M","M","R","BOSS","R","$","E","BOSS"],"build_version":"2019-01-23","purchased_purges":1,"victory":false,"max_hp_per_floor":[82,82,82,82,82,82,82,82,82,82,82,82,82,82,82,82,82,82,82,82,82,82,82,82,82,82,82,82,82,82,82,82,82,82,82,82,82,82,82,82,82,82,82,72,72,72,72,72,72,72,72,72,72,72,72],"card_choices":[{"not_picked":["Reprogram","Beam Cell"],"picked":"Glacier","floor":1},{"not_picked":["Coolheaded","Turbo"],"picked":"Capacitor","floor":2},{"not_picked":["Blizzard","Chaos"],"picked":"Coolheaded","floor":3},{"not_picked":["Redo","Leap"],"picked":"Glacier","floor":4},{"not_picked":["Consume","Conserve Battery"],"picked":"Cold Snap","floor":5},{"not_picked":["Darkness","Melter"],"picked":"Barrage","floor":7},{"not_picked":["Hyperbeam","Sweeping Beam"],"picked":"Coolheaded","floor":8},{"not_picked":["Lockon","Compile Driver"],"picked":"Cold Snap","floor":11},{"not_picked":["Coolheaded","Fusion"],"picked":"Loop","floor":13},{"not_picked":["Stack","Beam Cell"],"picked":"Defragment","floor":14},{"not_picked":["Seek","Biased Cognition"],"picked":"Amplify","floor":16},{"not_picked":["Go for the Eyes","Streamline"],"picked":"Rebound","floor":18},{"not_picked":["Consume","Conserve Battery"],"picked":"Cold Snap","floor":19},{"not_picked":["Beam Cell","Ball Lightning"],"picked":"Tempest+1","floor":20},{"not_picked":["Chill","Leap+1"],"picked":"Sunder+1","floor":22},{"not_picked":["Scrape+1","Gash"],"picked":"Reinforced Body","floor":25},{"not_picked":["Go for the Eyes","Steam"],"picked":"Undo","floor":27},{"not_picked":["Cold Snap","Streamline"],"picked":"Hologram+1","floor":29},{"not_picked":["Capacitor","Stack"],"picked":"Conserve Battery","floor":30},{"not_picked":["Ball Lightning+1","Hologram"],"picked":"Consume","floor":31},{"not_picked":["Meteor Strike","Buffer"],"picked":"Creative AI","floor":33},{"not_picked":["Auto Shields","Leap+1","Turbo"],"picked":"SKIP","floor":35},{"not_picked":["Compile Driver+1","Sweeping Beam","Go for the Eyes+1"],"picked":"SKIP","floor":36},{"not_picked":["Barrage+1","Aggregate"],"picked":"Coolheaded+1","floor":37},{"not_picked":["Enlightenment","Transmutation"],"picked":"Panacea","floor":38},{"not_picked":["Leap","Capacitor"],"picked":"Heatsinks+1","floor":42},{"not_picked":["Ball Lightning+1","Rebound"],"picked":"Hologram","floor":45},{"not_picked":["Genetic Algorithm+1","Reinforced Body+1"],"picked":"Machine Learning","floor":46},{"not_picked":["Genetic Algorithm","Chaos","Go for the Eyes"],"picked":"SKIP","floor":47},{"not_picked":["Reinforced Body","Ball Lightning"],"picked":"Barrage","floor":48},{"not_picked":["Sweeping Beam+1","Ball Lightning","Rebound"],"picked":"SKIP","floor":54}],"player_experience":31918,"relics_obtained":[{"floor":8,"key":"Ornamental Fan"},{"floor":9,"key":"Art of War"},{"floor":25,"key":"Thread and Needle"},{"floor":37,"key":"FossilizedHelix"},{"floor":42,"key":"PreservedInsect"},{"floor":43,"key":"Bottled Lightning"},{"floor":54,"key":"Happy Flower"}],"event_choices":[{"damage_healed":0,"gold_gain":0,"player_choice":"Fight","damage_taken":0,"max_hp_gain":0,"max_hp_loss":0,"event_name":"Mysterious Sphere","floor":37,"gold_loss":0},{"damage_healed":0,"gold_gain":0,"player_choice":"Memory 1","damage_taken":0,"max_hp_gain":0,"max_hp_loss":0,"event_name":"SensoryStone","floor":38,"gold_loss":0},{"damage_healed":0,"gold_gain":0,"player_choice":"Ignored","damage_taken":0,"max_hp_gain":0,"max_hp_loss":0,"event_name":"Tomb of Lord Red Mask","floor":39,"gold_loss":0},{"damage_healed":72,"gold_gain":0,"player_choice":"Heal","damage_taken":0,"max_hp_gain":0,"max_hp_loss":10,"event_name":"The Moai Head","floor":44,"gold_loss":0}],"is_beta":false,"boss_relics":[{"not_picked":["Philosopher\u0027s Stone","White Beast Statue"],"picked":"Coffee Dripper"},{"not_picked":["Lizard Tail","Runic Dome"],"picked":"Velvet Choker"}],"items_purged_floors":[21],"is_endless":false,"potions_floor_spawned":[1,5,7,8,13,14,18,27,30,36,37,46,54],"killed_by":"The Heart","ascension_level":2}