{"gold_per_floor":[110,110,110,23,23,23,56,56,82,107,119,133,191,202,202,273,273,284,296,316,330,330,55,105,105],"floor_reached":25,"playtime":1452,"items_purged":[],"score":472,"play_id":"1bacc563-4ed5-49e7-8c33-fdd1c1f6569b","local_time":"20191010111006","is_ascension_mode":true,"campfire_choices":[{"data":"Dualcast","floor":6,"key":"SMITH"},{"data":"Streamline","floor":8,"key":"SMITH"},{"data":"Static Discharge","floor":15,"key":"SMITH"}],"neow_cost":"NONE","seed_source_timestamp":35220386245000,"circlet_count":0,"master_deck":["AscendersBane","Strike_B","Strike_B","Strike_B","Strike_B","Defend_B","Defend_B","Defend_B","Defend_B","Zap+1","Dualcast+1","Conserve Battery","Glacier","Streamline+1","Buffer","Static Discharge+1","Coolheaded","Amplify","All For One","Force Field"],"relics":["Cracked Core","Strawberry","Smiling Mask","Juzu Bracelet","DataDisk","Bronze Scales","WingedGreaves","Snecko Eye","Kunai"],"potions_floor_usage":[7,13,16],"damage_taken":[{"damage":2,"enemies":"Jaw Worm","floor":1,"turns":3},{"damage":0,"enemies":"Lagavulin","floor":7,"turns":9},{"damage":9,"enemies":"3 Sentries","floor":10,"turns":8},{"damage":0,"enemies":"2 Louse","floor":11,"turns":2},{"damage":0,"enemies":"Small Slimes","floor":12,"turns":3},{"damage":24,"enemies":"Lagavulin Event","floor":13,"turns":7},{"damage":0,"enemies":"Looter","floor":14,"turns":3},{"damage":10,"enemies":"The Guardian","floor":16,"turns":9},{"damage":9,"enemies":"3 Byrds","floor":18,"turns":2},{"damage":6,"enemies":"Shell Parasite","floor":19,"turns":5},{"damage":0,"enemies":"Snecko","floor":20,"turns":6},{"damage":2,"enemies":"Sentry and Sphere","floor":21,"turns":7},{"damage":58,"enemies":"Gremlin Leader","floor":25,"turns":7}],"seed_played":"-3604838465843177873","potions_obtained":[{"floor":1,"key":"Dexterity Potion"},{"floor":10,"key":"Ancient Potion"},{"floor":14,"key":"Fruit Juice"}],"is_trial":false,"path_per_floor":["M","?","?","$","$","R","E","R","T","E","M","M","?","M","R","B",null,"M","M","M","M","?","$","?","E"],"character_chosen":"DEFECT","items_purchased":["Glacier","Kunai"],"campfire_rested":0,"item_purchase_floors":[4,23],"current_hp_per_floor":[69,69,64,64,64,64,64,64,64,55,55,55,31,31,31,26,69,60,54,54,52,52,52,52,0],"gold":105,"neow_bonus":"RANDOM_COMMON_RELIC","is_prod":false,"is_daily":false,"chose_seed":false,"campfire_upgraded":3,"win_rate":0,"timestamp":1570731006,"path_taken":["M","?","?","?","$","R","E","R","T","E","M","M","?","M","R","BOSS","M","M","M","M","?","$","?","E"],"build_version":"2019-07-17","purchased_purges":0,"victory":false,"max_hp_per_floor":[78,78,78,78,78,78,78,78,78,78,78,78,78,78,78,83,83,83,83,83,83,83,83,83,83],"card_choices":[{"not_picked":["Chill","Sweeping Beam"],"picked":"Conserve Battery","floor":1},{"not_picked":["Chaos","Turbo"],"picked":"Streamline","floor":7},{"not_picked":["Leap","Stack"],"picked":"Buffer","floor":10},{"not_picked":["Rebound","Beam Cell"],"picked":"Static Discharge","floor":11},{"not_picked":["Cold Snap","Turbo"],"picked":"Coolheaded","floor":12},{"not_picked":["Rebound","Redo"],"picked":"Amplify","floor":14},{"not_picked":["Meteor Strike","Thunder Strike"],"picked":"All For One","floor":16},{"not_picked":["Storm","Conserve Battery","Tempest"],"picked":"SKIP","floor":18},{"not_picked":["Rip and Tear","Cold Snap"],"picked":"Force Field","floor":19},{"not_picked":["Barrage","Turbo","Leap"],"picked":"SKIP","floor":20},{"not_picked":["Cold Snap","Beam Cell","Leap"],"picked":"SKIP","floor":21}],"player_experience":841933,"relics_obtained":[{"floor":7,"key":"Juzu Bracelet"},{"floor":9,"key":"DataDisk"},{"floor":10,"key":"Bronze Scales"},{"floor":13,"key":"WingedGreaves"}],"event_choices":[{"damage_healed":0,"gold_gain":0,"player_choice":"Grow","damage_taken":0,"max_hp_gain":0,"max_hp_loss":0,"event_name":"Living Wall","floor":2,"gold_loss":0,"cards_upgraded":["Zap"]},{"damage_healed":0,"gold_gain":0,"player_choice":"Success","damage_taken":5,"relics_obtained":["Smiling Mask"],"max_hp_gain":0,"max_hp_loss":0,"event_name":"Scrap Ooze","floor":3,"gold_loss":0},{"damage_healed":0,"gold_gain":30,"player_choice":"Searched \u00273\u0027 times","damage_taken":0,"max_hp_gain":0,"max_hp_loss":0,"event_name":"Dead Adventurer","floor":13,"gold_loss":0},{"damage_healed":0,"gold_gain":0,"player_choice":"Ignored","damage_taken":0,"max_hp_gain":0,"max_hp_loss":0,"event_name":"Ghosts","floor":22,"gold_loss":0},{"damage_healed":0,"gold_gain":50,"player_choice":"Stole From Cult","damage_taken":0,"max_hp_gain":0,"max_hp_loss":0,"event_name":"Nest","floor":24,"gold_loss":0}],"is_beta":false,"boss_relics":[{"not_picked":["Ectoplasm","Inserter"],"picked":"Snecko Eye"}],"items_purged_floors":[],"is_endless":false,"potions_floor_spawned":[1,10,14],"killed_by":"Gremlin Leader","ascension_level":20}