{"gold_per_floor":[113,113,126,138,156,156,184,334,405,405,405,431,431,451,451,451],"floor_reached":16,"playtime":506,"items_purged":[],"score":190,"play_id":"06f40fac-223d-4daa-b622-034848d09798","local_time":"20190524140937","is_ascension_mode":true,"campfire_choices":[{"data":"Capacitor","floor":6,"key":"SMITH"},{"floor":10,"key":"REST"},{"data":"Coolheaded","floor":13,"key":"SMITH"},{"floor":15,"key":"REST"}],"neow_cost":"NONE","seed_source_timestamp":797941801543901,"circlet_count":0,"master_deck":["AscendersBane","Strike_B","Strike_B","Strike_B","Defend_B","Defend_B","Defend_B","Zap","Dualcast","Go for the Eyes","Ball Lightning","Ball Lightning","Capacitor+1","Sweeping Beam","Doubt","Fission","Coolheaded+1","Auto Shields","Gash"],"relics":["Empty Cage","Odd Mushroom","Frozen Egg 2","Pen Nib"],"potions_floor_usage":[7,12],"damage_taken":[{"damage":2,"enemies":"Cultist","floor":1,"turns":4},{"damage":4,"enemies":"2 Louse","floor":3,"turns":4},{"damage":7,"enemies":"Small Slimes","floor":4,"turns":3},{"damage":8,"enemies":"2 Fungi Beasts","floor":5,"turns":3},{"damage":23,"enemies":"The Mushroom Lair","floor":7,"turns":4},{"damage":18,"enemies":"Lagavulin","floor":12,"turns":7},{"damage":16,"enemies":"Exordium Thugs","floor":14,"turns":5},{"damage":28,"enemies":"The Guardian","floor":16,"turns":6}],"seed_played":"-592754621543239829","potions_obtained":[{"floor":1,"key":"Energy Potion"},{"floor":7,"key":"FocusPotion"},{"floor":12,"key":"SneckoOil"}],"is_trial":false,"path_per_floor":["M","$","M","M","M","R","?","?","T","R","?","E","R","M","R","B"],"character_chosen":"DEFECT","items_purchased":[],"campfire_rested":2,"item_purchase_floors":[],"current_hp_per_floor":[62,62,58,51,43,43,20,20,20,41,41,23,23,7,28,0],"gold":451,"neow_bonus":"BOSS_RELIC","is_prod":false,"is_daily":false,"chose_seed":false,"campfire_upgraded":2,"win_rate":0,"timestamp":1558732177,"path_taken":["M","$","?","M","M","R","?","?","T","R","?","E","R","M","R","BOSS"],"build_version":"2019-01-23","purchased_purges":0,"victory":false,"max_hp_per_floor":[71,71,71,71,71,71,71,71,71,71,71,71,71,71,71,71],"card_choices":[{"not_picked":["Loop","Hologram"],"picked":"Go for the Eyes","floor":1},{"not_picked":["Consume","Compile Driver"],"picked":"Ball Lightning","floor":3},{"not_picked":["Tempest","Doom and Gloom"],"picked":"Ball Lightning","floor":4},{"not_picked":["Chaos","Sweeping Beam"],"picked":"Capacitor","floor":5},{"not_picked":["Scrape","Streamline"],"picked":"Sweeping Beam","floor":7},{"not_picked":["Turbo","Gash"],"picked":"Auto Shields","floor":12},{"not_picked":["Go for the Eyes","Skim"],"picked":"Gash","floor":14}],"player_experience":526117,"relics_obtained":[{"floor":7,"key":"Odd Mushroom"},{"floor":9,"key":"Frozen Egg 2"},{"floor":12,"key":"Pen Nib"}],"event_choices":[{"damage_healed":0,"gold_gain":0,"player_choice":"Fought Mushrooms","damage_taken":0,"max_hp_gain":0,"max_hp_loss":0,"event_name":"Mushrooms","floor":7,"gold_loss":0},{"damage_healed":0,"gold_gain":150,"player_choice":"AGREE","damage_taken":0,"max_hp_gain":0,"max_hp_loss":0,"event_name":"Liars Game","floor":8,"gold_loss":0,"cards_obtained":["Doubt"]},{"damage_healed":0,"gold_gain":0,"player_choice":"2 cards matched","damage_taken":0,"max_hp_gain":0,"max_hp_loss":0,"event_name":"Match and Keep!","floor":11,"gold_loss":0,"cards_obtained":["Fission","Coolheaded"]}],"is_beta":false,"boss_relics":[],"items_purged_floors":[],"is_endless":false,"potions_floor_spawned":[1,7,12],"killed_by":"The Guardian","ascension_level":18}