{"gold_per_floor":[113,113,113,38,56,91,91,38,106,116,116,135,135,149,149,149],"floor_reached":16,"playtime":476,"items_purged":[],"score":200,"play_id":"97833f1f-72d3-4828-b8a9-262667f5d7e0","local_time":"20190930200203","is_ascension_mode":true,"campfire_choices":[{"data":"Zap","floor":7.0,"key":"SMITH"},{"data":"Barrage","floor":11,"key":"SMITH"},{"data":"Conserve Battery","floor":15,"key":"SMITH"}],"neow_cost":"NONE","seed_source_timestamp":0,"circlet_count":0,"master_deck":["AscendersBane","Strike_B","Strike_B","Strike_B","Defend_B","Defend_B","Defend_B","Defend_B","Zap+1","Dualcast","Chill","Conserve Battery+1","Sweeping Beam+1","Gash","Barrage+1","Gash"],"special_seed":0,"relics":["Inserter","Art of War","Omamori","Darkstone Periapt"],"potions_floor_usage":[16],"damage_taken":[{"damage":4.0,"enemies":"Jaw Worm","floor":1.0,"turns":6.0},{"damage":0.0,"enemies":"2 Louse","floor":5.0,"turns":4.0},{"damage":25.0,"enemies":"Lagavulin","floor":6.0,"turns":10.0},{"damage":0,"enemies":"Cultist","floor":10,"turns":4},{"damage":7,"enemies":"Exordium Thugs","floor":12,"turns":5},{"damage":3,"enemies":"3 Louse","floor":14,"turns":4},{"damage":25,"enemies":"The Guardian","floor":16,"turns":7}],"seed_played":"7135008969210063451","potions_obtained":[{"floor":6.0,"key":"GamblersBrew"},{"floor":10,"key":"EssenceOfSteel"},{"floor":14,"key":"SteroidPotion"}],"is_trial":false,"path_per_floor":["M","?","?","?","M","E","R","$","T","M","R","M","?","M","R","B"],"character_chosen":"DEFECT","items_purchased":["Gash"],"campfire_rested":0,"item_purchase_floors":[8],"current_hp_per_floor":[60,65,60,60,60,35,35,35,35,35,35,28,28,25,25,0],"gold":149,"neow_bonus":"BOSS_RELIC","is_prod":false,"is_daily":false,"chose_seed":false,"campfire_upgraded":3,"win_rate":0,"timestamp":1569898923,"path_taken":["M","?","?","?","M","E","R","?","T","M","R","M","?","?","R","BOSS"],"build_version":"2019-07-17","purchased_purges":0,"victory":false,"max_hp_per_floor":[71,76,76,76,76,76,76,76,76,76,76,76,76,76,76,76],"card_choices":[{"not_picked":["Turbo","Beam Cell"],"picked":"Chill","floor":1.0},{"not_picked":["Chaos","Go for the Eyes"],"picked":"Conserve Battery","floor":5.0},{"not_picked":["Chaos","Skim"],"picked":"Sweeping Beam","floor":6.0},{"not_picked":["BootSequence","White Noise"],"picked":"Barrage","floor":10},{"not_picked":["Beam Cell","Scrape"],"picked":"Gash","floor":12},{"not_picked":["Streamline","Skim","Lockon"],"picked":"SKIP","floor":14}],"player_experience":809038,"relics_obtained":[{"floor":6.0,"key":"Omamori"},{"floor":9,"key":"Darkstone Periapt"}],"event_choices":[{"damage_healed":0.0,"max_hp_gain":5.0,"max_hp_loss":0.0,"gold_gain":0.0,"event_name":"Big Fish","player_choice":"Donut","floor":2.0,"gold_loss":0.0,"damage_taken":0.0},{"damage_healed":0.0,"max_hp_gain":0.0,"max_hp_loss":0.0,"gold_gain":0.0,"event_name":"Scrap Ooze","player_choice":"Success","floor":3.0,"gold_loss":0.0,"damage_taken":5.0,"relics_obtained":["Art of War"]},{"cards_removed":["Strike_B"],"damage_healed":0.0,"max_hp_gain":0.0,"max_hp_loss":0.0,"gold_gain":0.0,"event_name":"The Cleric","player_choice":"Card Removal","floor":4.0,"gold_loss":75.0,"damage_taken":0.0},{"damage_healed":0,"gold_gain":0,"player_choice":"Upgraded","damage_taken":0,"max_hp_gain":0,"max_hp_loss":0,"event_name":"Upgrade Shrine","floor":13,"gold_loss":0,"cards_upgraded":["Sweeping Beam"]}],"is_beta":false,"boss_relics":[],"items_purged_floors":[],"is_endless":false,"potions_floor_spawned":[6,10,14],"killed_by":"The Guardian","ascension_level":20}