{"gold_per_floor":[119,132,132,63,79,112,37,70,70,88,104,122,122,155,155,258,258,278,258,268,268],"floor_reached":21,"playtime":979,"items_purged":["Strike_B"],"score":279,"play_id":"53ff21f5-0939-44d0-ac17-990f4b011c86","local_time":"20190327151328","is_ascension_mode":true,"campfire_choices":[{"data":"Defragment","floor":13,"key":"SMITH"},{"floor":15,"key":"REST"}],"neow_cost":"NONE","seed_source_timestamp":568446367003154,"circlet_count":0,"master_deck":["Strike_B","Strike_B","Strike_B","Defend_B","Defend_B","Defend_B","Defend_B","Zap","Dualcast+1","Doom and Gloom","Ball Lightning","Defragment+1","Conserve Battery","Compile Driver","Loop","Leap","Echo Form","Conserve Battery","Double Energy+1","Cold Snap"],"relics":["Cracked Core","Pear","Bottled Flame","Ornamental Fan","FossilizedHelix","Black Star"],"potions_floor_usage":[8,8,19],"damage_taken":[{"damage":0,"enemies":"2 Louse","floor":1,"turns":2},{"damage":1,"enemies":"Cultist","floor":2,"turns":3},{"damage":7,"enemies":"Small Slimes","floor":5,"turns":2},{"damage":23,"enemies":"Lagavulin","floor":6,"turns":6},{"damage":1,"enemies":"Gremlin Nob","floor":8,"turns":3},{"damage":5,"enemies":"Exordium Wildlife","floor":10,"turns":2},{"damage":5,"enemies":"Looter","floor":11,"turns":3},{"damage":7,"enemies":"2 Fungi Beasts","floor":12,"turns":3},{"damage":26,"enemies":"Lagavulin","floor":14,"turns":6},{"damage":1,"enemies":"Slime Boss","floor":16,"turns":7},{"damage":19,"enemies":"Shell Parasite","floor":18,"turns":5},{"damage":8,"enemies":"2 Thieves","floor":19,"turns":5},{"damage":45,"enemies":"Chosen and Byrds","floor":20,"turns":7},{"damage":9,"enemies":"Centurion and Healer","floor":21,"turns":2}],"seed_played":"5687335856906282346","potions_obtained":[{"floor":5,"key":"Block Potion"},{"floor":6,"key":"AttackPotion"},{"floor":11,"key":"SteroidPotion"},{"floor":12,"key":"Ancient Potion"},{"floor":16,"key":"Weak Potion"},{"floor":20,"key":"Dexterity Potion"}],"is_trial":false,"path_per_floor":["M","M","?","$","M","E","$","E","T","M","M","M","R","E","R","B",null,"M","M","M","M"],"character_chosen":"DEFECT","items_purchased":["Defragment"],"campfire_rested":1,"item_purchase_floors":[4],"current_hp_per_floor":[82,81,81,81,74,61,61,60,60,55,50,43,43,17,44,43,80,61,53,8,0],"gold":268,"neow_bonus":"TEN_PERCENT_HP_BONUS","is_prod":false,"is_daily":false,"chose_seed":false,"campfire_upgraded":1,"win_rate":0,"timestamp":1553724808,"path_taken":["M","M","?","$","M","E","$","E","T","?","M","M","R","E","R","BOSS","M","M","M","M"],"build_version":"2019-01-23","purchased_purges":1,"victory":false,"max_hp_per_floor":[82,82,82,82,82,92,92,92,92,92,92,92,92,92,92,92,92,92,92,92,92],"card_choices":[{"not_picked":["Redo","Gash"],"picked":"Doom and Gloom","floor":1},{"not_picked":["FTL","Loop"],"picked":"Ball Lightning","floor":2},{"not_picked":["Force Field","Turbo"],"picked":"Conserve Battery","floor":5},{"not_picked":["Consume","Gash","Leap"],"picked":"SKIP","floor":6},{"not_picked":["Skim","Seek"],"picked":"Compile Driver","floor":8},{"not_picked":["Sweeping Beam","Blizzard","Tempest"],"picked":"SKIP","floor":10},{"not_picked":["Steam","Compile Driver","Chaos"],"picked":"SKIP","floor":11},{"not_picked":["Gash","Double Energy"],"picked":"Loop","floor":12},{"not_picked":["Sunder","Recycle"],"picked":"Leap","floor":14},{"not_picked":["Buffer","Creative AI"],"picked":"Echo Form","floor":16},{"not_picked":["Sweeping Beam+1","Beam Cell"],"picked":"Conserve Battery","floor":18},{"not_picked":["Compile Driver","Storm"],"picked":"Double Energy+1","floor":19},{"not_picked":["Storm+1","Rebound"],"picked":"Cold Snap","floor":20}],"player_experience":85303,"relics_obtained":[{"floor":6,"key":"Pear"},{"floor":8,"key":"Bottled Flame"},{"floor":9,"key":"Ornamental Fan"},{"floor":14,"key":"FossilizedHelix"}],"event_choices":[{"damage_healed":0,"gold_gain":0,"player_choice":"Upgraded","damage_taken":0,"max_hp_gain":0,"max_hp_loss":0,"event_name":"Upgrade Shrine","floor":3,"gold_loss":0,"cards_upgraded":["Dualcast"]}],"is_beta":false,"boss_relics":[{"not_picked":["Cursed Key","Runic Pyramid"],"picked":"Black Star"}],"items_purged_floors":[7],"is_endless":false,"potions_floor_spawned":[5,6,11,12,16,20],"killed_by":"Centurion and Healer","ascension_level":5}