{"gold_per_floor":[115,132,46,58,208,208,208,225,251,251,251,262,262,273,273,349,349,301,320,320,60,60,60],"floor_reached":23,"playtime":4669,"items_purged":[],"score":407,"play_id":"516d9b26-718e-4fc2-a146-37bc382ce270","local_time":"20191006195137","is_ascension_mode":true,"campfire_choices":[{"data":"Electrodynamics","floor":7,"key":"SMITH"},{"data":"Conserve Battery","floor":11,"key":"SMITH"},{"data":"Conserve Battery","floor":15,"key":"SMITH"}],"neow_cost":"NONE","seed_source_timestamp":2223337243781400,"circlet_count":0,"master_deck":["AscendersBane","Strike_B","Strike_B","Strike_B","Defend_B","Defend_B","Defend_B","Defend_B","Zap","Dualcast","Conserve Battery+1","Conserve Battery+1","Electrodynamics+1","Conserve Battery","Conserve Battery","Genetic Algorithm","Self Repair","Buffer","Reinforced Body","Sunder"],"relics":["White Beast Statue","Boot","Snecko Eye","Juzu Bracelet","Runic Capacitor"],"potions_floor_usage":[4,6,8,16,16,18],"damage_taken":[{"damage":7,"enemies":"Cultist","floor":1,"turns":4},{"damage":9,"enemies":"Jaw Worm","floor":2,"turns":4},{"damage":3,"enemies":"Small Slimes","floor":4,"turns":2},{"damage":4,"enemies":"Gremlin Nob","floor":6,"turns":3},{"damage":0,"enemies":"3 Louse","floor":8,"turns":2},{"damage":0,"enemies":"Large Slime","floor":12,"turns":6},{"damage":0,"enemies":"Lots of Slimes","floor":14,"turns":1},{"damage":17,"enemies":"The Guardian","floor":16,"turns":16},{"damage":7,"enemies":"2 Thieves","floor":18,"turns":5},{"damage":9,"enemies":"3 Byrds","floor":19,"turns":3},{"damage":82,"enemies":"Gremlin Leader","floor":23,"turns":6}],"seed_played":"3440437579546905080","potions_obtained":[{"floor":1,"key":"SmokeBomb"},{"floor":2,"key":"AttackPotion"},{"floor":4,"key":"Explosive Potion"},{"floor":8,"key":"Ancient Potion"},{"floor":12,"key":"EssenceOfSteel"},{"floor":14,"key":"Fire Potion"},{"floor":16,"key":"Fruit Juice"},{"floor":18,"key":"Dexterity Potion"},{"floor":19,"key":"Swift Potion"}],"is_trial":false,"path_per_floor":["M","M","$","M","?","E","R","M","T","?","R","M","?","M","R","B",null,"M","M","?","$","?","E"],"character_chosen":"DEFECT","items_purchased":["Electrodynamics","Runic Capacitor","Sunder"],"campfire_rested":0,"item_purchase_floors":[3,21,21],"current_hp_per_floor":[57,48,48,45,45,41,41,41,41,46,46,46,39,39,39,29,64,69,67,67,67,67,0],"gold":60,"neow_bonus":"BOSS_RELIC","is_prod":false,"is_daily":false,"chose_seed":false,"campfire_upgraded":3,"win_rate":0,"timestamp":1570416697,"path_taken":["M","M","?","M","?","E","R","M","T","?","R","M","?","M","R","BOSS","M","M","?","$","?","E"],"build_version":"2019-07-17","purchased_purges":0,"victory":false,"max_hp_per_floor":[71,71,71,71,71,71,71,71,71,76,76,76,76,76,76,76,76,81,81,81,81,81,81],"card_choices":[{"not_picked":["Hologram","Barrage"],"picked":"Conserve Battery","floor":1},{"not_picked":["Gash","Darkness"],"picked":"Conserve Battery","floor":2},{"not_picked":["Redo","Barrage"],"picked":"Conserve Battery","floor":4},{"not_picked":["Cold Snap","Heatsinks"],"picked":"Conserve Battery","floor":8},{"not_picked":["Skim","Redo"],"picked":"Genetic Algorithm","floor":12},{"not_picked":["Capacitor","Aggregate"],"picked":"Self Repair","floor":14},{"not_picked":["Reboot","Amplify"],"picked":"Buffer","floor":16},{"not_picked":["Streamline","Coolheaded","Beam Cell"],"picked":"SKIP","floor":18},{"not_picked":["Gash","Chaos"],"picked":"Reinforced Body","floor":19}],"player_experience":830002,"relics_obtained":[{"floor":9,"key":"Boot"}],"event_choices":[{"damage_healed":0,"gold_gain":150,"player_choice":"AGREE","damage_taken":0,"max_hp_gain":0,"max_hp_loss":0,"event_name":"Liars Game","floor":5,"gold_loss":0,"cards_obtained":["Doubt"]},{"damage_healed":0,"gold_gain":0,"player_choice":"Donut","damage_taken":0,"max_hp_gain":5,"max_hp_loss":0,"event_name":"Big Fish","floor":10,"gold_loss":0},{"cards_removed":["Doubt"],"damage_healed":0,"gold_gain":0,"player_choice":"Card Removal","damage_taken":7,"max_hp_gain":0,"max_hp_loss":0,"event_name":"Golden Wing","floor":13,"gold_loss":0},{"damage_healed":0,"gold_gain":0,"player_choice":"Gave Potion","damage_taken":0,"relics_obtained":["Juzu Bracelet"],"max_hp_gain":0,"max_hp_loss":0,"event_name":"WeMeetAgain","floor":20,"gold_loss":0},{"cards_removed":["Strike_B"],"damage_healed":0,"gold_gain":0,"player_choice":"Purged","damage_taken":0,"max_hp_gain":0,"max_hp_loss":0,"event_name":"Purifier","floor":22,"gold_loss":0}],"is_beta":false,"boss_relics":[{"not_picked":["Nuclear Battery","Coffee Dripper"],"picked":"Snecko Eye"}],"items_purged_floors":[],"is_endless":false,"potions_floor_spawned":[1,2,4,6,8,12,14,16,18,19],"killed_by":"Gremlin Leader","ascension_level":20}