{"gold_per_floor":[112,10,25,25,25,51,51,80,80,97,113,113,124,142,142,216,216,233,233,246,161,117,117],"floor_reached":23,"playtime":685,"items_purged":[],"score":452,"play_id":"c87a248a-9fda-4340-ae9b-7c41c7e8b5e6","local_time":"20191006130743","is_ascension_mode":true,"campfire_choices":[{"data":"Zap","floor":7,"key":"SMITH"},{"data":"Dualcast","floor":12,"key":"SMITH"},{"data":"Rebound","floor":15,"key":"SMITH"}],"neow_cost":"NONE","seed_source_timestamp":2203088488919899,"circlet_count":0,"master_deck":["AscendersBane","Strike_B","Strike_B","Strike_B","Strike_B","Defend_B","Defend_B","Defend_B","Defend_B","Zap+1","Dualcast+1","Cold Snap","Self Repair","Rebound+1","Beam Cell+1","Ball Lightning","All For One","Capacitor+1","Consume","Chill"],"relics":["Cracked Core","NeowsBlessing","Letter Opener","Singing Bowl","Bronze Scales","Bag of Marbles","Black Star","FossilizedHelix"],"potions_floor_usage":[13,14,20,23,23],"damage_taken":[{"damage":0,"enemies":"Jaw Worm","floor":1,"turns":1},{"damage":0,"enemies":"2 Louse","floor":3,"turns":1},{"damage":0,"enemies":"3 Sentries","floor":6,"turns":1},{"damage":28,"enemies":"Gremlin Nob","floor":8,"turns":4},{"damage":1,"enemies":"Cultist","floor":10,"turns":3},{"damage":9,"enemies":"Exordium Thugs","floor":11,"turns":3},{"damage":3,"enemies":"Exordium Wildlife","floor":13,"turns":3},{"damage":5,"enemies":"Gremlin Gang","floor":14,"turns":3},{"damage":42,"enemies":"The Guardian","floor":16,"turns":10},{"damage":25,"enemies":"Shell Parasite","floor":18,"turns":6},{"damage":0,"enemies":"3 Byrds","floor":20,"turns":2},{"damage":58,"enemies":"Slavers","floor":23,"turns":4}],"seed_played":"3966156469368539487","potions_obtained":[{"floor":10,"key":"Poison Potion"},{"floor":11,"key":"Block Potion"},{"floor":13,"key":"Swift Potion"},{"floor":14,"key":"Explosive Potion"},{"floor":16,"key":"Fire Potion"},{"floor":20,"key":"EssenceOfSteel"}],"is_trial":false,"path_per_floor":["M","$","M","?","?","E","R","E","T","M","M","R","M","M","R","B",null,"M","?","M","?","$","E"],"character_chosen":"DEFECT","items_purchased":["Self Repair","Rebound","Chill"],"campfire_rested":0,"item_purchase_floors":[2,2,22],"current_hp_per_floor":[64,64,64,64,53,60,60,41,41,49,49,49,55,59,59,24,67,49,49,56,56,56,0],"gold":117,"neow_bonus":"THREE_ENEMY_KILL","is_prod":false,"is_daily":false,"chose_seed":false,"campfire_upgraded":3,"win_rate":0,"timestamp":1570392463,"path_taken":["M","$","M","?","?","E","R","E","T","?","M","R","M","M","R","BOSS","M","?","?","?","?","E"],"build_version":"2019-07-17","purchased_purges":0,"victory":false,"max_hp_per_floor":[71,71,71,71,71,71,71,73,73,75,77,77,79,81,81,81,81,81,81,81,81,81,81],"card_choices":[{"not_picked":["Melter","Loop"],"picked":"Cold Snap","floor":1},{"not_picked":["Static Discharge","Turbo"],"picked":"Beam Cell","floor":3},{"not_picked":["Turbo","Steam"],"picked":"Ball Lightning","floor":6},{"not_picked":["Double Energy","Go for the Eyes","Redo"],"picked":"Singing Bowl","floor":8},{"not_picked":["Streamline","Steam","Scrape"],"picked":"Singing Bowl","floor":10},{"not_picked":["Multi-Cast","Steam Power","Redo"],"picked":"Singing Bowl","floor":11},{"not_picked":["Steam","Rebound","Cold Snap"],"picked":"Singing Bowl","floor":13},{"not_picked":["Ball Lightning","Thunder Strike","Stack"],"picked":"Singing Bowl","floor":14},{"not_picked":["Multi-Cast","Thunder Strike"],"picked":"All For One","floor":16},{"not_picked":["Loop","Melter"],"picked":"Capacitor","floor":18},{"not_picked":["Scrape","Rebound"],"picked":"Consume","floor":20}],"player_experience":825993,"relics_obtained":[{"floor":6,"key":"Singing Bowl"},{"floor":8,"key":"Bronze Scales"},{"floor":9,"key":"Bag of Marbles"}],"event_choices":[{"damage_healed":0,"gold_gain":0,"player_choice":"Grow","damage_taken":0,"max_hp_gain":0,"max_hp_loss":0,"event_name":"Living Wall","floor":4,"gold_loss":0,"cards_upgraded":["Beam Cell"]},{"damage_healed":0,"gold_gain":0,"player_choice":"Success","damage_taken":11,"relics_obtained":["Letter Opener"],"max_hp_gain":0,"max_hp_loss":0,"event_name":"Scrap Ooze","floor":5,"gold_loss":0},{"damage_healed":0,"gold_gain":0,"player_choice":"Upgraded","damage_taken":0,"max_hp_gain":0,"max_hp_loss":0,"event_name":"Upgrade Shrine","floor":19,"gold_loss":0,"cards_upgraded":["Capacitor"]},{"damage_healed":0,"gold_gain":0,"player_choice":"Obtained Relic","damage_taken":0,"relics_obtained":["FossilizedHelix"],"max_hp_gain":0,"max_hp_loss":0,"event_name":"Addict","floor":21,"gold_loss":85}],"is_beta":false,"boss_relics":[{"not_picked":["Calling Bell","Runic Pyramid"],"picked":"Black Star"}],"items_purged_floors":[],"is_endless":false,"potions_floor_spawned":[10,11,13,14,16,20],"killed_by":"Slavers","ascension_level":20}