{"gold_per_floor":[112,125,125,200,88,119,119,453,453,453,453],"floor_reached":11,"playtime":186,"items_purged":[],"score":208,"play_id":"2efe5151-8540-4553-9c31-4a17497b2beb","local_time":"20190926232136","is_ascension_mode":true,"campfire_choices":[{"data":"Defragment","floor":7,"key":"SMITH"},{"floor":10,"key":"REST"}],"neow_cost":"NONE","seed_source_timestamp":1376418876131100,"circlet_count":0,"master_deck":["AscendersBane","Strike_B","Strike_B","Strike_B","Strike_B","Defend_B","Defend_B","Defend_B","Defend_B","Zap","Dualcast","Sweeping Beam","Rebound","Defragment+1","Sunder","Gash","Coolheaded+1"],"relics":["Cracked Core","NeowsBlessing","Golden Idol","Toxic Egg 2","Old Coin","Gremlin Horn"],"potions_floor_usage":[8],"damage_taken":[{"damage":0,"enemies":"Cultist","floor":1,"turns":1},{"damage":0,"enemies":"2 Louse","floor":2,"turns":1},{"damage":0,"enemies":"3 Sentries","floor":6,"turns":2},{"damage":25,"enemies":"Lagavulin","floor":8,"turns":5},{"damage":56,"enemies":"Gremlin Nob","floor":11,"turns":4}],"seed_played":"529247490664415353","potions_obtained":[{"floor":2,"key":"Regen Potion"}],"is_trial":false,"path_per_floor":["M","M","?","?","$","E","R","E","T","R","E"],"character_chosen":"DEFECT","items_purchased":["Defragment","Sunder"],"campfire_rested":1,"item_purchase_floors":[5,5],"current_hp_per_floor":[64,64,40,29,29,29,29,18,18,39,0],"gold":453,"neow_bonus":"THREE_ENEMY_KILL","is_prod":false,"is_daily":false,"chose_seed":false,"campfire_upgraded":1,"win_rate":0,"timestamp":1569565296,"path_taken":["M","?","?","?","$","E","R","E","T","R","E"],"build_version":"2019-07-17","purchased_purges":0,"victory":false,"max_hp_per_floor":[71,71,71,71,71,71,71,71,71,71,71],"card_choices":[{"not_picked":["Go for the Eyes","Gash"],"picked":"Sweeping Beam","floor":1},{"not_picked":["Streamline","Redo"],"picked":"Rebound","floor":2},{"not_picked":["Creative AI","Streamline"],"picked":"Gash","floor":6},{"not_picked":["Cold Snap","Turbo+1"],"picked":"Coolheaded+1","floor":8}],"player_experience":807645,"relics_obtained":[{"floor":6,"key":"Toxic Egg 2"},{"floor":8,"key":"Old Coin"},{"floor":9,"key":"Gremlin Horn"}],"event_choices":[{"damage_healed":0,"gold_gain":0,"player_choice":"Take Damage","damage_taken":24,"relics_obtained":["Golden Idol"],"max_hp_gain":0,"max_hp_loss":0,"event_name":"Golden Idol","floor":3,"gold_loss":0},{"damage_healed":0,"gold_gain":75,"player_choice":"Gather Gold","damage_taken":11,"max_hp_gain":0,"max_hp_loss":0,"event_name":"World of Goop","floor":4,"gold_loss":0}],"is_beta":false,"boss_relics":[],"items_purged_floors":[],"is_endless":false,"potions_floor_spawned":[2],"killed_by":"Gremlin Nob","ascension_level":20}