{"gold_per_floor":[118,118,137,137,137,137,165,165,211,240,240,254,268,192,192,292,292,307,157,157,170,170,201,219,219,219,233,261,275,295,329,341,450,462,493,521,549,561,590,629,641,683,748,860,906,918,547,580,580,580,580,580,88,113,113],"floor_reached":56,"playtime":3316,"items_purged":["Parasite","Mayhem+1"],"score":1795,"play_id":"68740fea-07bb-49fd-8e7f-990fb79c159e","local_time":"20190326162336","is_ascension_mode":true,"campfire_choices":[{"data":"Genetic Algorithm","floor":6,"key":"SMITH"},{"data":"Zap","floor":8,"key":"SMITH"},{"data":"Beam Cell","floor":11,"key":"SMITH"},{"data":"Go for the Eyes","floor":15,"key":"SMITH"},{"data":"Defragment","floor":25,"key":"SMITH"},{"data":"Capacitor","floor":32,"key":"SMITH"},{"data":"Buffer","floor":41,"key":"SMITH"},{"data":"Reboot","floor":46,"key":"SMITH"},{"floor":49,"key":"RECALL"},{"data":"Blizzard","floor":52,"key":"SMITH"}],"neow_cost":"NONE","seed_source_timestamp":483899993924340,"circlet_count":0,"master_deck":["Strike_B+1","Strike_B+1","Strike_B+1","Strike_B+1","Defend_B+1","Defend_B+1","Defend_B+1","Defend_B+1","Zap+1","Conserve Battery","Genetic Algorithm+1","Compile Driver+1","Beam Cell+1","Go for the Eyes+1","Ball Lightning+1","Self Repair","Reboot+1","Defragment+1","Undo","Glacier","Capacitor+1","Streamline+1","Hologram","Sweeping Beam+1","Buffer+1","Go for the Eyes+1","Glacier+1","Capacitor","White Noise","BootSequence","Blizzard+1","Capacitor+1","Conserve Battery","Echo Form+1","Defragment+1","Cold Snap","Loop+1"],"relics":["Cracked Core","NeowsBlessing","Kunai","Cables","Happy Flower","Pen Nib","Black Star","DataDisk","Thread and Needle","Bottled Flame","Whetstone","Blue Candle","MawBank","Vajra","Busted Crown","Symbiotic Virus","Frozen Egg 2","Art of War","Gambling Chip","Smiling Mask","Turnip","Juzu Bracelet","Centennial Puzzle","Letter Opener","Darkstone Periapt","Medical Kit","Sundial","Orichalcum"],"potions_floor_usage":[23,31,33,39,50,55,55,55],"damage_taken":[{"damage":0,"enemies":"Jaw Worm","floor":1,"turns":1},{"damage":0,"enemies":"Cultist","floor":3,"turns":1},{"damage":0,"enemies":"Gremlin Nob","floor":7,"turns":1},{"damage":26,"enemies":"3 Sentries","floor":10,"turns":6},{"damage":0,"enemies":"2 Louse","floor":12,"turns":2},{"damage":0,"enemies":"Red Slaver","floor":13,"turns":3},{"damage":5,"enemies":"Hexaghost","floor":16,"turns":10},{"damage":3,"enemies":"Chosen","floor":18,"turns":3},{"damage":14,"enemies":"2 Thieves","floor":21,"turns":3},{"damage":27,"enemies":"Slavers","floor":23,"turns":4},{"damage":0,"enemies":"Cultist and Chosen","floor":24,"turns":5},{"damage":0,"enemies":"Snecko","floor":27,"turns":4},{"damage":0,"enemies":"Gremlin Leader","floor":28,"turns":5},{"damage":1,"enemies":"3 Cultists","floor":29,"turns":4},{"damage":2,"enemies":"Cultist and Chosen","floor":30,"turns":4},{"damage":5,"enemies":"Slavers","floor":31,"turns":5},{"damage":15,"enemies":"Collector","floor":33,"turns":9},{"damage":0,"enemies":"3 Darklings","floor":35,"turns":5},{"damage":5,"enemies":"3 Shapes","floor":36,"turns":4},{"damage":0,"enemies":"Transient","floor":37,"turns":5},{"damage":14,"enemies":"Writhing Mass","floor":39,"turns":7},{"damage":0,"enemies":"Giant Head","floor":40,"turns":12},{"damage":0,"enemies":"Reptomancer","floor":42,"turns":7},{"damage":0,"enemies":"Mind Bloom Boss Battle","floor":44,"turns":7},{"damage":0,"enemies":"Nemesis","floor":45,"turns":9},{"damage":0,"enemies":"Reptomancer","floor":48,"turns":5},{"damage":12,"enemies":"Awakened One","floor":50,"turns":14},{"damage":36,"enemies":"Shield and Spear","floor":54,"turns":9},{"damage":9,"enemies":"The Heart","floor":55,"turns":15}],"seed_played":"-3869806013443105633","potions_obtained":[{"floor":7,"key":"Ancient Potion"},{"floor":10,"key":"SpeedPotion"},{"floor":13,"key":"Explosive Potion"},{"floor":24,"key":"SpeedPotion"},{"floor":28,"key":"EssenceOfSteel"},{"floor":29,"key":"Dexterity Potion"},{"floor":31,"key":"SkillPotion"},{"floor":36,"key":"Poison Potion"},{"floor":38,"key":"Weak Potion"},{"floor":42,"key":"GamblersBrew"},{"floor":44,"key":"Fire Potion"}],"is_trial":false,"path_per_floor":["M","?","M","T","$","R","E","R","T","E","R","M","M","$","R","B",null,"M","$","?","M","?","E","M","R","T","M","E","M","M","E","R","B",null,"M","M","M","?","M","E","R","E","T","?","E","R","$","E","R","B",null,"R","$","E","B",null],"character_chosen":"DEFECT","items_purchased":["Self Repair","DataDisk","Blizzard","Mayhem+1","Capacitor+1","Conserve Battery","Defragment+1","FocusPotion","Medical Kit","Cold Snap","Ancient Potion"],"campfire_rested":0,"item_purchase_floors":[14,19,47,47,47,47,53,53,53,53,53],"current_hp_per_floor":[75,60,60,60,60,60,60,60,60,34,34,34,34,34,34,36,75,75,75,75,68,68,48,55,55,55,62,69,75,73,68,68,60,75,75,75,75,75,61,68,68,75,75,75,75,75,72,72,72,67,72,72,72,43,41],"gold":113,"neow_bonus":"THREE_ENEMY_KILL","is_prod":false,"is_daily":false,"chose_seed":false,"campfire_upgraded":9,"win_rate":0,"timestamp":1553642616,"path_taken":["M","?","M","?","$","R","E","R","T","E","R","M","?","$","R","BOSS","M","$","?","M","?","E","M","R","T","M","E","M","?","E","R","BOSS","M","M","M","?","?","E","R","E","T","?","E","R","$","E","R","BOSS","R","$","E","BOSS"],"build_version":"2019-01-23","purchased_purges":2,"victory":true,"max_hp_per_floor":[75,75,75,75,75,75,75,75,75,75,75,75,75,75,75,75,75,75,75,75,75,75,75,75,75,75,75,75,75,75,75,75,75,75,75,75,75,75,75,75,75,75,75,75,75,75,72,72,72,72,72,72,72,72,72],"card_choices":[{"not_picked":["Steam","Tempest"],"picked":"Conserve Battery","floor":1},{"not_picked":["Tempest","Barrage"],"picked":"Genetic Algorithm","floor":3},{"not_picked":["Scrape","Conserve Battery"],"picked":"Compile Driver","floor":7},{"not_picked":["Genetic Algorithm","Barrage"],"picked":"Beam Cell","floor":10},{"not_picked":["Double Energy","Skim"],"picked":"Go for the Eyes","floor":12},{"not_picked":["Rebound","Reinforced Body"],"picked":"Ball Lightning","floor":13},{"not_picked":["Thunder Strike","Fission"],"picked":"Reboot","floor":16},{"not_picked":["Undo","Double Energy+1"],"picked":"Defragment","floor":18},{"not_picked":["Steam","Beam Cell","Barrage"],"picked":"SKIP","floor":21},{"not_picked":["Barrage+1","Turbo"],"picked":"Undo","floor":23},{"not_picked":["Turbo","Barrage+1"],"picked":"Glacier","floor":24},{"not_picked":["Double Energy","Hello World"],"picked":"Capacitor","floor":27},{"not_picked":["Steam","Storm"],"picked":"Streamline+1","floor":28},{"not_picked":["Lockon","Compile Driver"],"picked":"Hologram","floor":29},{"not_picked":["Redo","Sunder","Blizzard"],"picked":"SKIP","floor":30},{"not_picked":["Multi-Cast","Gash"],"picked":"Sweeping Beam+1","floor":31},{"not_picked":["Hyperbeam","Biased Cognition"],"picked":"Buffer","floor":33},{"not_picked":["Static Discharge"],"picked":"SKIP","floor":35},{"not_picked":[],"picked":"Go for the Eyes+1","floor":36},{"not_picked":[],"picked":"Glacier+1","floor":37},{"not_picked":[],"picked":"Capacitor","floor":39},{"not_picked":[],"picked":"White Noise","floor":40},{"not_picked":["Gash"],"picked":"SKIP","floor":42},{"not_picked":[],"picked":"BootSequence","floor":45},{"not_picked":[],"picked":"Echo Form+1","floor":48},{"not_picked":[],"picked":"Loop+1","floor":54}],"player_experience":73891,"relics_obtained":[{"floor":4,"key":"Kunai"},{"floor":7,"key":"Cables"},{"floor":9,"key":"Happy Flower"},{"floor":10,"key":"Pen Nib"},{"floor":23,"key":"Thread and Needle"},{"floor":23,"key":"Bottled Flame"},{"floor":28,"key":"Whetstone"},{"floor":28,"key":"Blue Candle"},{"floor":31,"key":"MawBank"},{"floor":31,"key":"Vajra"},{"floor":40,"key":"Symbiotic Virus"},{"floor":40,"key":"Frozen Egg 2"},{"floor":42,"key":"Art of War"},{"floor":42,"key":"Gambling Chip"},{"floor":43,"key":"Smiling Mask"},{"floor":44,"key":"Turnip"},{"floor":45,"key":"Juzu Bracelet"},{"floor":45,"key":"Centennial Puzzle"},{"floor":48,"key":"Letter Opener"},{"floor":48,"key":"Darkstone Periapt"},{"floor":54,"key":"Sundial"},{"floor":54,"key":"Orichalcum"}],"event_choices":[{"damage_healed":0,"gold_gain":0,"player_choice":"Entered Light","damage_taken":15,"max_hp_gain":0,"max_hp_loss":0,"event_name":"Shining Light","floor":2,"gold_loss":0,"cards_upgraded":["Strike_B","Defend_B"]},{"damage_healed":0,"gold_gain":0,"player_choice":"Simplicity","damage_taken":0,"max_hp_gain":0,"max_hp_loss":0,"event_name":"Back to Basics","floor":20,"gold_loss":0,"cards_upgraded":["Strike_B","Strike_B","Strike_B","Defend_B","Defend_B","Defend_B"]},{"cards_removed":["Dualcast"],"damage_healed":0,"gold_gain":0,"player_choice":"Offered Basic","damage_taken":0,"max_hp_gain":0,"max_hp_loss":0,"event_name":"Bonfire Elementals","floor":22,"gold_loss":0},{"damage_healed":0,"gold_gain":0,"player_choice":"Got Potions","damage_taken":0,"max_hp_gain":0,"max_hp_loss":0,"event_name":"Lab","floor":38,"gold_loss":0},{"damage_healed":0,"gold_gain":0,"player_choice":"Fight","damage_taken":0,"max_hp_gain":0,"max_hp_loss":0,"event_name":"MindBloom","floor":44,"gold_loss":0}],"is_beta":false,"boss_relics":[{"not_picked":["Runic Dome","Astrolabe"],"picked":"Black Star"},{"not_picked":["Inserter","Orrery"],"picked":"Busted Crown"}],"items_purged_floors":[47,53],"is_endless":false,"potions_floor_spawned":[7,10,13,16,18,24,28,29,31,36,42,44,48],"ascension_level":4}