{"gold_per_floor":[110,110,123,133,133,133,160,160],"floor_reached":8,"playtime":249,"items_purged":[],"score":87,"play_id":"8946c470-9e8f-4b86-b658-2f44002bccef","local_time":"20190420003848","is_ascension_mode":true,"campfire_choices":[{"data":"Barricade","floor":6,"key":"SMITH"}],"neow_cost":"NONE","seed_source_timestamp":391217576144000,"circlet_count":0,"master_deck":["AscendersBane","Strike_R","Strike_R","Strike_R","Strike_R","Defend_R","Defend_R","Defend_R","Defend_R","Bash","Heavy Blade","Barricade+1"],"relics":["Burning Blood","Bottled Lightning"],"potions_floor_usage":[],"damage_taken":[{"damage":8,"enemies":"Jaw Worm","floor":1,"turns":5},{"damage":1,"enemies":"Cultist","floor":3,"turns":4},{"damage":3,"enemies":"2 Louse","floor":4,"turns":4},{"damage":68,"enemies":"Gremlin Nob","floor":7,"turns":6},{"damage":0,"enemies":"The Mushroom Lair","floor":8,"turns":1}],"seed_played":"2847688703140948834","potions_obtained":[{"floor":0,"key":"Explosive Potion"},{"floor":0,"key":"Weak Potion"},{"floor":0,"key":"Energy Potion"}],"is_trial":false,"path_per_floor":["M","?","M","M","$","R","E","?"],"character_chosen":"IRONCLAD","items_purchased":[],"campfire_rested":0,"item_purchase_floors":[],"current_hp_per_floor":[70,70,75,78,78,78,16,16],"gold":160,"neow_bonus":"THREE_SMALL_POTIONS","is_prod":false,"is_daily":false,"chose_seed":false,"campfire_upgraded":1,"win_rate":0,"timestamp":1555713528,"path_taken":["M","?","?","M","?","R","E","?"],"build_version":"2019-01-23","purchased_purges":0,"victory":false,"max_hp_per_floor":[80,80,80,80,80,80,80,80],"card_choices":[{"not_picked":["Evolve","Clothesline"],"picked":"Heavy Blade","floor":1},{"not_picked":["Clothesline","Reckless Charge","Second Wind"],"picked":"SKIP","floor":3},{"not_picked":["Clothesline","Reckless Charge","Second Wind"],"picked":"SKIP","floor":3},{"not_picked":["Havoc","Pommel Strike"],"picked":"Barricade","floor":4},{"not_picked":["Barricade","Flex","Fire Breathing"],"picked":"SKIP","floor":7}],"player_experience":429427,"relics_obtained":[{"floor":7,"key":"Bottled Lightning"}],"event_choices":[{"cards_removed":["Strike_R"],"damage_healed":0,"gold_gain":0,"player_choice":"Purged","damage_taken":0,"max_hp_gain":0,"max_hp_loss":0,"event_name":"Purifier","floor":2,"gold_loss":0},{"damage_healed":0,"gold_gain":0,"player_choice":"Fought Mushrooms","damage_taken":0,"max_hp_gain":0,"max_hp_loss":0,"event_name":"Mushrooms","floor":8,"gold_loss":0}],"is_beta":false,"boss_relics":[],"items_purged_floors":[],"is_endless":false,"potions_floor_spawned":[3],"killed_by":"The Mushroom Lair","ascension_level":11}