{"gold_per_floor":[110,125,200,55,67,67,101,112,112,124,144,94,94,109,109,109],"floor_reached":16,"playtime":491,"items_purged":[],"score":177,"play_id":"3e118439-8306-4346-8654-5942c4a11bb9","local_time":"20191026045116","is_ascension_mode":true,"campfire_choices":[{"data":"1","floor":6,"key":"LIFT"},{"data":"2","floor":13,"key":"LIFT"},{"data":"3","floor":15,"key":"LIFT"}],"neow_cost":"NONE","seed_source_timestamp":3640012682450000,"circlet_count":0,"master_deck":["AscendersBane","Strike_B","Strike_B","Strike_B","Strike_B","Defend_B","Defend_B","Defend_B","Defend_B","Zap","Dualcast","CurseOfTheBell","Melter","Leap","Hyperbeam","Reinforced Body"],"special_seed":0,"relics":["Calling Bell","Tiny Chest","Meat on the Bone","Girya","Oddly Smooth Stone","CaptainsWheel","Mango"],"potions_floor_usage":[7,14],"damage_taken":[{"damage":3.0,"enemies":"2 Louse","floor":1.0,"turns":3.0},{"damage":6.0,"enemies":"Cultist","floor":2.0,"turns":4.0},{"damage":0,"enemies":"Small Slimes","floor":5,"turns":3},{"damage":26,"enemies":"Gremlin Nob","floor":7,"turns":5},{"damage":11,"enemies":"Looter","floor":8,"turns":3},{"damage":13,"enemies":"Blue Slaver","floor":10,"turns":3},{"damage":4,"enemies":"2 Fungi Beasts","floor":11,"turns":3},{"damage":2,"enemies":"Gremlin Gang","floor":14,"turns":4},{"damage":57,"enemies":"Hexaghost","floor":16,"turns":9}],"seed_played":"4033762665016922476","potions_obtained":[{"floor":1.0,"key":"DuplicationPotion"},{"floor":2.0,"key":"AttackPotion"},{"floor":7,"key":"BlessingOfTheForge"}],"is_trial":false,"path_per_floor":["M","M","?","$","M","R","E","M","T","M","M","?","R","M","R","B"],"character_chosen":"DEFECT","items_purchased":["Oddly Smooth Stone"],"campfire_rested":0,"item_purchase_floors":[4],"current_hp_per_floor":[61,55,48,48,48,48,34,35,49,48,44,44,44,54,54,0],"gold":109,"neow_bonus":"BOSS_RELIC","is_prod":false,"is_daily":false,"chose_seed":false,"campfire_upgraded":0,"win_rate":0,"timestamp":1572058276,"path_taken":["M","M","?","$","M","R","E","?","T","M","M","?","R","M","R","BOSS"],"build_version":"2019-10-25-V3","purchased_purges":0,"victory":false,"max_hp_per_floor":[71,71,71,71,71,71,71,71,85,85,85,85,85,85,85,85],"card_choices":[{"not_picked":["Rip and Tear","Auto Shields"],"picked":"Ball Lightning","floor":1.0},{"not_picked":["Compile Driver","Darkness"],"picked":"Melter","floor":2.0},{"not_picked":["Compile Driver","Sweeping Beam"],"picked":"Leap","floor":5},{"not_picked":["Turbo","Beam Cell"],"picked":"Hyperbeam","floor":7},{"not_picked":["Beam Cell","Leap","Turbo"],"picked":"SKIP","floor":8},{"not_picked":["Tempest","Cold Snap","Turbo"],"picked":"SKIP","floor":10},{"not_picked":["Stack","Storm"],"picked":"Reinforced Body","floor":11},{"not_picked":["Cold Snap","Amplify","Melter"],"picked":"SKIP","floor":14}],"player_experience":538253,"relics_obtained":[{"floor":0.0,"key":"Tiny Chest"},{"floor":0.0,"key":"Meat on the Bone"},{"floor":0.0,"key":"Girya"},{"floor":7,"key":"CaptainsWheel"},{"floor":9,"key":"Mango"}],"event_choices":[{"damage_healed":0,"gold_gain":75,"player_choice":"Touch","damage_taken":7,"max_hp_gain":0,"max_hp_loss":0,"event_name":"FaceTrader","floor":3,"gold_loss":0},{"cards_removed":["Ball Lightning"],"damage_healed":0,"gold_gain":0,"player_choice":"Card Removal","damage_taken":0,"max_hp_gain":0,"max_hp_loss":0,"event_name":"The Cleric","floor":12,"gold_loss":50}],"is_beta":true,"boss_relics":[],"items_purged_floors":[],"is_endless":false,"potions_floor_spawned":[1,2,7,11],"killed_by":"Hexaghost","ascension_level":14}