{"gold_per_floor":[117,131,131,131,131,131,157,168,168,168,186,186,198,41,41,117,117,130,130,144,158,108,108,120,120],"floor_reached":25,"playtime":963,"items_purged":["Strike_B"],"score":355,"play_id":"0f625bd9-cfbb-4325-a5ed-4345373f5011","local_time":"20190505204110","is_ascension_mode":true,"campfire_choices":[{"floor":6,"key":"REST"},{"data":"Go for the Eyes","floor":10,"key":"SMITH"},{"floor":15,"key":"REST"},{"data":"Loop","floor":23,"key":"SMITH"}],"neow_cost":"NONE","seed_source_timestamp":1934352564091431,"circlet_count":0,"master_deck":["AscendersBane","Strike_B+1","Strike_B+1","Defend_B+1","Defend_B+1","Defend_B+1","Defend_B+1","Zap+1","Dualcast","FTL","Hologram","Go for the Eyes+1","Ball Lightning","Conserve Battery","Darkness","Loop+1","All For One","Capacitor","Seek"],"relics":["Cracked Core","Oddly Smooth Stone","Dodecahedron","Vajra","Pen Nib","Snecko Eye"],"potions_floor_usage":[7,16,25],"damage_taken":[{"damage":0,"enemies":"Jaw Worm","floor":1,"turns":3},{"damage":2,"enemies":"Small Slimes","floor":2,"turns":3},{"damage":23,"enemies":"3 Sentries","floor":7,"turns":7},{"damage":0,"enemies":"2 Louse","floor":8,"turns":2},{"damage":0,"enemies":"2 Fungi Beasts","floor":11,"turns":3},{"damage":0,"enemies":"Large Slime","floor":13,"turns":3},{"damage":28,"enemies":"The Guardian","floor":16,"turns":8},{"damage":0,"enemies":"Spheric Guardian","floor":18,"turns":2},{"damage":0,"enemies":"Shell Parasite","floor":20,"turns":5},{"damage":3,"enemies":"Snecko","floor":21,"turns":6},{"damage":18,"enemies":"Chosen and Byrds","floor":24,"turns":6},{"damage":46,"enemies":"Gremlin Leader","floor":25,"turns":5}],"seed_played":"8838262302257511561","potions_obtained":[{"floor":1,"key":"Swift Potion"},{"floor":7,"key":"SteroidPotion"},{"floor":8,"key":"Strength Potion"},{"floor":21,"key":"Strength Potion"}],"is_trial":false,"path_per_floor":["M","M","?","?","?","R","E","M","T","R","M","?","M","$","R","B",null,"M","?","M","M","?","R","M","E"],"character_chosen":"DEFECT","items_purchased":["Loop"],"campfire_rested":2,"item_purchase_floors":[14],"current_hp_per_floor":[64,62,62,41,36,57,34,34,34,34,34,27,27,27,48,20,58,58,58,58,55,55,55,37,0],"gold":120,"neow_bonus":"RANDOM_COMMON_RELIC","is_prod":false,"is_daily":false,"chose_seed":false,"campfire_upgraded":2,"win_rate":0,"timestamp":1557114070,"path_taken":["M","M","?","?","?","R","E","M","T","R","M","?","M","$","R","BOSS","M","?","M","M","?","R","?","E"],"build_version":"2019-01-23","purchased_purges":1,"victory":false,"max_hp_per_floor":[71,71,71,71,71,71,71,71,71,71,71,71,71,71,71,71,71,71,71,71,71,71,71,71,71],"card_choices":[{"not_picked":["Sweeping Beam","Double Energy"],"picked":"FTL","floor":1},{"not_picked":["Redo","Leap"],"picked":"Hologram","floor":2},{"not_picked":["Stack","Beam Cell"],"picked":"Go for the Eyes","floor":7},{"not_picked":["Multi-Cast","Rip and Tear"],"picked":"Ball Lightning","floor":8},{"not_picked":["Skim","Rip and Tear"],"picked":"Conserve Battery","floor":11},{"not_picked":["Chaos","Leap"],"picked":"Darkness","floor":13},{"not_picked":["Multi-Cast","Buffer"],"picked":"All For One","floor":16},{"not_picked":["Redo+1","Barrage"],"picked":"Capacitor","floor":18},{"not_picked":["Ball Lightning","Cold Snap","Tempest"],"picked":"SKIP","floor":20},{"not_picked":["Chill","Barrage","Steam"],"picked":"SKIP","floor":21},{"not_picked":["Auto Shields","Scrape"],"picked":"Seek","floor":24}],"player_experience":405464,"relics_obtained":[{"floor":7,"key":"Vajra"},{"floor":9,"key":"Pen Nib"}],"event_choices":[{"damage_healed":0,"gold_gain":0,"player_choice":"Grow","damage_taken":0,"max_hp_gain":0,"max_hp_loss":0,"event_name":"Living Wall","floor":3,"gold_loss":0,"cards_upgraded":["Zap"]},{"damage_healed":0,"gold_gain":0,"player_choice":"Entered Light","damage_taken":21,"max_hp_gain":0,"max_hp_loss":0,"event_name":"Shining Light","floor":4,"gold_loss":0,"cards_upgraded":["Defend_B","Defend_B"]},{"damage_healed":0,"gold_gain":0,"player_choice":"Success","damage_taken":5,"relics_obtained":["Dodecahedron"],"max_hp_gain":0,"max_hp_loss":0,"event_name":"Scrap Ooze","floor":5,"gold_loss":0},{"cards_removed":["Strike_B"],"damage_healed":0,"gold_gain":0,"player_choice":"Card Removal","damage_taken":7,"max_hp_gain":0,"max_hp_loss":0,"event_name":"Golden Wing","floor":12,"gold_loss":0},{"damage_healed":0,"gold_gain":0,"player_choice":"Simplicity","damage_taken":0,"max_hp_gain":0,"max_hp_loss":0,"event_name":"Back to Basics","floor":19,"gold_loss":0,"cards_upgraded":["Strike_B","Strike_B","Defend_B","Defend_B"]},{"damage_healed":0,"gold_gain":0,"player_choice":"Bet on Murderer","damage_taken":0,"max_hp_gain":0,"max_hp_loss":0,"event_name":"The Joust","floor":22,"gold_loss":50}],"is_beta":false,"boss_relics":[{"not_picked":["Nuclear Battery","Runic Pyramid"],"picked":"Snecko Eye"}],"items_purged_floors":[14],"is_endless":false,"potions_floor_spawned":[1,7,8,21,24],"killed_by":"Gremlin Leader","ascension_level":15}