{"gold_per_floor":[113,125,135,151,151,151,176,216,216,216,230,243,262,227,227,320,320,340,340,43,56,56,56,56,71,71,110,110],"floor_reached":28,"playtime":1194,"items_purged":["Injury"],"score":509,"play_id":"0089f075-7332-4736-802e-961b54eb7aa9","local_time":"20191018131701","is_ascension_mode":true,"campfire_choices":[{"floor":6,"key":"REST"},{"floor":10,"key":"REST"},{"data":"Sweeping Beam","floor":15,"key":"SMITH"},{"floor":23,"key":"REST"}],"neow_cost":"NONE","seed_source_timestamp":505164242371400,"circlet_count":0,"master_deck":["AscendersBane","Defend_B","Defend_B","Defend_B","Defend_B","Zap","Dualcast","Sweeping Beam+1","Gash","Conserve Battery","Gash","Compile Driver","Cold Snap","Conserve Battery+1","Conserve Battery+1","Ball Lightning","Fission+1","Recycle+1","Gash","Undo+1","Coolheaded+1","Capacitor","Ball Lightning","Bite","Bite","Bite","Bite","Bite","Coolheaded+1","Secret Weapon+1","Stack+1","Shame","Fission+1","Core Surge"],"relics":["Cracked Core","Golden Idol","Toxic Egg 2","Orrery","Blue Candle","Molten Egg 2","Singing Bowl"],"potions_floor_usage":[8,12,16,16,21],"damage_taken":[{"damage":13,"enemies":"Small Slimes","floor":1,"turns":4},{"damage":0,"enemies":"2 Louse","floor":2,"turns":2},{"damage":0,"enemies":"Cultist","floor":3,"turns":3},{"damage":31,"enemies":"Exordium Wildlife","floor":4,"turns":5},{"damage":32,"enemies":"Large Slime","floor":7,"turns":7},{"damage":8,"enemies":"Gremlin Nob","floor":8,"turns":3},{"damage":7,"enemies":"Blue Slaver","floor":11,"turns":4},{"damage":2,"enemies":"Exordium Wildlife","floor":12,"turns":5},{"damage":19,"enemies":"Large Slime","floor":13,"turns":5},{"damage":17,"enemies":"Slime Boss","floor":16,"turns":8},{"damage":18,"enemies":"Spheric Guardian","floor":18,"turns":6},{"damage":5,"enemies":"2 Thieves","floor":21,"turns":5},{"damage":11,"enemies":"3 Cultists","floor":25,"turns":7},{"damage":61,"enemies":"Book of Stabbing","floor":27,"turns":6},{"damage":31,"enemies":"Snake Plant","floor":28,"turns":3}],"seed_played":"8334242153293875274","potions_obtained":[{"floor":2,"key":"Strength Potion"},{"floor":4,"key":"Block Potion"},{"floor":8,"key":"SteroidPotion"},{"floor":13,"key":"Ancient Potion"},{"floor":16,"key":"Fire Potion"},{"floor":27,"key":"SteroidPotion"}],"is_trial":false,"path_per_floor":["M","M","M","M","?","R","M","E","T","R","M","M","M","?","R","B",null,"M","?","$","M","?","R","?","M","T","E","M"],"character_chosen":"DEFECT","items_purchased":["Coolheaded+1","Secret Weapon+1"],"campfire_rested":3,"item_purchase_floors":[20,20],"current_hp_per_floor":[58,58,58,27,27,50,18,10,10,33,28,28,11,30,30,15,62,46,46,46,49,49,72,72,74,74,27,0],"gold":110,"neow_bonus":"TEN_PERCENT_HP_BONUS","is_prod":false,"is_daily":false,"chose_seed":false,"campfire_upgraded":1,"win_rate":0,"timestamp":1571429821,"path_taken":["M","M","M","M","?","R","M","E","T","R","M","M","M","?","R","BOSS","M","?","$","M","?","R","?","?","T","E","M"],"build_version":"2019-07-17","purchased_purges":1,"victory":false,"max_hp_per_floor":[78,78,78,78,78,78,78,78,78,78,78,78,78,78,78,78,78,78,78,78,78,78,78,78,78,78,80,80],"card_choices":[{"not_picked":["Hologram","White Noise"],"picked":"Sweeping Beam","floor":1},{"not_picked":["Loop","BootSequence"],"picked":"Gash","floor":2},{"not_picked":["Rip and Tear","Cold Snap"],"picked":"Conserve Battery","floor":3},{"not_picked":["Hologram","Cold Snap"],"picked":"Gash","floor":4},{"not_picked":["Redo","Reboot"],"picked":"Compile Driver","floor":7},{"not_picked":["Compile Driver","Capacitor"],"picked":"Cold Snap","floor":8},{"not_picked":["Go for the Eyes","Streamline"],"picked":"Conserve Battery+1","floor":11},{"not_picked":["Auto Shields+1","Aggregate+1"],"picked":"Conserve Battery+1","floor":12},{"not_picked":["Sweeping Beam","Stack+1"],"picked":"Ball Lightning","floor":13},{"not_picked":["Meteor Strike","Creative AI"],"picked":"Fission+1","floor":16},{"not_picked":["Go for the Eyes","Melter"],"picked":"Recycle+1","floor":17},{"not_picked":["Redo+1","Streamline"],"picked":"Gash","floor":17},{"not_picked":["Turbo+1","Sweeping Beam"],"picked":"Undo+1","floor":17},{"not_picked":["Thunder Strike","Double Energy+1"],"picked":"Coolheaded+1","floor":17},{"not_picked":["Chaos+1","Streamline"],"picked":"Capacitor","floor":17},{"not_picked":["Static Discharge","Storm"],"picked":"Ball Lightning","floor":18},{"not_picked":["Beam Cell","Leap+1"],"picked":"Stack+1","floor":21},{"not_picked":["Redo+1","Turbo+1"],"picked":"Core Surge","floor":25},{"not_picked":["Scrape+1","Loop+1","Compile Driver+1"],"picked":"Singing Bowl","floor":27}],"player_experience":865472,"relics_obtained":[{"floor":8,"key":"Blood Vial"},{"floor":9,"key":"Toxic Egg 2"},{"floor":26,"key":"Molten Egg 2"},{"floor":27,"key":"Singing Bowl"}],"event_choices":[{"damage_healed":0,"gold_gain":0,"player_choice":"Take Wound","damage_taken":0,"relics_obtained":["Golden Idol"],"max_hp_gain":0,"max_hp_loss":0,"event_name":"Golden Idol","floor":5,"gold_loss":0,"cards_obtained":["Injury"]},{"damage_healed":19,"gold_gain":0,"player_choice":"Healed","damage_taken":0,"max_hp_gain":0,"max_hp_loss":0,"event_name":"The Cleric","floor":14,"gold_loss":35},{"damage_healed":0,"gold_gain":0,"player_choice":"Became a vampire (Vial)","damage_taken":0,"max_hp_gain":0,"max_hp_loss":0,"event_name":"Vampires","floor":19,"relics_lost":["Blood Vial"],"gold_loss":0,"cards_obtained":["Bite","Bite","Bite","Bite","Bite"]},{"damage_healed":0,"gold_gain":0,"player_choice":"Stole Relic","damage_taken":0,"relics_obtained":["Blue Candle"],"max_hp_gain":0,"max_hp_loss":0,"event_name":"Addict","floor":22,"gold_loss":0,"cards_obtained":["Shame"]},{"damage_healed":0,"gold_gain":0,"player_choice":"Copied","damage_taken":0,"max_hp_gain":0,"max_hp_loss":0,"event_name":"Duplicator","floor":24,"gold_loss":0,"cards_obtained":["Fission"]}],"is_beta":false,"boss_relics":[{"not_picked":["Snecko Eye","Runic Dome"],"picked":"Orrery"}],"items_purged_floors":[20],"is_endless":false,"potions_floor_spawned":[2,4,8,13,16,27],"killed_by":"Snake Plant","ascension_level":20}