{"gold_per_floor":[111,186,144,156,156,191,210,210,233,233,262,281,306,325,325,401,401,415,432,432,222,239,239,239],"floor_reached":24,"playtime":725,"items_purged":["Strike_B"],"score":482,"play_id":"0a33834c-429e-4cb1-8b84-507ea2a4a2b3","local_time":"20190827144408","is_ascension_mode":true,"campfire_choices":[{"data":"Sunder","floor":8,"key":"SMITH"},{"floor":15,"key":"REST"},{"floor":23,"key":"REST"}],"neow_cost":"NONE","seed_source_timestamp":1139060344977200,"circlet_count":0,"master_deck":["AscendersBane","Strike_B","Strike_B","Defend_B","Defend_B","Defend_B","Defend_B","Zap","Dualcast","Go for the Eyes","Sunder+1","FTL","Cold Snap","Ball Lightning","All For One","Reinforced Body","Gash","Electrodynamics","Leap+1","Genetic Algorithm+1","Multi-Cast","Defragment","Conserve Battery","Self Repair"],"relics":["Cracked Core","NeowsBlessing","Anchor","Ancient Tea Set","Boot","Letter Opener","Fusion Hammer"],"potions_floor_usage":[11,13,13],"damage_taken":[{"damage":0,"enemies":"2 Louse","floor":1,"turns":1},{"damage":0,"enemies":"Jaw Worm","floor":4,"turns":1},{"damage":0,"enemies":"Lagavulin","floor":6,"turns":1},{"damage":2,"enemies":"Cultist","floor":7,"turns":3},{"damage":15,"enemies":"3 Sentries","floor":11,"turns":4},{"damage":0,"enemies":"Blue Slaver","floor":12,"turns":2},{"damage":25,"enemies":"Lagavulin","floor":13,"turns":6},{"damage":0,"enemies":"Exordium Wildlife","floor":14,"turns":3},{"damage":47,"enemies":"The Guardian","floor":16,"turns":12},{"damage":9,"enemies":"2 Thieves","floor":18,"turns":4},{"damage":13,"enemies":"Shell Parasite","floor":19,"turns":5},{"damage":19,"enemies":"3 Cultists","floor":22,"turns":4},{"damage":57,"enemies":"Book of Stabbing","floor":24,"turns":5}],"seed_played":"2805344963610831053","potions_obtained":[{"floor":6,"key":"Explosive Potion"},{"floor":7,"key":"Weak Potion"},{"floor":11,"key":"Regen Potion"},{"floor":13,"key":"SteroidPotion"},{"floor":18,"key":"EntropicBrew"}],"is_trial":false,"path_per_floor":["M","?","$","M","$","E","M","R","T","?","E","M","E","M","R","B",null,"M","M","?","$","M","R","E"],"character_chosen":"DEFECT","items_purchased":["Sunder","Defragment","Conserve Battery"],"campfire_rested":2,"item_purchase_floors":[3,21,21],"current_hp_per_floor":[64,53,53,53,53,53,51,51,51,56,41,41,31,31,53,6,59,50,37,37,37,18,40,0],"gold":239,"neow_bonus":"THREE_ENEMY_KILL","is_prod":false,"is_daily":false,"chose_seed":false,"campfire_upgraded":1,"win_rate":0,"timestamp":1566942248,"path_taken":["M","?","$","M","$","E","M","R","T","?","E","M","E","M","R","BOSS","M","M","?","$","M","R","E"],"build_version":"2019-07-17","purchased_purges":1,"victory":false,"max_hp_per_floor":[71,71,71,71,71,71,71,71,71,76,76,76,76,76,76,76,76,76,76,76,76,76,76,76],"card_choices":[{"not_picked":["Stack","Static Discharge"],"picked":"Go for the Eyes","floor":1},{"not_picked":["Redo","Leap"],"picked":"FTL","floor":4},{"not_picked":["Turbo","Heatsinks"],"picked":"Cold Snap","floor":6},{"not_picked":["Go for the Eyes","Leap"],"picked":"Ball Lightning","floor":7},{"not_picked":["Steam","Conserve Battery"],"picked":"All For One","floor":11},{"not_picked":["Ball Lightning","Sunder"],"picked":"Reinforced Body","floor":12},{"not_picked":["Compile Driver","Turbo","Sweeping Beam"],"picked":"SKIP","floor":13},{"not_picked":["Coolheaded","Barrage"],"picked":"Gash","floor":14},{"not_picked":["Thunder Strike","Rainbow"],"picked":"Electrodynamics","floor":16},{"not_picked":["Blizzard","Consume"],"picked":"Leap+1","floor":18},{"not_picked":["Leap+1","Beam Cell"],"picked":"Genetic Algorithm+1","floor":19},{"not_picked":["Hologram","Streamline"],"picked":"Self Repair","floor":22}],"player_experience":752344,"relics_obtained":[{"floor":6,"key":"Anchor"},{"floor":9,"key":"Ancient Tea Set"},{"floor":11,"key":"Boot"},{"floor":13,"key":"Letter Opener"}],"event_choices":[{"damage_healed":0,"gold_gain":75,"player_choice":"Gather Gold","damage_taken":11,"max_hp_gain":0,"max_hp_loss":0,"event_name":"World of Goop","floor":2,"gold_loss":0},{"damage_healed":0,"gold_gain":0,"player_choice":"Donut","damage_taken":0,"max_hp_gain":5,"max_hp_loss":0,"event_name":"Big Fish","floor":10,"gold_loss":0},{"damage_healed":0,"gold_gain":0,"cards_transformed":["Strike_B"],"player_choice":"Transformed","damage_taken":0,"max_hp_gain":0,"max_hp_loss":0,"event_name":"Transmorgrifier","floor":20,"gold_loss":0,"cards_obtained":["Multi-Cast"]}],"is_beta":false,"boss_relics":[{"not_picked":["Busted Crown","Inserter"],"picked":"Fusion Hammer"}],"items_purged_floors":[21],"is_endless":false,"potions_floor_spawned":[6,7,11,12,13,18],"killed_by":"Book of Stabbing","ascension_level":20}