{"gold_per_floor":[109,109,109,16,16,16,49,66,66,66,92,242,242,242,242,242],"floor_reached":16,"playtime":270,"items_purged":[],"score":258,"play_id":"7c6d1515-3e80-436c-b6ce-b5f8d3ab64cf","local_time":"20191016215853","is_ascension_mode":true,"campfire_choices":[{"data":"Go for the Eyes","floor":6,"key":"SMITH"},{"data":"Beam Cell","floor":10,"key":"SMITH"},{"data":"Leap","floor":15,"key":"SMITH"}],"neow_cost":"NONE","seed_source_timestamp":364599293980100,"circlet_count":0,"master_deck":["AscendersBane","Strike_B","Strike_B","Strike_B","Strike_B","Defend_B","Defend_B","Defend_B","Defend_B","Zap","Dualcast","Go for the Eyes+1","Self Repair+1","Ball Lightning","Leap+1","Beam Cell+1","Conserve Battery+1","Doubt","Injury"],"relics":["Cracked Core","NeowsBlessing","Prayer Wheel","Art of War","StoneCalendar","Pear","Golden Idol"],"potions_floor_usage":[7],"damage_taken":[{"damage":0,"enemies":"Cultist","floor":1,"turns":1},{"damage":0,"enemies":"3 Sentries","floor":7,"turns":2},{"damage":0,"enemies":"2 Louse","floor":8,"turns":1},{"damage":16,"enemies":"Lagavulin","floor":11,"turns":6},{"damage":30,"enemies":"Hexaghost","floor":16,"turns":9}],"seed_played":"-7314165576971953270","potions_obtained":[{"floor":1,"key":"Regen Potion"}],"is_trial":false,"path_per_floor":["M","?","?","$","$","R","E","M","T","R","E","?","?","?","R","B"],"character_chosen":"DEFECT","items_purchased":["Self Repair","Ball Lightning"],"campfire_rested":0,"item_purchase_floors":[4,4],"current_hp_per_floor":[64,69,43,43,43,43,48,55,55,55,56,56,30,30,30,0],"gold":242,"neow_bonus":"THREE_ENEMY_KILL","is_prod":false,"is_daily":false,"chose_seed":false,"campfire_upgraded":3,"win_rate":0,"timestamp":1571288333,"path_taken":["M","?","?","?","$","R","E","?","T","R","E","?","?","?","R","BOSS"],"build_version":"2019-07-17","purchased_purges":0,"victory":false,"max_hp_per_floor":[71,76,76,76,76,76,76,76,76,76,86,86,86,86,86,86],"card_choices":[{"not_picked":["Steam Power","Chaos"],"picked":"Go for the Eyes","floor":1},{"not_picked":["Lockon","Reprogram"],"picked":"Leap","floor":7},{"not_picked":["Chill","Force Field"],"picked":"Beam Cell","floor":8},{"not_picked":["Leap","Lockon","Tempest"],"picked":"SKIP","floor":8},{"not_picked":["Hologram","Melter"],"picked":"Conserve Battery","floor":11}],"player_experience":856390,"relics_obtained":[{"floor":7,"key":"Art of War"},{"floor":9,"key":"StoneCalendar"},{"floor":11,"key":"Pear"}],"event_choices":[{"damage_healed":0,"gold_gain":0,"player_choice":"Donut","damage_taken":0,"max_hp_gain":5,"max_hp_loss":0,"event_name":"Big Fish","floor":2,"gold_loss":0},{"damage_healed":0,"gold_gain":0,"player_choice":"Success","damage_taken":26,"relics_obtained":["Prayer Wheel"],"max_hp_gain":0,"max_hp_loss":0,"event_name":"Scrap Ooze","floor":3,"gold_loss":0},{"damage_healed":0,"gold_gain":150,"player_choice":"AGREE","damage_taken":0,"max_hp_gain":0,"max_hp_loss":0,"event_name":"Liars Game","floor":12,"gold_loss":0,"cards_obtained":["Doubt"]},{"damage_healed":0,"gold_gain":0,"player_choice":"Entered Light","damage_taken":26,"max_hp_gain":0,"max_hp_loss":0,"event_name":"Shining Light","floor":13,"gold_loss":0,"cards_upgraded":["Self Repair","Conserve Battery"]},{"damage_healed":0,"gold_gain":0,"player_choice":"Take Wound","damage_taken":0,"relics_obtained":["Golden Idol"],"max_hp_gain":0,"max_hp_loss":0,"event_name":"Golden Idol","floor":14,"gold_loss":0,"cards_obtained":["Injury"]}],"is_beta":false,"boss_relics":[],"items_purged_floors":[],"is_endless":false,"potions_floor_spawned":[1],"killed_by":"Hexaghost","ascension_level":20}