{"gold_per_floor":[118,137,137,137,151,151,179,179,202,217,217,217,235,245,245,245],"floor_reached":16,"playtime":449,"items_purged":[],"score":173,"play_id":"4a2c84b4-f3af-4c6c-9ed4-7bba7715e154","local_time":"20190417224657","is_ascension_mode":true,"campfire_choices":[{"data":"Zap","floor":6,"key":"SMITH"},{"data":"Dualcast","floor":8,"key":"SMITH"},{"data":"Loop","floor":11,"key":"SMITH"},{"floor":15,"key":"REST"}],"neow_cost":"NONE","seed_source_timestamp":211490339931000,"circlet_count":0,"master_deck":["AscendersBane","Strike_B","Strike_B","Strike_B","Strike_B","Defend_B","Defend_B","Defend_B","Defend_B","Zap+1","Dualcast+1","Glacier","Loop+1","Defragment"],"relics":["Cracked Core","Ancient Tea Set","Gremlin Horn","Bag of Marbles","Smiling Mask","Pen Nib"],"potions_floor_usage":[7,16],"damage_taken":[{"damage":1,"enemies":"Cultist","floor":1,"turns":3},{"damage":1,"enemies":"Jaw Worm","floor":2,"turns":3},{"damage":0,"enemies":"Small Slimes","floor":5,"turns":3},{"damage":15,"enemies":"Lagavulin","floor":7,"turns":7},{"damage":5,"enemies":"Exordium Thugs","floor":10,"turns":6},{"damage":0,"enemies":"Blue Slaver","floor":13,"turns":3},{"damage":9,"enemies":"Red Slaver","floor":14,"turns":3},{"damage":55,"enemies":"Hexaghost","floor":16,"turns":14}],"seed_played":"4829483283157215459","potions_obtained":[{"floor":5,"key":"FocusPotion"},{"floor":7,"key":"Block Potion"},{"floor":10,"key":"LiquidBronze"}],"is_trial":false,"path_per_floor":["M","M","$","T","M","R","E","R","T","M","R","?","M","M","R","B"],"character_chosen":"DEFECT","items_purchased":[],"campfire_rested":1,"item_purchase_floors":[],"current_hp_per_floor":[63,62,62,62,62,62,47,47,47,42,42,39,39,30,51,0],"gold":245,"neow_bonus":"RANDOM_COMMON_RELIC","is_prod":false,"is_daily":false,"chose_seed":false,"campfire_upgraded":3,"win_rate":0,"timestamp":1555534017,"path_taken":["M","?","?","?","M","R","E","R","T","?","R","?","M","M","R","BOSS"],"build_version":"2019-01-23","purchased_purges":0,"victory":false,"max_hp_per_floor":[71,71,71,71,71,71,71,71,71,71,71,71,71,71,71,71],"card_choices":[{"not_picked":["Redo","Coolheaded"],"picked":"Glacier","floor":1},{"not_picked":["Hologram","Coolheaded","Darkness"],"picked":"SKIP","floor":2},{"not_picked":["Force Field","Hello World"],"picked":"Loop","floor":5},{"not_picked":["Rebound","Sweeping Beam","Scrape"],"picked":"SKIP","floor":7},{"not_picked":["Conserve Battery","Coolheaded","Compile Driver"],"picked":"SKIP","floor":10},{"not_picked":["Leap","Reprogram","Hologram"],"picked":"SKIP","floor":13},{"not_picked":["Cold Snap","Sweeping Beam"],"picked":"Defragment","floor":14}],"player_experience":418437,"relics_obtained":[{"floor":4,"key":"Gremlin Horn"},{"floor":7,"key":"Bag of Marbles"},{"floor":9,"key":"Smiling Mask"}],"event_choices":[{"damage_healed":0,"gold_gain":0,"player_choice":"Success","damage_taken":3,"relics_obtained":["Pen Nib"],"max_hp_gain":0,"max_hp_loss":0,"event_name":"Scrap Ooze","floor":12,"gold_loss":0}],"is_beta":false,"boss_relics":[],"items_purged_floors":[],"is_endless":false,"potions_floor_spawned":[5,7,10],"killed_by":"Hexaghost","ascension_level":14}