{"gold_per_floor":[109,109,124,137,156,189,189,224,224,242,242],"floor_reached":11,"playtime":475,"items_purged":[],"score":170,"play_id":"146a37e5-a5cb-49b6-9300-956d975587ea","local_time":"20191024232113","is_ascension_mode":true,"campfire_choices":[{"floor":7,"key":"REST"}],"neow_cost":"NONE","seed_source_timestamp":1060537557751100,"circlet_count":0,"master_deck":["AscendersBane","Strike_B","Strike_B","Strike_B","Strike_B","Defend_B","Defend_B","Defend_B","Defend_B","Zap","Dualcast","Multi-Cast","Compile Driver","Ball Lightning","Coolheaded","Rainbow","Genetic Algorithm"],"relics":["Cracked Core","Pantograph","Anchor","Matryoshka","Strawberry","Unceasing Top"],"potions_floor_usage":[6,11],"damage_taken":[{"damage":0,"enemies":"Cultist","floor":1,"turns":3},{"damage":12,"enemies":"Jaw Worm","floor":3,"turns":2},{"damage":10,"enemies":"Small Slimes","floor":4,"turns":3},{"damage":8,"enemies":"Blue Slaver","floor":5,"turns":4},{"damage":16,"enemies":"Lagavulin","floor":6,"turns":6},{"damage":38,"enemies":"Gremlin Nob","floor":8,"turns":4},{"damage":0,"enemies":"Red Slaver","floor":10,"turns":3},{"damage":13,"enemies":"Large Slime","floor":11,"turns":4}],"seed_played":"7408728168599592100","potions_obtained":[{"floor":5,"key":"AttackPotion"},{"floor":8,"key":"Energy Potion"}],"is_trial":false,"path_per_floor":["M","T","M","M","M","E","R","E","T","M","M"],"character_chosen":"DEFECT","items_purchased":[],"campfire_rested":1,"item_purchase_floors":[],"current_hp_per_floor":[64,64,52,42,34,18,39,1,8,8,0],"gold":242,"neow_bonus":"ONE_RANDOM_RARE_CARD","is_prod":false,"is_daily":false,"chose_seed":false,"campfire_upgraded":0,"win_rate":0,"timestamp":1571984473,"path_taken":["M","?","M","M","M","E","R","E","T","M","M"],"build_version":"2019-07-17","purchased_purges":0,"victory":false,"max_hp_per_floor":[71,71,71,71,71,71,71,71,78,78,78],"card_choices":[{"not_picked":["Redo","Aggregate"],"picked":"Compile Driver","floor":1},{"not_picked":["Go for the Eyes","Stack"],"picked":"Ball Lightning","floor":3},{"not_picked":["Compile Driver","Beam Cell"],"picked":"Coolheaded","floor":4},{"not_picked":["Coolheaded","Rip and Tear"],"picked":"Rainbow","floor":5},{"not_picked":["Beam Cell","Rip and Tear","Gash"],"picked":"SKIP","floor":6},{"not_picked":["Hologram","Rebound","Chaos"],"picked":"SKIP","floor":8},{"not_picked":["Gash","Steam"],"picked":"Genetic Algorithm","floor":10}],"player_experience":900744,"relics_obtained":[{"floor":2,"key":"Pantograph"},{"floor":6,"key":"Anchor"},{"floor":8,"key":"Matryoshka"},{"floor":9,"key":"Strawberry"},{"floor":9,"key":"Unceasing Top"}],"event_choices":[],"is_beta":false,"boss_relics":[],"items_purged_floors":[],"is_endless":false,"potions_floor_spawned":[5,8],"killed_by":"Large Slime","ascension_level":20}