{"gold_per_floor":[15,31,46,46,46,76,76,103,103,103],"floor_reached":10,"playtime":308,"items_purged":[],"score":152,"play_id":"3450d249-c091-458e-89ec-e73d301bba7f","local_time":"20191021163930","is_ascension_mode":true,"campfire_choices":[{"data":"Barrage","floor":7,"key":"SMITH"}],"neow_cost":"NO_GOLD","seed_source_timestamp":777401334825700,"circlet_count":0,"master_deck":["AscendersBane","Strike_B","Strike_B","Strike_B","Strike_B","Defend_B","Defend_B","Defend_B","Defend_B","Zap","Dualcast","Rainbow+1","Compile Driver","Conserve Battery","Barrage+1","Conserve Battery","Self Repair"],"relics":["Cracked Core","Cables","Question Card","The Courier"],"potions_floor_usage":[8],"damage_taken":[{"damage":0,"enemies":"Cultist","floor":1,"turns":3},{"damage":0,"enemies":"2 Louse","floor":2,"turns":3},{"damage":0,"enemies":"Small Slimes","floor":3,"turns":3},{"damage":35,"enemies":"Gremlin Nob","floor":6,"turns":4},{"damage":17,"enemies":"3 Sentries","floor":8,"turns":9},{"damage":22,"enemies":"Exordium Wildlife","floor":10,"turns":5}],"seed_played":"7063682863137921111","potions_obtained":[{"floor":6,"key":"Regen Potion"}],"is_trial":false,"path_per_floor":["M","M","M","?","?","E","R","E","T","M"],"character_chosen":"DEFECT","items_purchased":[],"campfire_rested":0,"item_purchase_floors":[],"current_hp_per_floor":[64,64,64,64,54,19,19,17,17,0],"gold":103,"neow_bonus":"THREE_RARE_CARDS","is_prod":false,"is_daily":false,"chose_seed":false,"campfire_upgraded":1,"win_rate":0,"timestamp":1571701170,"path_taken":["M","M","M","?","?","E","R","E","T","?"],"build_version":"2019-07-17","purchased_purges":0,"victory":false,"max_hp_per_floor":[71,71,71,71,71,71,71,71,71,71],"card_choices":[{"not_picked":["Fission","Seek"],"picked":"Rainbow","floor":0},{"not_picked":["Go for the Eyes","Beam Cell"],"picked":"Compile Driver","floor":1},{"not_picked":["Gash","Sweeping Beam"],"picked":"Conserve Battery","floor":2},{"not_picked":["Hologram","Beam Cell"],"picked":"Barrage","floor":3},{"not_picked":["Go for the Eyes","Recycle"],"picked":"Conserve Battery","floor":6},{"not_picked":["Sunder","Static Discharge"],"picked":"Self Repair","floor":8}],"player_experience":877664,"relics_obtained":[{"floor":6,"key":"Cables"},{"floor":8,"key":"Question Card"},{"floor":9,"key":"The Courier"}],"event_choices":[{"damage_healed":0,"gold_gain":0,"player_choice":"Grow","damage_taken":0,"max_hp_gain":0,"max_hp_loss":0,"event_name":"Living Wall","floor":4,"gold_loss":0,"cards_upgraded":["Rainbow"]},{"damage_healed":0,"gold_gain":0,"player_choice":"Damaged","damage_taken":10,"max_hp_gain":0,"max_hp_loss":0,"event_name":"Wheel of Change","floor":5,"gold_loss":0}],"is_beta":false,"boss_relics":[],"items_purged_floors":[],"is_endless":false,"potions_floor_spawned":[6],"killed_by":"Exordium Wildlife","ascension_level":20}