{"gold_per_floor":[113,126,136,136,101,101,127,191,216,104,104,139,185,202,202,202],"floor_reached":16,"playtime":558,"items_purged":[],"score":216,"play_id":"dd7198c9-47ff-41d3-bb62-9c9eee8d8626","local_time":"20191020185439","is_ascension_mode":true,"campfire_choices":[{"data":"Streamline","floor":6,"key":"SMITH"},{"floor":11,"key":"REST"},{"data":"FTL","floor":15,"key":"SMITH"}],"neow_cost":"NONE","seed_source_timestamp":698859724030200,"circlet_count":0,"master_deck":["AscendersBane","Strike_B","Strike_B","Strike_B","Strike_B","Defend_B","Defend_B","Defend_B","Defend_B","Zap","Dualcast","Hologram","Leap","Streamline+1","Sweeping Beam","Coolheaded","Cold Snap","Coolheaded","FTL+1"],"relics":["Cracked Core","Happy Flower","Smiling Mask","Thread and Needle","Kunai","DataDisk","Question Card","Pen Nib"],"potions_floor_usage":[8,12,16,16],"damage_taken":[{"damage":12,"enemies":"Small Slimes","floor":1,"turns":3},{"damage":0,"enemies":"2 Louse","floor":2,"turns":3},{"damage":1,"enemies":"Cultist","floor":3,"turns":4},{"damage":8,"enemies":"Gremlin Nob","floor":7,"turns":3},{"damage":38,"enemies":"Gremlin Nob","floor":8,"turns":6},{"damage":13,"enemies":"3 Sentries","floor":12,"turns":10},{"damage":2,"enemies":"3 Louse","floor":14,"turns":4},{"damage":28,"enemies":"Hexaghost","floor":16,"turns":10}],"seed_played":"-830443315439362583","potions_obtained":[{"floor":3,"key":"SpeedPotion"},{"floor":12,"key":"Poison Potion"},{"floor":14,"key":"Weak Potion"}],"is_trial":false,"path_per_floor":["M","M","M","?","?","R","E","?","T","$","R","E","T","M","R","B"],"character_chosen":"DEFECT","items_purchased":["Regen Potion","Cold Snap"],"campfire_rested":1,"item_purchase_floors":[10,10],"current_hp_per_floor":[52,52,51,33,50,50,42,4,4,4,25,27,27,25,25,0],"gold":202,"neow_bonus":"RANDOM_COMMON_RELIC","is_prod":false,"is_daily":false,"chose_seed":false,"campfire_upgraded":2,"win_rate":0,"timestamp":1571622879,"path_taken":["M","M","M","?","?","R","E","?","T","$","R","E","?","?","R","BOSS"],"build_version":"2019-07-17","purchased_purges":0,"victory":false,"max_hp_per_floor":[71,71,71,71,71,71,71,71,71,71,71,71,71,71,71,71],"card_choices":[{"not_picked":["Scrape","Darkness"],"picked":"Hologram","floor":1},{"not_picked":["Static Discharge","Steam"],"picked":"Leap","floor":2},{"not_picked":["Hologram","Leap"],"picked":"Streamline","floor":3},{"not_picked":["Lockon","Barrage"],"picked":"Sweeping Beam","floor":7},{"not_picked":["Redo","Streamline"],"picked":"Coolheaded","floor":8},{"not_picked":["Chaos","Storm"],"picked":"Coolheaded","floor":12},{"not_picked":["Streamline","Amplify","Scrape"],"picked":"FTL","floor":14}],"player_experience":873638,"relics_obtained":[{"floor":7,"key":"Thread and Needle"},{"floor":8,"key":"Kunai"},{"floor":9,"key":"DataDisk"},{"floor":12,"key":"Question Card"},{"floor":13,"key":"Pen Nib"}],"event_choices":[{"damage_healed":0,"gold_gain":0,"player_choice":"Success","damage_taken":18,"relics_obtained":["Smiling Mask"],"max_hp_gain":0,"max_hp_loss":0,"event_name":"Scrap Ooze","floor":4,"gold_loss":0},{"damage_healed":17,"gold_gain":0,"player_choice":"Healed","damage_taken":0,"max_hp_gain":0,"max_hp_loss":0,"event_name":"The Cleric","floor":5,"gold_loss":35},{"damage_healed":0,"gold_gain":0,"player_choice":"Searched \u00272\u0027 times","damage_taken":0,"max_hp_gain":0,"max_hp_loss":0,"event_name":"Dead Adventurer","floor":8,"gold_loss":0}],"is_beta":false,"boss_relics":[],"items_purged_floors":[],"is_endless":false,"potions_floor_spawned":[3,12,14],"killed_by":"Hexaghost","ascension_level":20}