{"gold_per_floor":[113,129,145,158,169,169,181,214,265],"floor_reached":9,"playtime":455,"items_purged":[],"score":94,"play_id":"de64ef9d-801e-4377-b9af-ec11e8327855","local_time":"20191014095833","is_ascension_mode":true,"campfire_choices":[{"floor":6,"key":"REST"}],"neow_cost":"NONE","seed_source_timestamp":2621666338786300,"circlet_count":0,"master_deck":["Strike_P","Strike_P","Strike_P","Strike_P","Defend_P","Defend_P","Defend_P","Defend_P","Eruption","Vigilance","CurseOfTheBell","Evaluate","CutThroughFate"],"relics":["Calling Bell","MealTicket","StrikeDummy","Du-Vu Doll","Gremlin Horn","Boot"],"potions_floor_usage":[8],"damage_taken":[{"damage":0,"enemies":"Cultist","floor":1,"turns":3},{"damage":3,"enemies":"Small Slimes","floor":2,"turns":3},{"damage":0,"enemies":"2 Louse","floor":3,"turns":2},{"damage":35,"enemies":"Gremlin Gang","floor":4,"turns":5},{"damage":8,"enemies":"Exordium Wildlife","floor":5,"turns":4},{"damage":11,"enemies":"Exordium Thugs","floor":7,"turns":4},{"damage":11,"enemies":"Lagavulin","floor":8,"turns":5}],"seed_played":"8220624612644497560","potions_obtained":[{"floor":3,"key":"Weak Potion"},{"floor":5,"key":"BottledMiracle"},{"floor":7,"key":"Explosive Potion"},{"floor":8,"key":"SmokeBomb"}],"is_trial":false,"path_per_floor":["M","M","M","M","M","R","M","E","T"],"character_chosen":"WATCHER","items_purchased":[],"campfire_rested":1,"item_purchase_floors":[],"current_hp_per_floor":[65,62,62,27,19,40,29,18,18],"gold":265,"neow_bonus":"BOSS_RELIC","is_prod":false,"is_daily":false,"chose_seed":false,"campfire_upgraded":0,"win_rate":0,"timestamp":1571039913,"path_taken":["M","M","M","M","M","R","?","E","T"],"build_version":"2019-10-11","purchased_purges":0,"victory":false,"max_hp_per_floor":[72,72,72,72,72,72,72,72,72],"card_choices":[{"not_picked":["Weave","SandsOfTime","Fasting2"],"picked":"SKIP","floor":1},{"not_picked":["TalkToTheHand","Pray"],"picked":"Evaluate","floor":2},{"not_picked":["FlurryOfBlows","Study","SignatureMove"],"picked":"SKIP","floor":3},{"not_picked":["Indignation","Halt","Crescendo"],"picked":"SKIP","floor":4},{"not_picked":["Scrawl","Prostrate"],"picked":"CutThroughFate","floor":5},{"not_picked":["SashWhip","Wireheading","Sanctity"],"picked":"SKIP","floor":7},{"not_picked":["ConjureBlade","DeceiveReality","Adaptation"],"picked":"SKIP","floor":8}],"player_experience":482303,"relics_obtained":[{"floor":0,"key":"MealTicket"},{"floor":0,"key":"StrikeDummy"},{"floor":0,"key":"Du-Vu Doll"},{"floor":8,"key":"Gremlin Horn"},{"floor":9,"key":"Boot"}],"event_choices":[],"is_beta":true,"boss_relics":[],"items_purged_floors":[],"is_endless":false,"potions_floor_spawned":[3,5,7,8],"ascension_level":8}