{"gold_per_floor":[20,33,51,51,65,65,84,84,84,103,103,128,53,3,3,133,133,109,40,56,56,71,71,109,132,132,156,156,172,172,0,0,121,121,135,82,106,106,131,131,145,164,164,179,198,219,219,219],"floor_reached":48,"playtime":2792,"items_purged":["Strike_G"],"score":703,"play_id":"359a5ce6-4d0f-4454-956e-9b22a4a5525f","local_time":"20190421002054","is_ascension_mode":true,"campfire_choices":[{"data":"Cloak And Dagger","floor":6.0,"key":"SMITH"},{"data":"Cloak And Dagger","floor":8.0,"key":"SMITH"},{"data":"Noxious Fumes","floor":11.0,"key":"SMITH"},{"floor":15.0,"key":"REST"},{"data":"A Thousand Cuts","floor":23.0,"key":"SMITH"},{"floor":28.0,"key":"REST"},{"floor":32.0,"key":"REST"},{"floor":40.0,"key":"REST"}],"neow_cost":"NO_GOLD","seed_source_timestamp":473916987863700,"circlet_count":0,"master_deck":["AscendersBane","Defend_G","Defend_G","Defend_G","Defend_G","Strike_G","Strike_G","Strike_G","Strike_G","Survivor","Neutralize","Cloak And Dagger+1","Cloak And Dagger+1","Noxious Fumes+1","A Thousand Cuts+1","Footwork","Footwork+1","Cloak And Dagger+1","Adrenaline","Cloak And Dagger","Adrenaline","Footwork","Accuracy","Noxious Fumes+1","Purity"],"special_seed":0,"relics":["Ring of the Serpent","Thread and Needle","Golden Idol","Question Card","Shuriken","Sundial","Eternal Feather","Centennial Puzzle","Gambling Chip"],"potions_floor_usage":[48],"damage_taken":[{"damage":8.0,"enemies":"Small Slimes","floor":1.0,"turns":4.0},{"damage":0.0,"enemies":"Jaw Worm","floor":2.0,"turns":5.0},{"damage":0.0,"enemies":"Cultist","floor":3.0,"turns":5.0},{"damage":0.0,"enemies":"Large Slime","floor":5.0,"turns":11.0},{"damage":4.0,"enemies":"Lots of Slimes","floor":7.0,"turns":5.0},{"damage":0.0,"enemies":"3 Louse","floor":10.0,"turns":3.0},{"damage":4.0,"enemies":"Exordium Wildlife","floor":12.0,"turns":6.0},{"damage":23.0,"enemies":"The Guardian","floor":16.0,"turns":13.0},{"damage":14.0,"enemies":"2 Thieves","floor":18.0,"turns":5.0},{"damage":0.0,"enemies":"Spheric Guardian","floor":20.0,"turns":5.0},{"damage":1.0,"enemies":"Snecko","floor":22.0,"turns":7.0},{"damage":22.0,"enemies":"Slavers","floor":24.0,"turns":6.0},{"damage":9.0,"enemies":"Snake Plant","floor":25.0,"turns":6.0},{"damage":6.0,"enemies":"Cultist and Chosen","floor":27.0,"turns":7.0},{"damage":0.0,"enemies":"3 Cultists","floor":29.0,"turns":4.0},{"damage":36.0,"enemies":"Automaton","floor":33.0,"turns":9.0},{"damage":9.0,"enemies":"3 Darklings","floor":35.0,"turns":5.0},{"damage":10.0,"enemies":"3 Shapes","floor":37.0,"turns":3.0},{"damage":17.0,"enemies":"Jaw Worm Horde","floor":39.0,"turns":3.0},{"damage":2.0,"enemies":"Sphere and 2 Shapes","floor":41.0,"turns":5.0},{"damage":25.0,"enemies":"Writhing Mass","floor":42.0,"turns":8.0},{"damage":14.0,"enemies":"Spire Growth","floor":44.0,"turns":5.0},{"damage":0.0,"enemies":"3 Darklings","floor":45.0,"turns":6.0},{"damage":0.0,"enemies":"Maw","floor":46.0,"turns":8.0},{"damage":12,"enemies":"Sphere and 2 Shapes","floor":48,"turns":5}],"seed_played":"5078084188856345369","potions_obtained":[{"floor":3.0,"key":"Dexterity Potion"},{"floor":5.0,"key":"SkillPotion"},{"floor":16.0,"key":"Block Potion"},{"floor":22.0,"key":"Fire Potion"},{"floor":24.0,"key":"Fire Potion"},{"floor":25.0,"key":"Block Potion"},{"floor":33.0,"key":"LiquidBronze"},{"floor":42.0,"key":"Explosive Potion"},{"floor":44.0,"key":"Ancient Potion"}],"is_trial":false,"path_per_floor":["M","M","M","?","M","R","M","R","T","M","R","M","$","?","R","B",null,"M","$","M","$","M","R","E","M","T","M","R","M","?","?","R","B",null,"M","?","M","?","M","R","M","M","T","M","M","M","?","M"],"character_chosen":"THE_SILENT","items_purchased":["Footwork"],"campfire_rested":4,"item_purchase_floors":[19],"current_hp_per_floor":[55,55,55,38,38,38,34,34,34,34,34,30,30,30,51,28,60,46,46,46,46,45,45,23,14,14,8,29,29,29,29,50,14,56,47,47,37,37,20,53,51,26,26,12,12,12,12,0],"gold":219,"neow_bonus":"ONE_RARE_RELIC","is_prod":false,"is_daily":false,"chose_seed":false,"campfire_upgraded":4,"win_rate":0,"timestamp":1555798854,"path_taken":["M","M","M","?","M","R","M","R","T","M","R","M","$","?","R","BOSS","M","$","M","$","M","R","E","M","T","M","R","M","?","?","R","BOSS","M","?","?","?","M","R","M","M","T","?","M","M","?","M"],"build_version":"2019-01-23","purchased_purges":1,"victory":false,"max_hp_per_floor":[70,70,70,70,70,70,70,70,70,70,70,70,70,70,70,70,70,70,70,70,70,70,70,70,70,70,70,70,70,70,70,70,70,70,70,70,70,70,70,70,70,70,70,70,70,70,70,70],"card_choices":[{"not_picked":["PiercingWail","Quick Slash"],"picked":"Cloak And Dagger","floor":1.0},{"not_picked":["Underhanded Strike","Poisoned Stab"],"picked":"Cloak And Dagger","floor":2.0},{"not_picked":["Dodge and Roll","Backstab","Deflect"],"picked":"SKIP","floor":3.0},{"not_picked":["Night Terror","Backflip"],"picked":"Noxious Fumes","floor":5.0},{"not_picked":["All Out Attack","Dagger Throw","Predator"],"picked":"SKIP","floor":7.0},{"not_picked":["Dodge and Roll","Dagger Throw","Deflect","Catalyst"],"picked":"SKIP","floor":10.0},{"not_picked":["Slice","Caltrops","Quick Slash","Poisoned Stab"],"picked":"SKIP","floor":12.0},{"not_picked":["Malaise","Venomology","Tools of the Trade"],"picked":"A Thousand Cuts","floor":16.0},{"not_picked":["Poisoned Stab","Dodge and Roll","Dagger Throw","Slice+1"],"picked":"SKIP","floor":18.0},{"not_picked":["Dodge and Roll","Night Terror","Flying Knee+1"],"picked":"Footwork+1","floor":20.0},{"not_picked":["Distraction","Expertise+1","Caltrops+1","Catalyst+1"],"picked":"SKIP","floor":22.0},{"not_picked":["Backflip","Sucker Punch","Eviscerate","Blade Dance+1"],"picked":"SKIP","floor":24.0},{"not_picked":["PiercingWail","Bane","Underhanded Strike"],"picked":"Cloak And Dagger+1","floor":25.0},{"not_picked":["Acrobatics","Caltrops","Dash","Setup"],"picked":"SKIP","floor":27.0},{"not_picked":["Backflip","Slice","Dagger Throw","Acrobatics"],"picked":"SKIP","floor":29.0},{"not_picked":["Phantasmal Killer","Storm of Steel","Venomology"],"picked":"Adrenaline","floor":33.0},{"not_picked":["Bane+1","Outmaneuver","Deadly Poison+1"],"picked":"Cloak And Dagger","floor":35.0},{"not_picked":["Backstab","Outmaneuver","Skewer","Deflect"],"picked":"SKIP","floor":37.0},{"not_picked":["Dagger Spray","Grand Finale","Quick Slash+1"],"picked":"Footwork","floor":39.0},{"not_picked":["Outmaneuver+1","Backflip","Quick Slash+1"],"picked":"Accuracy","floor":41.0},{"not_picked":["Outmaneuver+1","Calculated Gamble+1","Flying Knee+1","Dagger Spray+1"],"picked":"SKIP","floor":42.0},{"not_picked":["Unload","Bane+1","PiercingWail"],"picked":"Noxious Fumes+1","floor":44.0},{"not_picked":["Leg Sweep","Dodge and Roll","Flying Knee","Riddle With Holes+1"],"picked":"SKIP","floor":45.0},{"not_picked":["Prepared+1","Expertise","Underhanded Strike","Cloak And Dagger"],"picked":"SKIP","floor":46.0},{"not_picked":["The Bomb","Enlightenment","Dramatic Entrance"],"picked":"Purity","floor":47.0}],"player_experience":433268,"relics_obtained":[{"floor":9.0,"key":"Question Card"},{"floor":24.0,"key":"Shuriken"},{"floor":26.0,"key":"Sundial"},{"floor":43.0,"key":"Gambling Chip"}],"event_choices":[{"damage_healed":0.0,"max_hp_gain":0.0,"max_hp_loss":0.0,"gold_gain":0.0,"event_name":"Golden Idol","player_choice":"Take Damage","floor":4.0,"gold_loss":0.0,"damage_taken":17.0,"relics_obtained":["Golden Idol"]},{"cards_removed":["Defend_G"],"damage_healed":0.0,"max_hp_gain":0.0,"max_hp_loss":0.0,"gold_gain":0.0,"event_name":"The Cleric","player_choice":"Card Removal","floor":14.0,"gold_loss":50.0,"damage_taken":0.0},{"damage_healed":0.0,"max_hp_gain":0.0,"max_hp_loss":0.0,"gold_gain":0.0,"event_name":"Vampires","player_choice":"Ignored","floor":30.0,"gold_loss":0.0,"damage_taken":0.0},{"damage_healed":0.0,"max_hp_gain":0.0,"max_hp_loss":0.0,"gold_gain":0.0,"event_name":"Masked Bandits","player_choice":"Paid Fearfully","floor":31.0,"gold_loss":172.0,"damage_taken":0.0},{"damage_healed":0.0,"max_hp_gain":0.0,"max_hp_loss":0.0,"gold_gain":0.0,"event_name":"WeMeetAgain","player_choice":"Paid Gold","floor":36.0,"gold_loss":53.0,"damage_taken":0.0,"relics_obtained":["Centennial Puzzle"]},{"damage_healed":0.0,"max_hp_gain":0.0,"max_hp_loss":0.0,"gold_gain":0.0,"event_name":"Duplicator","player_choice":"Copied","floor":38.0,"gold_loss":0.0,"damage_taken":0.0,"cards_obtained":["Adrenaline"]},{"damage_healed":0.0,"max_hp_gain":0.0,"max_hp_loss":0.0,"gold_gain":0.0,"event_name":"SensoryStone","player_choice":"Memory 1","floor":47.0,"gold_loss":0.0,"damage_taken":0.0}],"is_beta":false,"boss_relics":[{"not_picked":["Tiny House","Snecko Eye"],"picked":"Ring of the Serpent"},{"not_picked":["HoveringKite","Coffee Dripper"],"picked":"Eternal Feather"}],"items_purged_floors":[13],"is_endless":false,"potions_floor_spawned":[3,5,16,22,24,25,33,42,44],"killed_by":"Sphere and 2 Shapes","ascension_level":10}