{"gold_per_floor":[110,260,272,272,288,288,318,336,336,347,359,378,378,378],"floor_reached":14,"playtime":467,"items_purged":[],"score":188,"play_id":"adba2910-0434-428e-899e-b93b591a90a3","local_time":"20190621165546","is_ascension_mode":true,"campfire_choices":[{"data":"Static Discharge","floor":6.0,"key":"SMITH"}],"neow_cost":"NONE","seed_source_timestamp":0,"circlet_count":0,"master_deck":["AscendersBane","Strike_B","Strike_B","Strike_B","Strike_B","Defend_B","Defend_B","Defend_B","Defend_B","Zap","Dualcast","Turbo","Doubt","Hologram","Static Discharge+1","Cold Snap","Go for the Eyes","Coolheaded+1","Conserve Battery","All For One"],"special_seed":0,"relics":["Cracked Core","NeowsBlessing","FaceOfCleric","Frozen Egg 2","Bird Faced Urn"],"potions_floor_usage":[12],"damage_taken":[{"damage":0.0,"enemies":"Small Slimes","floor":1.0,"turns":1.0},{"damage":0.0,"enemies":"2 Louse","floor":3.0,"turns":1.0},{"damage":0.0,"enemies":"Cultist","floor":5.0,"turns":1.0},{"damage":35.0,"enemies":"3 Sentries","floor":7.0,"turns":7.0},{"damage":12.0,"enemies":"Looter","floor":8.0,"turns":2.0},{"damage":10.0,"enemies":"Red Slaver","floor":10.0,"turns":3.0},{"damage":2.0,"enemies":"Lots of Slimes","floor":11.0,"turns":6.0},{"damage":12,"enemies":"Exordium Thugs","floor":12,"turns":4},{"damage":10,"enemies":"Gremlin Nob","floor":14,"turns":2}],"seed_played":"4665987513599572430","potions_obtained":[{"floor":1.0,"key":"Poison Potion"},{"floor":3.0,"key":"Swift Potion"},{"floor":7.0,"key":"Energy Potion"},{"floor":11.0,"key":"Explosive Potion"}],"is_trial":false,"path_per_floor":["M","?","M","?","M","R","E","M","T","M","M","M","?","E"],"character_chosen":"DEFECT","items_purchased":[],"campfire_rested":0,"item_purchase_floors":[],"current_hp_per_floor":[64,64,64,64,65,65,31,20,20,13,14,5,5,0],"gold":378,"neow_bonus":"THREE_ENEMY_KILL","is_prod":false,"is_daily":false,"chose_seed":false,"campfire_upgraded":1,"win_rate":0,"timestamp":1561161346,"path_taken":["M","?","M","?","?","R","E","M","T","M","M","M","?","E"],"build_version":"2019-01-23","purchased_purges":0,"victory":false,"max_hp_per_floor":[71,71,71,71,72,72,73,74,74,75,76,77,77,77],"card_choices":[{"not_picked":["Aggregate","Heatsinks"],"picked":"Turbo","floor":1.0},{"not_picked":["Redo","Reprogram"],"picked":"Hologram","floor":3.0},{"not_picked":["Conserve Battery","Hologram"],"picked":"Static Discharge","floor":5.0},{"not_picked":["Beam Cell","Heatsinks"],"picked":"Cold Snap","floor":7.0},{"not_picked":["Redo","Darkness"],"picked":"Go for the Eyes","floor":8.0},{"not_picked":["Hologram","Doom and Gloom"],"picked":"Coolheaded","floor":10.0},{"not_picked":["Hologram","Tempest"],"picked":"Conserve Battery","floor":11.0},{"not_picked":["Rebound","Go for the Eyes"],"picked":"All For One","floor":12}],"player_experience":620068,"relics_obtained":[{"floor":7.0,"key":"Frozen Egg 2"},{"floor":9.0,"key":"Bird Faced Urn"}],"event_choices":[{"damage_healed":0.0,"max_hp_gain":0.0,"max_hp_loss":0.0,"gold_gain":150.0,"event_name":"Liars Game","player_choice":"AGREE","floor":2.0,"gold_loss":0.0,"damage_taken":0.0,"cards_obtained":["Doubt"]},{"damage_healed":0.0,"max_hp_gain":0.0,"max_hp_loss":0.0,"gold_gain":0.0,"event_name":"FaceTrader","player_choice":"Trade","floor":4.0,"gold_loss":0.0,"damage_taken":0.0,"relics_obtained":["FaceOfCleric"]},{"damage_healed":0,"gold_gain":0,"player_choice":"Upgraded","damage_taken":0,"max_hp_gain":0,"max_hp_loss":0,"event_name":"Upgrade Shrine","floor":13,"gold_loss":0,"cards_upgraded":["Coolheaded"]}],"is_beta":false,"boss_relics":[],"items_purged_floors":[],"is_endless":false,"potions_floor_spawned":[1,3,7,11],"killed_by":"Gremlin Nob","ascension_level":20}