{"gold_per_floor":[117,117,267,277,11,11,36,56,80,95,106,106,141,159,159,232,232,247,172,172,11,0,0],"floor_reached":23,"playtime":766,"items_purged":[],"score":548,"play_id":"b4bfd9c9-937f-4874-b53c-4b39d8a44c71","local_time":"20191022203831","is_ascension_mode":true,"campfire_choices":[{"data":"Coolheaded","floor":6,"key":"SMITH"},{"floor":15,"key":"REST"}],"neow_cost":"NONE","seed_source_timestamp":877685586776100,"circlet_count":0,"master_deck":["AscendersBane","Strike_B+1","Strike_B","Strike_B","Strike_B","Defend_B","Defend_B","Defend_B","Defend_B","Zap+1","Dualcast","Coolheaded+1","Conserve Battery","Beam Cell+1","Streamline+1","Rebound+1","Compile Driver+1","BootSequence","Defragment","Echo Form","White Noise"],"relics":["Cracked Core","NeowsBlessing","Art of War","Molten Egg 2","Dodecahedron","Blood Vial","Dead Branch","Snecko Eye","Oddly Smooth Stone"],"potions_floor_usage":[11,13],"damage_taken":[{"damage":0,"enemies":"Small Slimes","floor":1,"turns":1},{"damage":0,"enemies":"Jaw Worm","floor":4,"turns":1},{"damage":0,"enemies":"3 Sentries","floor":7,"turns":1},{"damage":0,"enemies":"2 Louse","floor":8,"turns":4},{"damage":0,"enemies":"Large Slime","floor":10,"turns":6},{"damage":16,"enemies":"Exordium Wildlife","floor":11,"turns":5},{"damage":5,"enemies":"Lagavulin","floor":13,"turns":6},{"damage":0,"enemies":"Lots of Slimes","floor":14,"turns":4},{"damage":0,"enemies":"The Guardian","floor":16,"turns":11},{"damage":21,"enemies":"3 Byrds","floor":18,"turns":4},{"damage":23,"enemies":"Gremlin Leader","floor":23,"turns":2}],"seed_played":"-2136706288318434319","potions_obtained":[{"floor":1,"key":"Energy Potion"},{"floor":4,"key":"PowerPotion"},{"floor":8,"key":"Block Potion"},{"floor":13,"key":"FearPotion"}],"is_trial":false,"path_per_floor":["M","?","?","M","$","R","E","M","T","M","M","?","E","M","R","B",null,"M","?","?","$","?","E"],"character_chosen":"DEFECT","items_purchased":["Molten Egg 2","Oddly Smooth Stone"],"campfire_rested":1,"item_purchase_floors":[5,21],"current_hp_per_floor":[64,38,38,38,38,38,38,38,38,40,26,5,2,4,25,27,60,41,41,21,21,21,0],"gold":0,"neow_bonus":"THREE_ENEMY_KILL","is_prod":false,"is_daily":false,"chose_seed":false,"campfire_upgraded":1,"win_rate":0,"timestamp":1571801911,"path_taken":["M","?","?","M","$","R","E","M","T","M","M","?","E","M","R","BOSS","M","?","?","$","?","E"],"build_version":"2019-07-17","purchased_purges":0,"victory":false,"max_hp_per_floor":[71,71,71,71,71,71,71,71,71,71,71,71,71,71,71,71,71,71,71,76,76,76,76],"card_choices":[{"not_picked":["Blizzard","Beam Cell"],"picked":"Coolheaded","floor":1},{"not_picked":["Recycle","Stack"],"picked":"Conserve Battery","floor":4},{"not_picked":["White Noise","Turbo"],"picked":"Beam Cell+1","floor":7},{"not_picked":["Stack","Steam"],"picked":"Streamline+1","floor":8},{"not_picked":["Reboot","Conserve Battery"],"picked":"Rebound+1","floor":10},{"not_picked":["Redo","Double Energy"],"picked":"Compile Driver+1","floor":11},{"not_picked":["Conserve Battery","Hyperbeam+1"],"picked":"BootSequence","floor":13},{"not_picked":["Blizzard+1","Sweeping Beam+1"],"picked":"Defragment","floor":14},{"not_picked":["Creative AI","Buffer"],"picked":"Echo Form","floor":16},{"not_picked":["Conserve Battery+1","Ball Lightning+1"],"picked":"White Noise","floor":18}],"player_experience":887068,"relics_obtained":[{"floor":7,"key":"Dodecahedron"},{"floor":9,"key":"Blood Vial"},{"floor":13,"key":"Dead Branch"}],"event_choices":[{"damage_healed":0,"gold_gain":0,"player_choice":"Success","damage_taken":26,"relics_obtained":["Art of War"],"max_hp_gain":0,"max_hp_loss":0,"event_name":"Scrap Ooze","floor":2,"gold_loss":0},{"damage_healed":0,"gold_gain":150,"player_choice":"AGREE","damage_taken":0,"max_hp_gain":0,"max_hp_loss":0,"event_name":"Liars Game","floor":3,"gold_loss":0,"cards_obtained":["Doubt"]},{"damage_healed":0,"gold_gain":0,"player_choice":"Entered Light","damage_taken":21,"max_hp_gain":0,"max_hp_loss":0,"event_name":"Shining Light","floor":12,"gold_loss":0,"cards_upgraded":["Zap","Strike_B"]},{"cards_removed":["Doubt"],"damage_healed":0,"gold_gain":0,"player_choice":"Gave Gold","damage_taken":0,"max_hp_gain":0,"max_hp_loss":0,"event_name":"Beggar","floor":19,"gold_loss":75},{"damage_healed":0,"gold_gain":0,"player_choice":"Shed Blood","damage_taken":25,"max_hp_gain":5,"max_hp_loss":0,"event_name":"Forgotten Altar","floor":20,"gold_loss":0},{"damage_healed":0,"gold_gain":0,"player_choice":"Paid Fearfully","damage_taken":0,"max_hp_gain":0,"max_hp_loss":0,"event_name":"Masked Bandits","floor":22,"gold_loss":11}],"is_beta":false,"boss_relics":[{"not_picked":["Calling Bell","Philosopher\u0027s Stone"],"picked":"Snecko Eye"}],"items_purged_floors":[],"is_endless":false,"potions_floor_spawned":[1,4,8,13],"killed_by":"Gremlin Leader","ascension_level":20}