{"gold_per_floor":[112,127,140,110,110,142,153,183,183,183,30,62,77,100,100,195,195,208,225,240,240,256,281,291,291,291,320,335,335,370,389,389,491,491,508,284,300,300,300,327,362,362,409,409,225,185,211,16,16,16,16,16,16,48,48],"floor_reached":56,"playtime":4126,"items_purged":["Strike_B","Strike_B"],"score":1998,"play_id":"5e1693d4-4e93-4fbd-8a8f-ceee4a49409f","local_time":"20190418215301","is_ascension_mode":true,"campfire_choices":[{"data":"Defragment","floor":10,"key":"SMITH"},{"floor":15,"key":"DIG"},{"floor":25,"key":"REST"},{"floor":32,"key":"REST"},{"floor":44,"key":"DIG"},{"floor":49,"key":"RECALL"},{"floor":52,"key":"DIG"}],"neow_cost":"NONE","seed_source_timestamp":466681310594247,"circlet_count":0,"master_deck":["AscendersBane","Defend_B+1","Defend_B","Defend_B","Defend_B+1","Zap+1","Dualcast","Glacier+1","Defragment+1","Gash+1","Go for the Eyes","Cold Snap","Self Repair","Loop","Capacitor","Defragment","Gash","Conserve Battery","Echo Form","Coolheaded","Hologram","Tempest","Reboot+1","Steam Power+1","Machine Learning","Static Discharge+1","Hologram+1","Seek+1","Force Field+1","Conserve Battery+1","Coolheaded+1","Conserve Battery+1","Madness+1","Madness+1","Barrage","Conserve Battery+1","Core Surge","Hologram+1","Gash"],"relics":["Cracked Core","Potion Belt","Bottled Lightning","The Courier","Gambling Chip","Shovel","Odd Mushroom","Matryoshka","Busted Crown","Blood Vial","Oddly Smooth Stone","Toxic Egg 2","Juzu Bracelet","War Paint","Coffee Dripper","Tiny Chest","WingedGreaves","Regal Pillow","PreservedInsect","Smiling Mask","Question Card","DataDisk","Ancient Tea Set","Runic Capacitor","Bottled Flame","Art of War"],"potions_floor_usage":[6,23,23,33,37,41,54,55,55],"damage_taken":[{"damage":0,"enemies":"Cultist","floor":1,"turns":4},{"damage":0,"enemies":"2 Louse","floor":2,"turns":3},{"damage":7,"enemies":"Jaw Worm","floor":3,"turns":4},{"damage":0,"enemies":"Looter","floor":4,"turns":4},{"damage":8,"enemies":"3 Sentries","floor":6,"turns":11},{"damage":0,"enemies":"Large Slime","floor":7,"turns":7},{"damage":4,"enemies":"Lagavulin","floor":8,"turns":11},{"damage":5,"enemies":"Gremlin Nob","floor":12,"turns":6},{"damage":0,"enemies":"Blue Slaver","floor":13,"turns":4},{"damage":5,"enemies":"The Mushroom Lair","floor":14,"turns":7},{"damage":14,"enemies":"Hexaghost","floor":16,"turns":11},{"damage":38,"enemies":"Spheric Guardian","floor":18,"turns":6},{"damage":15,"enemies":"Chosen","floor":19,"turns":7},{"damage":16,"enemies":"Shelled Parasite and Fungi","floor":20,"turns":11},{"damage":0,"enemies":"Snecko","floor":22,"turns":11},{"damage":8,"enemies":"Gremlin Leader","floor":23,"turns":7},{"damage":51,"enemies":"Cultist and Chosen","floor":24,"turns":10},{"damage":26,"enemies":"Slavers","floor":27,"turns":13},{"damage":8,"enemies":"Chosen and Byrds","floor":28,"turns":9},{"damage":0,"enemies":"Book of Stabbing","floor":30,"turns":8},{"damage":17,"enemies":"Snecko","floor":31,"turns":9},{"damage":2,"enemies":"Champ","floor":33,"turns":14},{"damage":12,"enemies":"Orb Walker","floor":35,"turns":6},{"damage":31,"enemies":"3 Darklings","floor":37,"turns":14},{"damage":0,"enemies":"Giant Head","floor":40,"turns":12},{"damage":57,"enemies":"Reptomancer","floor":41,"turns":8},{"damage":0,"enemies":"Nemesis","floor":47,"turns":9},{"damage":7,"enemies":"Donu and Deca","floor":50,"turns":20},{"damage":37,"enemies":"Shield and Spear","floor":54,"turns":6},{"damage":52,"enemies":"The Heart","floor":55,"turns":15}],"seed_played":"-2852269521171896340","potions_obtained":[{"floor":1,"key":"Dexterity Potion"},{"floor":2,"key":"EssenceOfSteel"},{"floor":6,"key":"SpeedPotion"},{"floor":8,"key":"Ancient Potion"},{"floor":12,"key":"Explosive Potion"},{"floor":19,"key":"FocusPotion"},{"floor":22,"key":"PowerPotion"},{"floor":27,"key":"FocusPotion"},{"floor":33,"key":"Weak Potion"},{"floor":40,"key":"SkillPotion"},{"floor":47,"key":"AttackPotion"}],"is_trial":false,"path_per_floor":["M","M","M","M","?","E","M","E","T","R","$","E","M","?","R","B",null,"M","M","M","?","M","E","M","R","T","E","M","?","E","M","R","B",null,"M","$","M","?","?","E","E","T","T","R","$","?","E","$","R","B",null,"R","$","E","B",null],"character_chosen":"DEFECT","items_purchased":["Loop","Capacitor","Defragment","Tiny Chest","Conserve Battery+1","Coolheaded+1","DataDisk","Conserve Battery+1","Runic Capacitor","Hologram+1"],"campfire_rested":2,"item_purchase_floors":[11,11,11,36,36,36,45,45,48,48],"current_hp_per_floor":[68,68,61,61,46,38,38,34,34,34,34,36,43,45,45,38,66,42,41,39,39,53,59,24,46,46,36,44,30,46,45,69,80,80,75,75,60,50,50,66,25,25,25,25,25,25,41,41,41,50,73,73,73,52,9],"gold":48,"neow_bonus":"RANDOM_COMMON_RELIC","is_prod":false,"is_daily":false,"chose_seed":false,"campfire_upgraded":1,"win_rate":0,"timestamp":1555649581,"path_taken":["M","M","M","M","?","E","M","E","T","R","$","E","M","?","R","BOSS","M","M","M","?","M","E","M","R","T","E","M","?","E","M","R","BOSS","M","$","M","?","?","E","E","?","T","R","$","?","E","$","R","BOSS","R","$","E","BOSS"],"build_version":"2019-01-23","purchased_purges":2,"victory":true,"max_hp_per_floor":[75,75,75,75,75,75,75,75,75,75,75,75,75,75,75,75,75,75,75,75,75,75,75,75,75,75,75,75,80,80,80,80,80,80,80,80,80,80,80,80,80,80,80,80,80,80,80,80,80,80,80,80,80,80,80],"card_choices":[{"not_picked":["Recycle","Steam"],"picked":"Glacier","floor":1},{"not_picked":["Heatsinks","Streamline"],"picked":"Defragment","floor":2},{"not_picked":["Reinforced Body","Streamline","Recycle"],"picked":"SKIP","floor":3},{"not_picked":["Conserve Battery","Recycle"],"picked":"Gash","floor":4},{"not_picked":["Fission","Rebound"],"picked":"Go for the Eyes","floor":6},{"not_picked":["Leap","Sweeping Beam"],"picked":"Cold Snap","floor":7},{"not_picked":["Barrage","Force Field"],"picked":"Self Repair","floor":8},{"not_picked":["Go for the Eyes","Fusion"],"picked":"Gash","floor":12},{"not_picked":["Aggregate","Static Discharge","Rip and Tear"],"picked":"SKIP","floor":13},{"not_picked":["Go for the Eyes","Steam"],"picked":"Conserve Battery","floor":14},{"not_picked":["Seek","All For One"],"picked":"Echo Form","floor":16},{"not_picked":["Turbo"],"picked":"SKIP","floor":18},{"not_picked":[],"picked":"Coolheaded","floor":19},{"not_picked":[],"picked":"Hologram","floor":20},{"not_picked":["Redo"],"picked":"SKIP","floor":22},{"not_picked":["Rebound"],"picked":"SKIP","floor":23},{"not_picked":[],"picked":"Steam Power+1","floor":24},{"not_picked":[],"picked":"Machine Learning","floor":27},{"not_picked":[],"picked":"Static Discharge+1","floor":28},{"not_picked":[],"picked":"Hologram+1","floor":30},{"not_picked":["Beam Cell"],"picked":"SKIP","floor":31},{"not_picked":[],"picked":"Seek+1","floor":33},{"not_picked":[],"picked":"Force Field+1","floor":35},{"not_picked":[],"picked":"Conserve Battery+1","floor":37},{"not_picked":["Melter+1"],"picked":"SKIP","floor":40},{"not_picked":[],"picked":"Barrage","floor":41},{"not_picked":["Ball Lightning+1"],"picked":"Core Surge","floor":47},{"not_picked":["Storm"],"picked":"Gash","floor":54}],"player_experience":266913,"relics_obtained":[{"floor":6,"key":"Bottled Lightning"},{"floor":8,"key":"The Courier"},{"floor":9,"key":"Gambling Chip"},{"floor":12,"key":"Shovel"},{"floor":14,"key":"Odd Mushroom"},{"floor":15,"key":"Matryoshka"},{"floor":23,"key":"Blood Vial"},{"floor":26,"key":"Oddly Smooth Stone"},{"floor":26,"key":"Toxic Egg 2"},{"floor":27,"key":"Juzu Bracelet"},{"floor":30,"key":"War Paint"},{"floor":40,"key":"WingedGreaves"},{"floor":41,"key":"Regal Pillow"},{"floor":42,"key":"PreservedInsect"},{"floor":43,"key":"Smiling Mask"},{"floor":44,"key":"Question Card"},{"floor":47,"key":"Ancient Tea Set"},{"floor":52,"key":"Bottled Flame"},{"floor":54,"key":"Art of War"}],"event_choices":[{"damage_healed":0,"gold_gain":0,"player_choice":"Entered Light","damage_taken":15,"max_hp_gain":0,"max_hp_loss":0,"event_name":"Shining Light","floor":5,"gold_loss":0,"cards_upgraded":["Defend_B","Glacier"]},{"damage_healed":0,"gold_gain":0,"player_choice":"Fought Mushrooms","damage_taken":0,"max_hp_gain":0,"max_hp_loss":0,"event_name":"Mushrooms","floor":14,"gold_loss":0},{"damage_healed":0,"gold_gain":0,"cards_transformed":["Strike_B","Strike_B"],"player_choice":"Became Test Subject","damage_taken":0,"max_hp_gain":0,"max_hp_loss":0,"event_name":"Drug Dealer","floor":21,"gold_loss":0,"cards_obtained":["Tempest","Reboot"]},{"damage_healed":0,"gold_gain":0,"player_choice":"Shed Blood","damage_taken":19,"max_hp_gain":5,"max_hp_loss":0,"event_name":"Forgotten Altar","floor":29,"gold_loss":0},{"damage_healed":0,"gold_gain":0,"player_choice":"Embrace Madness","damage_taken":10,"max_hp_gain":0,"max_hp_loss":0,"event_name":"Winding Halls","floor":38,"gold_loss":0,"cards_obtained":["Madness","Madness"]},{"damage_healed":0,"gold_gain":0,"player_choice":"Ignored","damage_taken":0,"max_hp_gain":0,"max_hp_loss":0,"event_name":"Tomb of Lord Red Mask","floor":39,"gold_loss":0},{"damage_healed":0,"gold_gain":0,"player_choice":"Upgraded Two","damage_taken":0,"max_hp_gain":0,"max_hp_loss":0,"event_name":"Designer","floor":46,"gold_loss":40,"cards_upgraded":["Zap","Gash"]}],"is_beta":false,"boss_relics":[{"not_picked":["Runic Dome","Philosopher\u0027s Stone"],"picked":"Busted Crown"},{"not_picked":["Snecko Eye","Runic Pyramid"],"picked":"Coffee Dripper"}],"items_purged_floors":[36,45],"is_endless":false,"potions_floor_spawned":[1,2,6,8,12,19,22,27,33,40,47],"ascension_level":11}