{"gold_per_floor":[115,115,73,73,83,83,116,62,62,94,114,133,153,69,69,141,141,154,166,166,56,75,75,75,108,108,108],"floor_reached":27,"playtime":823,"items_purged":[],"score":532,"play_id":"1a1c1701-2c87-45ad-b80c-1db0c93fb877","local_time":"20190829162616","is_ascension_mode":true,"campfire_choices":[{"data":"Compile Driver","floor":6,"key":"SMITH"},{"data":"Barrage","floor":15,"key":"SMITH"},{"data":"Go for the Eyes","floor":23,"key":"SMITH"}],"neow_cost":"NONE","seed_source_timestamp":1317891836328300,"circlet_count":0,"master_deck":["AscendersBane","Strike_B+1","Strike_B","Strike_B","Strike_B+1","Defend_B","Defend_B","Defend_B","Defend_B+1","Dualcast","Glacier","Sunder+1","Compile Driver+1","Leap","Ball Lightning","Static Discharge","Gash","Barrage+1","Self Repair","Amplify","Coolheaded+1","Electrodynamics","Go for the Eyes+1","Conserve Battery"],"relics":["Cracked Core","NeowsBlessing","Bronze Scales","Whetstone","Bottled Lightning","Runic Pyramid","Enchiridion","The Courier","Darkstone Periapt"],"potions_floor_usage":[16,18],"damage_taken":[{"damage":0,"enemies":"2 Louse","floor":1,"turns":1},{"damage":0,"enemies":"Cultist","floor":5,"turns":1},{"damage":0,"enemies":"Gremlin Nob","floor":7,"turns":1},{"damage":12,"enemies":"3 Sentries","floor":10,"turns":6},{"damage":0,"enemies":"Jaw Worm","floor":11,"turns":3},{"damage":2,"enemies":"Large Slime","floor":12,"turns":5},{"damage":5,"enemies":"Exordium Thugs","floor":13,"turns":4},{"damage":24,"enemies":"Slime Boss","floor":16,"turns":6},{"damage":13,"enemies":"2 Thieves","floor":18,"turns":4},{"damage":3,"enemies":"Spheric Guardian","floor":19,"turns":4},{"damage":0,"enemies":"Snecko","floor":22,"turns":5},{"damage":35,"enemies":"Book of Stabbing","floor":25,"turns":5},{"damage":15,"enemies":"Sentry and Sphere","floor":27,"turns":6}],"seed_played":"-8198974295259197737","potions_obtained":[{"floor":1,"key":"SneckoOil"},{"floor":7,"key":"Fire Potion"},{"floor":11,"key":"Explosive Potion"},{"floor":16,"key":"Explosive Potion"},{"floor":25,"key":"PowerPotion"}],"is_trial":false,"path_per_floor":["M","?","$","?","M","R","E","$","T","E","M","M","M","$","R","B",null,"M","M","?","?","M","R","$","E","T","M"],"character_chosen":"DEFECT","items_purchased":["Sunder","Ball Lightning","Self Repair"],"campfire_rested":0,"item_purchase_floors":[3,8,14],"current_hp_per_floor":[64,69,69,69,69,69,69,69,69,57,57,55,50,50,50,33,65,66,63,42,42,49,49,49,14,14,0],"gold":108,"neow_bonus":"THREE_ENEMY_KILL","is_prod":false,"is_daily":false,"chose_seed":false,"campfire_upgraded":3,"win_rate":0,"timestamp":1567121176,"path_taken":["M","?","$","?","?","R","E","?","T","E","M","M","M","$","R","BOSS","M","M","?","?","?","R","$","E","T","M"],"build_version":"2019-07-17","purchased_purges":0,"victory":false,"max_hp_per_floor":[71,76,76,76,76,76,76,76,76,76,76,76,76,76,76,76,76,76,76,76,76,76,76,76,76,76,76],"card_choices":[{"not_picked":["Cold Snap","Steam"],"picked":"Glacier","floor":1},{"not_picked":["Barrage","Blizzard"],"picked":"Compile Driver","floor":5},{"not_picked":["Coolheaded","Streamline"],"picked":"Leap","floor":7},{"not_picked":["Rebound","Cold Snap"],"picked":"Static Discharge","floor":10},{"not_picked":["Lockon","Sunder"],"picked":"Gash","floor":11},{"not_picked":["Double Energy","Heatsinks","Leap"],"picked":"SKIP","floor":12},{"not_picked":["Rebound","Hyperbeam"],"picked":"Barrage","floor":13},{"not_picked":["Thunder Strike","Multi-Cast"],"picked":"Amplify","floor":16},{"not_picked":["Ball Lightning","Turbo+1"],"picked":"Coolheaded+1","floor":18},{"not_picked":["Redo","Beam Cell"],"picked":"Electrodynamics","floor":19},{"not_picked":["Hologram","Streamline"],"picked":"Go for the Eyes","floor":22},{"not_picked":["Ball Lightning","Stack"],"picked":"Conserve Battery","floor":25}],"player_experience":758230,"relics_obtained":[{"floor":7,"key":"Bronze Scales"},{"floor":9,"key":"Whetstone"},{"floor":10,"key":"Bottled Lightning"},{"floor":20,"key":"Enchiridion"},{"floor":25,"key":"The Courier"},{"floor":26,"key":"Darkstone Periapt"}],"event_choices":[{"damage_healed":0,"gold_gain":0,"player_choice":"Donut","damage_taken":0,"max_hp_gain":5,"max_hp_loss":0,"event_name":"Big Fish","floor":2,"gold_loss":0},{"damage_healed":0,"gold_gain":0,"player_choice":"Upgraded","damage_taken":0,"max_hp_gain":0,"max_hp_loss":0,"event_name":"Upgrade Shrine","floor":4,"gold_loss":0,"cards_upgraded":["Sunder"]},{"damage_healed":0,"gold_gain":0,"player_choice":"Obtained Book","damage_taken":21,"max_hp_gain":0,"max_hp_loss":0,"event_name":"Cursed Tome","floor":20,"gold_loss":0},{"cards_removed":["Zap"],"damage_healed":0,"gold_gain":0,"player_choice":"Upgrade and Remove","damage_taken":0,"max_hp_gain":0,"max_hp_loss":0,"event_name":"Designer","floor":21,"gold_loss":110,"cards_upgraded":["Defend_B"]}],"is_beta":false,"boss_relics":[{"not_picked":["Fusion Hammer","Black Star"],"picked":"Runic Pyramid"}],"items_purged_floors":[],"is_endless":false,"potions_floor_spawned":[1,7,11,16,25],"killed_by":"Sentry and Sphere","ascension_level":20}