{"gold_per_floor":[10,22,22,22,22,22,53,53,78,92,92],"floor_reached":11,"playtime":426,"items_purged":[],"score":103,"play_id":"f330038a-6390-4f49-a233-757c85b11e6b","local_time":"20191019124411","is_ascension_mode":true,"campfire_choices":[{"floor":6,"key":"REST"},{"floor":8,"key":"REST"}],"neow_cost":"NO_GOLD","seed_source_timestamp":822525713218700,"circlet_count":0,"master_deck":["Strike_G+1","Strike_G+1","Strike_G","Strike_G","Strike_G","Defend_G","Defend_G","Defend_G","Defend_G","Defend_G","Survivor","Neutralize","Infinite Blades","Accuracy","Corpse Explosion","Backflip"],"relics":["Ring of the Snake","WingedGreaves","Golden Idol","Ninja Scroll","Centennial Puzzle"],"potions_floor_usage":[],"damage_taken":[{"damage":12,"enemies":"Cultist","floor":1,"turns":6},{"damage":2,"enemies":"2 Louse","floor":2,"turns":4},{"damage":54,"enemies":"Gremlin Nob","floor":7,"turns":6},{"damage":2,"enemies":"Small Slimes","floor":10,"turns":3},{"damage":34,"enemies":"Lagavulin","floor":11,"turns":5}],"seed_played":"2947049687090443734","potions_obtained":[{"floor":2,"key":"Swift Potion"},{"floor":10,"key":"Ancient Potion"}],"is_trial":false,"path_per_floor":["M","M","?","?","?","R","E","R","T","M","E"],"character_chosen":"THE_SILENT","items_purchased":[],"campfire_rested":2,"item_purchase_floors":[],"current_hp_per_floor":[51,49,49,54,40,61,7,28,28,26,0],"gold":92,"neow_bonus":"ONE_RARE_RELIC","is_prod":false,"is_daily":false,"chose_seed":false,"campfire_upgraded":0,"win_rate":0,"timestamp":1571503451,"path_taken":["M","M","?","?","?","R","E","R","T","M","E"],"build_version":"2019-07-17","purchased_purges":0,"victory":false,"max_hp_per_floor":[70,70,65,70,70,70,70,70,70,70,70],"card_choices":[{"not_picked":["Deflect","Flechettes"],"picked":"Infinite Blades","floor":1},{"not_picked":["Outmaneuver","Underhanded Strike"],"picked":"Accuracy","floor":2},{"not_picked":["Backflip","Venomology"],"picked":"Corpse Explosion","floor":7},{"not_picked":["Dagger Spray","Noxious Fumes"],"picked":"Backflip","floor":10}],"player_experience":428695,"relics_obtained":[{"floor":7,"key":"Ninja Scroll"},{"floor":9,"key":"Centennial Puzzle"}],"event_choices":[{"damage_healed":0,"gold_gain":0,"player_choice":"Lose Max HP","damage_taken":0,"relics_obtained":["Golden Idol"],"max_hp_gain":0,"max_hp_loss":5,"event_name":"Golden Idol","floor":3,"gold_loss":0},{"damage_healed":0,"gold_gain":0,"player_choice":"Donut","damage_taken":0,"max_hp_gain":5,"max_hp_loss":0,"event_name":"Big Fish","floor":4,"gold_loss":0},{"damage_healed":0,"gold_gain":0,"player_choice":"Entered Light","damage_taken":14,"max_hp_gain":0,"max_hp_loss":0,"event_name":"Shining Light","floor":5,"gold_loss":0,"cards_upgraded":["Strike_G","Strike_G"]}],"is_beta":false,"boss_relics":[],"items_purged_floors":[],"is_endless":false,"potions_floor_spawned":[2,10],"killed_by":"Lagavulin","ascension_level":9}