{"gold_per_floor":[113,113,137,137,156,156,194,194,194,217,233,253,253,54,54,149,149,162,185,210,229,229],"floor_reached":22,"playtime":1084,"items_purged":[],"score":314,"play_id":"8e33f08b-577e-4b97-b4e4-318f1e75d3d4","local_time":"20190427134217","is_ascension_mode":true,"campfire_choices":[{"data":"Beam Cell","floor":6,"key":"SMITH"},{"data":"Zap","floor":8,"key":"SMITH"},{"data":"Genetic Algorithm","floor":15,"key":"SMITH"}],"neow_cost":"NONE","seed_source_timestamp":1217898160408430,"circlet_count":0,"master_deck":["AscendersBane","Strike_B","Strike_B","Strike_B","Strike_B","Defend_B","Defend_B","Defend_B","Defend_B","Zap+1","Dualcast","Sweeping Beam","Genetic Algorithm+1","Beam Cell+1","Conserve Battery","Self Repair","Reboot","Cold Snap","Panache","Flame Barrier","Bandage Up"],"relics":["Cracked Core","Lantern","Golden Idol","Pocketwatch","PrismaticShard","Inserter"],"potions_floor_usage":[7,7,7,16,22,22],"damage_taken":[{"damage":2,"enemies":"Small Slimes","floor":1,"turns":3},{"damage":4,"enemies":"2 Louse","floor":3,"turns":2},{"damage":5,"enemies":"Cultist","floor":5,"turns":4},{"damage":21,"enemies":"3 Sentries","floor":7,"turns":5},{"damage":3,"enemies":"Looter","floor":10,"turns":4},{"damage":7,"enemies":"Red Slaver","floor":11,"turns":3},{"damage":1,"enemies":"Gremlin Gang","floor":12,"turns":4},{"damage":28,"enemies":"The Guardian","floor":16,"turns":16},{"damage":1,"enemies":"Chosen","floor":18,"turns":5},{"damage":7,"enemies":"Spheric Guardian","floor":19,"turns":4},{"damage":42,"enemies":"Centurion and Healer","floor":20,"turns":7},{"damage":42,"enemies":"3 Cultists","floor":21,"turns":6},{"damage":22,"enemies":"Cultist and Chosen","floor":22,"turns":8}],"seed_played":"2664443268587829242","potions_obtained":[{"floor":3,"key":"FocusPotion"},{"floor":4,"key":"PowerPotion"},{"floor":4,"key":"EntropicBrew"},{"floor":10,"key":"SpeedPotion"},{"floor":16,"key":"Ancient Potion"}],"is_trial":false,"path_per_floor":["M","?","M","?","M","R","E","R","T","M","M","M","?","$","R","B",null,"M","M","M","M","M"],"character_chosen":"DEFECT","items_purchased":["PrismaticShard"],"campfire_rested":0,"item_purchase_floors":[14],"current_hp_per_floor":[66,48,44,44,39,39,18,18,18,15,15,21,75,75,75,54,70,75,75,40,9,0],"gold":229,"neow_bonus":"RANDOM_COMMON_RELIC","is_prod":false,"is_daily":false,"chose_seed":false,"campfire_upgraded":3,"win_rate":0,"timestamp":1556397737,"path_taken":["M","?","M","?","M","R","E","R","T","M","M","?","?","$","R","BOSS","M","M","M","M","M"],"build_version":"2019-01-23","purchased_purges":0,"victory":false,"max_hp_per_floor":[75,75,75,75,75,75,75,75,75,75,75,75,75,75,75,75,75,75,75,75,75,75],"card_choices":[{"not_picked":["Rebound","Redo"],"picked":"Sweeping Beam","floor":1},{"not_picked":["Rebound","Melter"],"picked":"Genetic Algorithm","floor":3},{"not_picked":["Barrage","Scrape"],"picked":"Beam Cell","floor":5},{"not_picked":["Redo","Rebound"],"picked":"Conserve Battery","floor":7},{"not_picked":["Loop","Hologram"],"picked":"Self Repair","floor":10},{"not_picked":["Coolheaded","Hologram"],"picked":"Reboot","floor":11},{"not_picked":["Barrage","Streamline"],"picked":"Cold Snap","floor":12},{"not_picked":["Master of Strategy","Corpse Explosion"],"picked":"Panache","floor":16},{"not_picked":["Iron Wave","Uppercut","Cloak And Dagger"],"picked":"SKIP","floor":18},{"not_picked":["Iron Wave","Armaments"],"picked":"Flame Barrier","floor":19},{"not_picked":["Hologram","Gash"],"picked":"Bandage Up","floor":20},{"not_picked":["Warcry","Deadly Poison","Entrench"],"picked":"SKIP","floor":21}],"player_experience":329486,"relics_obtained":[{"floor":7,"key":"Pocketwatch"}],"event_choices":[{"damage_healed":0,"gold_gain":0,"player_choice":"Take Damage","damage_taken":18,"relics_obtained":["Golden Idol"],"max_hp_gain":0,"max_hp_loss":0,"event_name":"Golden Idol","floor":2,"gold_loss":0},{"damage_healed":0,"gold_gain":0,"player_choice":"Got Potions","damage_taken":0,"max_hp_gain":0,"max_hp_loss":0,"event_name":"Lab","floor":4,"gold_loss":0},{"damage_healed":54,"gold_gain":0,"player_choice":"Full Heal","damage_taken":0,"max_hp_gain":0,"max_hp_loss":0,"event_name":"Wheel of Change","floor":13,"gold_loss":0}],"is_beta":false,"boss_relics":[{"not_picked":["Lizard Tail","White Beast Statue"],"picked":"Inserter"}],"items_purged_floors":[],"is_endless":false,"potions_floor_spawned":[3,5,10,12,16,19],"killed_by":"Cultist and Chosen","ascension_level":13}