{"gold_per_floor":[119,136,47,67,67,67,81,112,112,122,122,122,47,12,12,105,105,125,50,50,63,63],"floor_reached":22,"playtime":715,"items_purged":[],"score":368,"play_id":"c00082cf-eb9c-4a99-8d07-22499ad5b779","local_time":"20190827152646","is_ascension_mode":true,"campfire_choices":[{"data":"Defragment","floor":6,"key":"SMITH"},{"floor":12,"key":"REST"},{"data":"Defragment","floor":15,"key":"SMITH"}],"neow_cost":"NONE","seed_source_timestamp":1141628760138700,"circlet_count":0,"master_deck":["AscendersBane","Zap","Dualcast","Ball Lightning","Tempest","Echo Form","Auto Shields","Defragment+1","Consume","Conserve Battery","Reinforced Body","Defragment+1","Reinforced Body","Hologram","FTL","Recycle","Self Repair","Creative AI","Cold Snap","Steam+1"],"relics":["Pandora\u0027s Box","Lantern","Dodecahedron","Golden Idol","Coffee Dripper"],"potions_floor_usage":[10,21,21],"damage_taken":[{"damage":21,"enemies":"Small Slimes","floor":1,"turns":3},{"damage":0,"enemies":"2 Louse","floor":2,"turns":2},{"damage":0,"enemies":"Jaw Worm","floor":4,"turns":3},{"damage":3,"enemies":"Large Slime","floor":7,"turns":4},{"damage":26,"enemies":"Lagavulin","floor":8,"turns":6},{"damage":0,"enemies":"2 Fungi Beasts","floor":10,"turns":2},{"damage":32,"enemies":"Hexaghost","floor":16,"turns":8},{"damage":41,"enemies":"2 Thieves","floor":18,"turns":5},{"damage":15,"enemies":"3 Byrds","floor":21,"turns":3},{"damage":25,"enemies":"Snake Plant","floor":22,"turns":2}],"seed_played":"-4265007951223451528","potions_obtained":[{"floor":8,"key":"AttackPotion"},{"floor":10,"key":"Fire Potion"},{"floor":16,"key":"Fire Potion"}],"is_trial":false,"path_per_floor":["M","M","$","M","?","R","M","E","T","M","?","R","$","?","R","B",null,"M","?","?","M","M"],"character_chosen":"DEFECT","items_purchased":["Defragment","Self Repair"],"campfire_rested":1,"item_purchase_floors":[3,13],"current_hp_per_floor":[43,43,43,43,36,36,33,7,7,7,7,28,28,45,45,27,60,33,33,33,18,0],"gold":63,"neow_bonus":"BOSS_RELIC","is_prod":false,"is_daily":false,"chose_seed":false,"campfire_upgraded":2,"win_rate":0,"timestamp":1566944806,"path_taken":["M","M","$","M","?","R","M","E","T","M","?","R","$","?","R","BOSS","M","?","?","M","M"],"build_version":"2019-07-17","purchased_purges":0,"victory":false,"max_hp_per_floor":[71,71,71,71,71,71,71,71,71,71,71,71,71,71,71,71,71,71,71,71,71,71],"card_choices":[{"not_picked":["Ball Lightning","Gash"],"picked":"Conserve Battery","floor":1},{"not_picked":["Turbo","Tempest"],"picked":"Reinforced Body","floor":2},{"not_picked":["Melter","Lockon"],"picked":"Reinforced Body","floor":4},{"not_picked":["Sweeping Beam","Rip and Tear"],"picked":"Hologram","floor":7},{"not_picked":["Hyperbeam","Cold Snap"],"picked":"FTL","floor":8},{"not_picked":["Auto Shields","Turbo"],"picked":"Recycle","floor":10},{"not_picked":["Fission","Machine Learning"],"picked":"Creative AI","floor":16},{"not_picked":["Doom and Gloom","Redo"],"picked":"Cold Snap","floor":18},{"not_picked":["Hologram","Beam Cell"],"picked":"Steam+1","floor":21}],"player_experience":753069,"relics_obtained":[{"floor":8,"key":"Lantern"},{"floor":9,"key":"Dodecahedron"}],"event_choices":[{"cards_removed":["Blizzard"],"damage_healed":0,"gold_gain":0,"player_choice":"Card Removal","damage_taken":7,"max_hp_gain":0,"max_hp_loss":0,"event_name":"Golden Wing","floor":5,"gold_loss":0},{"damage_healed":0,"gold_gain":0,"player_choice":"Take Wound","damage_taken":0,"relics_obtained":["Golden Idol"],"max_hp_gain":0,"max_hp_loss":0,"event_name":"Golden Idol","floor":11,"gold_loss":0,"cards_obtained":["Injury"]},{"damage_healed":17,"gold_gain":0,"player_choice":"Healed","damage_taken":0,"max_hp_gain":0,"max_hp_loss":0,"event_name":"The Cleric","floor":14,"gold_loss":35},{"cards_removed":["Blizzard"],"damage_healed":0,"gold_gain":0,"player_choice":"Gave Gold","damage_taken":0,"max_hp_gain":0,"max_hp_loss":0,"event_name":"Beggar","floor":19,"gold_loss":75},{"cards_removed":["Injury"],"damage_healed":0,"gold_gain":0,"player_choice":"Removed Curses","damage_taken":0,"max_hp_gain":0,"max_hp_loss":0,"event_name":"Fountain of Cleansing","floor":20,"gold_loss":0}],"is_beta":false,"boss_relics":[{"not_picked":["Eternal Feather","Busted Crown"],"picked":"Coffee Dripper"}],"items_purged_floors":[],"is_endless":false,"potions_floor_spawned":[8,10,16,18],"killed_by":"Snake Plant","ascension_level":20}