{"gold_per_floor":[117,130,130,75,225,251,251,278,302,48,65,83,83,99,99,173,173,186,186,29,29,41,41,69,69,69,69],"floor_reached":27,"playtime":668,"items_purged":["Doubt"],"score":528,"play_id":"2332d451-97c3-4ac2-9a7d-c4152605d73c","local_time":"20190717145709","is_ascension_mode":true,"campfire_choices":[{"data":"Gash","floor":7,"key":"SMITH"},{"floor":15,"key":"REST"},{"floor":23,"key":"REST"}],"neow_cost":"NONE","seed_source_timestamp":534072955410927,"circlet_count":0,"master_deck":["AscendersBane","Strike_B","Strike_B","Defend_B","Defend_B","Defend_B","Defend_B","Zap+1","Dualcast","Leap","Conserve Battery","Sweeping Beam","Gash+1","Capacitor","Electrodynamics","Sunder","Static Discharge","Glacier","Hyperbeam","Ball Lightning","Loop","Blizzard+1","Thunder Strike","Undo"],"relics":["Cracked Core","NeowsBlessing","Ancient Tea Set","StoneCalendar","Juzu Bracelet","Velvet Choker","Nilry\u0027s Codex","Oddly Smooth Stone","Pen Nib","Prayer Wheel"],"potions_floor_usage":[8,16,24],"damage_taken":[{"damage":0,"enemies":"2 Louse","floor":1,"turns":1},{"damage":0,"enemies":"Small Slimes","floor":2,"turns":1},{"damage":0,"enemies":"3 Sentries","floor":6,"turns":2},{"damage":22,"enemies":"Lagavulin","floor":8,"turns":6},{"damage":7,"enemies":"Jaw Worm","floor":11,"turns":4},{"damage":24,"enemies":"Exordium Thugs","floor":12,"turns":5},{"damage":0,"enemies":"Exordium Wildlife","floor":14,"turns":2},{"damage":19,"enemies":"The Guardian","floor":16,"turns":11},{"damage":12,"enemies":"Spheric Guardian","floor":18,"turns":4},{"damage":10,"enemies":"3 Byrds","floor":22,"turns":3},{"damage":34,"enemies":"Gremlin Leader","floor":24,"turns":7},{"damage":11,"enemies":"3 Cultists","floor":27,"turns":3}],"seed_played":"4256818713595470509","potions_obtained":[{"floor":1,"key":"Fire Potion"},{"floor":2,"key":"AttackPotion"},{"floor":12,"key":"Swift Potion"}],"is_trial":false,"path_per_floor":["M","M","?","$","?","E","R","E","T","$","M","M","?","M","R","B",null,"M","?","$","?","M","R","E","?","T","M"],"character_chosen":"DEFECT","items_purchased":["Sweeping Beam","Electrodynamics","Oddly Smooth Stone"],"campfire_rested":2,"item_purchase_floors":[4,10,20],"current_hp_per_floor":[64,64,64,64,64,64,64,42,42,42,35,11,11,11,32,13,57,45,24,24,24,14,35,1,1,1,0],"gold":69,"neow_bonus":"THREE_ENEMY_KILL","is_prod":false,"is_daily":false,"chose_seed":false,"campfire_upgraded":1,"win_rate":0,"timestamp":1563400629,"path_taken":["M","M","?","$","?","E","R","E","T","$","M","M","?","M","R","BOSS","M","?","$","?","M","R","E","?","T","M"],"build_version":"2019-07-05","purchased_purges":1,"victory":false,"max_hp_per_floor":[71,71,71,71,71,71,71,71,71,71,71,71,71,71,71,71,71,71,71,71,71,71,71,71,71,71,71],"card_choices":[{"not_picked":["Barrage","BootSequence"],"picked":"Leap","floor":1},{"not_picked":["Compile Driver","Hologram"],"picked":"Conserve Battery","floor":2},{"not_picked":["Recycle","Barrage"],"picked":"Gash","floor":6},{"not_picked":["Reprogram","Streamline"],"picked":"Capacitor","floor":8},{"not_picked":["Sweeping Beam","Turbo"],"picked":"Sunder","floor":11},{"not_picked":["Turbo","Gash"],"picked":"Static Discharge","floor":12},{"not_picked":["All For One","Melter"],"picked":"Glacier","floor":14},{"not_picked":["Core Surge","Amplify"],"picked":"Hyperbeam","floor":16},{"not_picked":["Rebound","Go for the Eyes"],"picked":"Ball Lightning","floor":18},{"not_picked":["BootSequence","Doom and Gloom"],"picked":"Loop","floor":22},{"not_picked":["Ball Lightning","Heatsinks"],"picked":"Blizzard+1","floor":24}],"player_experience":682585,"relics_obtained":[{"floor":6,"key":"Ancient Tea Set"},{"floor":8,"key":"StoneCalendar"},{"floor":9,"key":"Juzu Bracelet"},{"floor":19,"key":"Nilry\u0027s Codex"},{"floor":24,"key":"Pen Nib"},{"floor":26,"key":"Prayer Wheel"}],"event_choices":[{"damage_healed":0,"gold_gain":0,"player_choice":"Grow","damage_taken":0,"max_hp_gain":0,"max_hp_loss":0,"event_name":"Living Wall","floor":3,"gold_loss":0,"cards_upgraded":["Zap"]},{"damage_healed":0,"gold_gain":150,"player_choice":"AGREE","damage_taken":0,"max_hp_gain":0,"max_hp_loss":0,"event_name":"Liars Game","floor":5,"gold_loss":0,"cards_obtained":["Doubt"]},{"damage_healed":0,"gold_gain":0,"player_choice":"Ignored","damage_taken":0,"max_hp_gain":0,"max_hp_loss":0,"event_name":"Shining Light","floor":13,"gold_loss":0},{"damage_healed":0,"gold_gain":0,"player_choice":"Obtained Book","damage_taken":21,"max_hp_gain":0,"max_hp_loss":0,"event_name":"Cursed Tome","floor":19,"gold_loss":0},{"damage_healed":0,"gold_gain":0,"player_choice":"0 cards matched","damage_taken":0,"max_hp_gain":0,"max_hp_loss":0,"event_name":"Match and Keep!","floor":21,"gold_loss":0,"cards_obtained":[]},{"damage_healed":0,"gold_gain":0,"cards_transformed":["Strike_B","Strike_B"],"player_choice":"Became Test Subject","damage_taken":0,"max_hp_gain":0,"max_hp_loss":0,"event_name":"Drug Dealer","floor":25,"gold_loss":0,"cards_obtained":["Thunder Strike","Undo"]}],"is_beta":false,"boss_relics":[{"not_picked":["Philosopher\u0027s Stone","White Beast Statue"],"picked":"Velvet Choker"}],"items_purged_floors":[10],"is_endless":false,"potions_floor_spawned":[1,2,12],"killed_by":"3 Cultists","ascension_level":20}