{"gold_per_floor":[112,187,187,202,222,247,247,280,307,307,357,386,397,408,408,485,485,497,497,1,18,18],"floor_reached":22,"playtime":734,"items_purged":[],"score":408,"play_id":"6e788fa5-eee9-4a0a-88fb-1dc110eb2f8d","local_time":"20191006183329","is_ascension_mode":true,"campfire_choices":[{"floor":7,"key":"REST"},{"floor":10,"key":"REST"},{"floor":15,"key":"REST"}],"neow_cost":"NONE","seed_source_timestamp":2222587082156499,"circlet_count":0,"master_deck":["AscendersBane","Strike_B","Strike_B","Defend_B","Defend_B","Defend_B","Defend_B","Zap","Dualcast","Ball Lightning","Gash","Beam Cell","Ball Lightning","Gash","Auto Shields","Gash","Capacitor","Creative AI","Cold Snap"],"relics":["Cracked Core","Smiling Mask","Centennial Puzzle","DataDisk","Anchor","Potion Belt","Snecko Eye","Tiny Chest","Mercury Hourglass"],"potions_floor_usage":[6,8,12,16,21],"damage_taken":[{"damage":4,"enemies":"Jaw Worm","floor":1,"turns":4},{"damage":0,"enemies":"Small Slimes","floor":4,"turns":2},{"damage":1,"enemies":"Cultist","floor":5,"turns":3},{"damage":39,"enemies":"Gremlin Nob","floor":6,"turns":4},{"damage":20,"enemies":"3 Sentries","floor":8,"turns":6},{"damage":8,"enemies":"Gremlin Nob","floor":12,"turns":3},{"damage":0,"enemies":"Blue Slaver","floor":13,"turns":2},{"damage":11,"enemies":"Exordium Thugs","floor":14,"turns":3},{"damage":18,"enemies":"Slime Boss","floor":16,"turns":7},{"damage":32,"enemies":"2 Thieves","floor":18,"turns":5},{"damage":19,"enemies":"Shell Parasite","floor":21,"turns":6},{"damage":22,"enemies":"Snecko","floor":22,"turns":3}],"seed_played":"4005584321865660005","potions_obtained":[{"floor":4,"key":"Fire Potion"},{"floor":6,"key":"Fire Potion"},{"floor":8,"key":"Fire Potion"},{"floor":12,"key":"Fire Potion"},{"floor":14,"key":"Dexterity Potion"},{"floor":18,"key":"PowerPotion"}],"is_trial":false,"path_per_floor":["M","?","?","M","M","E","R","E","T","R","?","E","M","M","R","B",null,"M","?","$","M","M"],"character_chosen":"DEFECT","items_purchased":["Tiny Chest","Mercury Hourglass","Regen Potion"],"campfire_rested":3,"item_purchase_floors":[20,20,20],"current_hp_per_floor":[60,49,49,49,48,9,30,10,10,31,31,23,23,12,33,15,57,25,25,25,21,0],"gold":18,"neow_bonus":"RANDOM_COMMON_RELIC","is_prod":false,"is_daily":false,"chose_seed":false,"campfire_upgraded":0,"win_rate":0,"timestamp":1570412009,"path_taken":["M","?","?","M","?","E","R","E","T","R","?","E","M","M","R","BOSS","M","?","$","?","M"],"build_version":"2019-07-17","purchased_purges":0,"victory":false,"max_hp_per_floor":[71,71,71,71,71,71,71,71,71,71,71,71,71,71,71,71,71,71,71,71,71,71],"card_choices":[{"not_picked":["Fusion","Hologram"],"picked":"Ball Lightning","floor":1},{"not_picked":["Leap","Chaos"],"picked":"Gash","floor":4},{"not_picked":["Fusion","Turbo"],"picked":"Beam Cell","floor":5},{"not_picked":["Rebound","Leap"],"picked":"Ball Lightning","floor":6},{"not_picked":["Turbo","Redo"],"picked":"Gash","floor":8},{"not_picked":["Redo","Compile Driver"],"picked":"Auto Shields","floor":12},{"not_picked":["Storm","Meteor Strike"],"picked":"Gash","floor":13},{"not_picked":["Coolheaded","Barrage"],"picked":"Capacitor","floor":14},{"not_picked":["Hyperbeam","Multi-Cast"],"picked":"Creative AI","floor":16},{"not_picked":["Sweeping Beam","Ball Lightning"],"picked":"Cold Snap","floor":18},{"not_picked":["Streamline","Cold Snap","Stack"],"picked":"SKIP","floor":21}],"player_experience":829268,"relics_obtained":[{"floor":6,"key":"Centennial Puzzle"},{"floor":8,"key":"DataDisk"},{"floor":9,"key":"Anchor"},{"floor":12,"key":"Potion Belt"}],"event_choices":[{"damage_healed":0,"gold_gain":75,"player_choice":"Gather Gold","damage_taken":11,"max_hp_gain":0,"max_hp_loss":0,"event_name":"World of Goop","floor":2,"gold_loss":0},{"cards_removed":["Strike_B"],"damage_healed":0,"gold_gain":0,"player_choice":"Offered Basic","damage_taken":0,"max_hp_gain":0,"max_hp_loss":0,"event_name":"Bonfire Elementals","floor":3,"gold_loss":0},{"damage_healed":0,"gold_gain":50,"player_choice":"Pray","damage_taken":0,"max_hp_gain":0,"max_hp_loss":0,"event_name":"Golden Shrine","floor":11,"gold_loss":0},{"cards_removed":["Strike_B"],"damage_healed":0,"gold_gain":0,"player_choice":"Card Removal","damage_taken":0,"max_hp_gain":0,"max_hp_loss":0,"event_name":"Wheel of Change","floor":19,"gold_loss":0}],"is_beta":false,"boss_relics":[{"not_picked":["Fusion Hammer","Coffee Dripper"],"picked":"Snecko Eye"}],"items_purged_floors":[],"is_endless":false,"potions_floor_spawned":[4,6,8,12,14,18],"killed_by":"Snecko","ascension_level":20}