{"gold_per_floor":[110,110,127,127,41,67,67,13,36,53,84,84,84,98,98,98],"floor_reached":16,"playtime":317,"items_purged":[],"score":266,"play_id":"4af1f210-aadc-43bc-9ea9-280cea6baaf0","local_time":"20190810220902","is_ascension_mode":true,"campfire_choices":[{"data":"Sunder","floor":7,"key":"SMITH"},{"data":"Buffer","floor":15,"key":"SMITH"}],"neow_cost":"NONE","seed_source_timestamp":768332348921400,"circlet_count":0,"master_deck":["AscendersBane","Strike_B","Strike_B","Strike_B","Defend_B+1","Defend_B","Defend_B+1","Defend_B","Zap","Dualcast","Leap","FTL","Sunder+1","Melter","Chill","Buffer+1","Capacitor"],"relics":["Cracked Core","NeowsBlessing","PreservedInsect","War Paint","Omamori","Emotion Chip","FaceOfCleric"],"potions_floor_usage":[16,16],"damage_taken":[{"damage":0,"enemies":"2 Louse","floor":1,"turns":1},{"damage":0,"enemies":"Small Slimes","floor":3,"turns":1},{"damage":0,"enemies":"Gremlin Nob","floor":6,"turns":1},{"damage":0,"enemies":"Cultist","floor":10,"turns":3},{"damage":5,"enemies":"3 Sentries","floor":11,"turns":5},{"damage":1,"enemies":"Gremlin Gang","floor":14,"turns":4},{"damage":46,"enemies":"Hexaghost","floor":16,"turns":10}],"seed_played":"8443686509507044946","potions_obtained":[{"floor":6,"key":"FearPotion"}],"is_trial":false,"path_per_floor":["M","?","M","?","$","E","R","$","T","M","E","?","?","M","R","B"],"character_chosen":"DEFECT","items_purchased":["Sunder","Block Potion"],"campfire_rested":0,"item_purchase_floors":[5,8],"current_hp_per_floor":[64,69,69,62,62,62,62,62,62,62,57,46,46,46,46,0],"gold":98,"neow_bonus":"THREE_ENEMY_KILL","is_prod":false,"is_daily":false,"chose_seed":false,"campfire_upgraded":2,"win_rate":0,"timestamp":1565500142,"path_taken":["M","?","M","?","$","E","R","$","T","M","E","?","?","M","R","BOSS"],"build_version":"2019-07-17","purchased_purges":0,"victory":false,"max_hp_per_floor":[71,76,76,76,76,76,76,76,76,76,76,76,76,77,77,77],"card_choices":[{"not_picked":["Compile Driver","Force Field"],"picked":"Leap","floor":1},{"not_picked":["Go for the Eyes","Hologram"],"picked":"FTL","floor":3},{"not_picked":["Consume","Stack"],"picked":"Melter","floor":6},{"not_picked":["Redo","Aggregate"],"picked":"Chill","floor":10},{"not_picked":["Sweeping Beam","Coolheaded"],"picked":"Buffer","floor":11},{"not_picked":["Skim","Go for the Eyes"],"picked":"Capacitor","floor":14}],"player_experience":722723,"relics_obtained":[{"floor":6,"key":"PreservedInsect"},{"floor":9,"key":"War Paint"},{"floor":11,"key":"Omamori"}],"event_choices":[{"damage_healed":0,"gold_gain":0,"player_choice":"Donut","damage_taken":0,"max_hp_gain":5,"max_hp_loss":0,"event_name":"Big Fish","floor":2,"gold_loss":0},{"cards_removed":["Strike_B"],"damage_healed":0,"gold_gain":0,"player_choice":"Card Removal","damage_taken":7,"max_hp_gain":0,"max_hp_loss":0,"event_name":"Golden Wing","floor":4,"gold_loss":0},{"damage_healed":0,"gold_gain":0,"player_choice":"Success","damage_taken":11,"relics_obtained":["Emotion Chip"],"max_hp_gain":0,"max_hp_loss":0,"event_name":"Scrap Ooze","floor":12,"gold_loss":0},{"damage_healed":0,"gold_gain":0,"player_choice":"Trade","damage_taken":0,"relics_obtained":["FaceOfCleric"],"max_hp_gain":0,"max_hp_loss":0,"event_name":"FaceTrader","floor":13,"gold_loss":0}],"is_beta":false,"boss_relics":[],"items_purged_floors":[],"is_endless":false,"potions_floor_spawned":[6,11],"killed_by":"Hexaghost","ascension_level":20}