{"gold_per_floor":[117,117,133,79,79,112,122,150,175,205],"floor_reached":10,"playtime":486,"items_purged":[],"score":202,"play_id":"64871176-e62d-4a06-b985-c0f0504cff43","local_time":"20191018123959","is_ascension_mode":true,"campfire_choices":[],"neow_cost":"NONE","seed_source_timestamp":503649360261400,"circlet_count":0,"master_deck":["AscendersBane","Strike_B","Strike_B","Strike_B","Defend_B","Defend_B","Defend_B","Defend_B","Zap","Dualcast","Sweeping Beam","Machine Learning","Cold Snap","Pain","Static Discharge","Barrage"],"relics":["Cracked Core","NeowsBlessing","WarpedTongs","Juzu Bracelet","Dream Catcher","Art of War"],"potions_floor_usage":[8],"damage_taken":[{"damage":0,"enemies":"Small Slimes","floor":1,"turns":1},{"damage":0,"enemies":"Cultist","floor":3,"turns":1},{"damage":0,"enemies":"Gremlin Nob","floor":6,"turns":1},{"damage":3,"enemies":"Jaw Worm","floor":7,"turns":3},{"damage":23,"enemies":"Lagavulin","floor":8,"turns":7},{"damage":52,"enemies":"Gremlin Nob","floor":10,"turns":4}],"seed_played":"8267617106855717538","potions_obtained":[],"is_trial":false,"path_per_floor":["M","?","M","$","?","E","M","E","T","?"],"character_chosen":"DEFECT","items_purchased":["AttackPotion"],"campfire_rested":0,"item_purchase_floors":[4],"current_hp_per_floor":[64,64,64,64,64,64,61,38,38,0],"gold":205,"neow_bonus":"THREE_ENEMY_KILL","is_prod":false,"is_daily":false,"chose_seed":false,"campfire_upgraded":0,"win_rate":0,"timestamp":1571427599,"path_taken":["M","?","?","?","?","E","M","E","T","?"],"build_version":"2019-07-17","purchased_purges":0,"victory":false,"max_hp_per_floor":[71,71,71,71,71,71,71,71,71,71],"card_choices":[{"not_picked":["Conserve Battery","Go for the Eyes"],"picked":"Sweeping Beam","floor":1},{"not_picked":["Scrape","Steam"],"picked":"Cold Snap","floor":3},{"not_picked":["White Noise","Cold Snap"],"picked":"Static Discharge","floor":6},{"not_picked":["White Noise","Turbo","Skim"],"picked":"SKIP","floor":7},{"not_picked":["Skim","BootSequence"],"picked":"Barrage","floor":8}],"player_experience":864104,"relics_obtained":[{"floor":6,"key":"Juzu Bracelet"},{"floor":8,"key":"Dream Catcher"},{"floor":9,"key":"Art of War"}],"event_choices":[{"damage_healed":0,"gold_gain":0,"cards_transformed":["Strike_B"],"player_choice":"Transformed","damage_taken":0,"max_hp_gain":0,"max_hp_loss":0,"event_name":"Transmorgrifier","floor":2,"gold_loss":0,"cards_obtained":["Machine Learning"]},{"damage_healed":0,"gold_gain":0,"player_choice":"Rummage","damage_taken":0,"relics_obtained":["WarpedTongs"],"max_hp_gain":0,"max_hp_loss":0,"event_name":"Accursed Blacksmith","floor":5,"gold_loss":0,"cards_obtained":["Pain"]},{"damage_healed":0,"gold_gain":30,"player_choice":"Searched \u00272\u0027 times","damage_taken":0,"max_hp_gain":0,"max_hp_loss":0,"event_name":"Dead Adventurer","floor":10,"gold_loss":0}],"is_beta":false,"boss_relics":[],"items_purged_floors":[],"is_endless":false,"potions_floor_spawned":[],"killed_by":"Gremlin Nob","ascension_level":20}