{"gold_per_floor":[116,116,127,147,93,125,125,159,234,253,253,277,293,324,324,397,397,416,428,262,177,177,177,212,212],"floor_reached":25,"playtime":1197,"items_purged":[],"score":528,"play_id":"9a19da61-25a7-46ca-b2e9-673cf0c56bf8","local_time":"20191013095121","is_ascension_mode":true,"campfire_choices":[{"data":"Barrage","floor":7,"key":"SMITH"},{"floor":11,"key":"REST"},{"floor":15,"key":"REST"},{"data":"Hologram","floor":23,"key":"SMITH"}],"neow_cost":"NONE","seed_source_timestamp":60791348061000,"circlet_count":0,"master_deck":["AscendersBane","Strike_B","Strike_B","Strike_B","Defend_B","Defend_B","Defend_B","Defend_B","Zap","Dualcast","Cold Snap","Hologram+1","Sweeping Beam","Barrage+1","Cold Snap","Conserve Battery+1","Auto Shields+1","Conserve Battery+1","Stack+1","Seek+1","Undo+1","Coolheaded+1","Echo Form","Reprogram+1","Capacitor+1"],"relics":["Cracked Core","NeowsBlessing","Pocketwatch","DataDisk","Ice Cream","Toxic Egg 2","Odd Mushroom","Regal Pillow","Cursed Key","Ornamental Fan","Question Card"],"potions_floor_usage":[6,16,24],"damage_taken":[{"damage":0,"enemies":"Jaw Worm","floor":1,"turns":1},{"damage":0,"enemies":"Cultist","floor":3,"turns":1},{"damage":0,"enemies":"Small Slimes","floor":4,"turns":1},{"damage":39,"enemies":"Lagavulin","floor":6,"turns":6},{"damage":6,"enemies":"3 Sentries","floor":8,"turns":5},{"damage":5,"enemies":"Blue Slaver","floor":10,"turns":3},{"damage":7,"enemies":"The Mushroom Lair","floor":12,"turns":4},{"damage":0,"enemies":"Large Slime","floor":13,"turns":5},{"damage":0,"enemies":"Lagavulin","floor":14,"turns":5},{"damage":12,"enemies":"The Guardian","floor":16,"turns":15},{"damage":0,"enemies":"Spheric Guardian","floor":18,"turns":5},{"damage":0,"enemies":"Chosen","floor":19,"turns":5},{"damage":56,"enemies":"Slavers","floor":24,"turns":10},{"damage":12,"enemies":"Centurion and Healer","floor":25,"turns":1}],"seed_played":"-2194856342321399773","potions_obtained":[{"floor":1,"key":"Poison Potion"},{"floor":4,"key":"SmokeBomb"},{"floor":8,"key":"Ancient Potion"},{"floor":14,"key":"PowerPotion"},{"floor":19,"key":"Explosive Potion"}],"is_trial":false,"path_per_floor":["M","?","M","M","$","E","R","E","T","M","R","?","M","E","R","B",null,"M","M","$","?","?","R","E","M"],"character_chosen":"DEFECT","items_purchased":["Sweeping Beam","Echo Form"],"campfire_rested":2,"item_purchase_floors":[5,20],"current_hp_per_floor":[64,64,64,64,64,25,25,19,19,14,35,28,28,28,64,52,66,66,66,66,66,66,66,10,0],"gold":212,"neow_bonus":"THREE_ENEMY_KILL","is_prod":false,"is_daily":false,"chose_seed":false,"campfire_upgraded":2,"win_rate":0,"timestamp":1570985481,"path_taken":["M","?","?","?","$","E","R","E","T","M","R","?","M","E","R","BOSS","M","M","$","?","?","R","E","?"],"build_version":"2019-07-17","purchased_purges":0,"victory":false,"max_hp_per_floor":[71,71,71,71,71,71,71,71,71,71,71,71,71,71,71,71,71,71,71,71,71,71,71,71,71],"card_choices":[{"not_picked":["Fusion","Redo"],"picked":"Melter","floor":1},{"not_picked":["Compile Driver","Redo"],"picked":"Cold Snap","floor":3},{"not_picked":["Recycle","Reinforced Body"],"picked":"Hologram","floor":4},{"not_picked":["Beam Cell","Steam"],"picked":"Barrage","floor":6},{"not_picked":["Barrage","Sweeping Beam"],"picked":"Cold Snap","floor":8},{"not_picked":["FTL","Sweeping Beam"],"picked":"Conserve Battery+1","floor":10},{"not_picked":["Ball Lightning","Hyperbeam"],"picked":"Auto Shields+1","floor":12},{"not_picked":["Heatsinks","Go for the Eyes"],"picked":"Conserve Battery+1","floor":13},{"not_picked":["Compile Driver","Reinforced Body+1"],"picked":"Stack+1","floor":14},{"not_picked":["Thunder Strike","Rainbow+1"],"picked":"Seek+1","floor":16},{"not_picked":["Redo+1","BootSequence+1"],"picked":"Undo+1","floor":18},{"not_picked":["Rebound","Undo+1"],"picked":"Coolheaded+1","floor":19},{"not_picked":["Heatsinks","Steam+1"],"picked":"Capacitor+1","floor":24}],"player_experience":850250,"relics_obtained":[{"floor":6,"key":"DataDisk"},{"floor":8,"key":"Ice Cream"},{"floor":9,"key":"Toxic Egg 2"},{"floor":12,"key":"Odd Mushroom"},{"floor":14,"key":"Regal Pillow"},{"floor":24,"key":"Question Card"}],"event_choices":[{"cards_removed":["Melter"],"damage_healed":0,"gold_gain":0,"player_choice":"Gave Card","damage_taken":0,"relics_obtained":["Pocketwatch"],"max_hp_gain":0,"max_hp_loss":0,"event_name":"WeMeetAgain","floor":2,"gold_loss":0},{"damage_healed":0,"gold_gain":0,"player_choice":"Fought Mushrooms","damage_taken":0,"max_hp_gain":0,"max_hp_loss":0,"event_name":"Mushrooms","floor":12,"gold_loss":0},{"damage_healed":0,"gold_gain":0,"player_choice":"Obtained Relic","damage_taken":0,"relics_obtained":["Ornamental Fan"],"max_hp_gain":0,"max_hp_loss":0,"event_name":"Addict","floor":21,"gold_loss":85},{"damage_healed":0,"gold_gain":0,"cards_transformed":["Strike_B"],"player_choice":"Transformed","damage_taken":0,"max_hp_gain":0,"max_hp_loss":0,"event_name":"Transmorgrifier","floor":22,"gold_loss":0,"cards_obtained":["Reprogram"]}],"is_beta":false,"boss_relics":[{"not_picked":["Coffee Dripper","White Beast Statue"],"picked":"Cursed Key"}],"items_purged_floors":[],"is_endless":false,"potions_floor_spawned":[1,4,8,13,14,19],"killed_by":"Centurion and Healer","ascension_level":20}