{"gold_per_floor":[109,109,126,143,162,162,175,175,200,200,200,228,228,25,25,97,97,111,111,131,53,72,72,72,72,97,97,22,37,56,75,75,152,152,166,12,22,0,17,17,36,36,36,36,36,48,68,88,88,88],"floor_reached":50,"playtime":1928,"items_purged":[],"score":806,"play_id":"20ead906-e6c7-4d76-a433-8b95369a8a5b","local_time":"20191026235837","is_ascension_mode":true,"campfire_choices":[{"data":"Echo Form","floor":6.0,"key":"SMITH"},{"data":"Machine Learning","floor":8.0,"key":"SMITH"},{"data":"Zap","floor":10.0,"key":"SMITH"},{"data":"Dualcast","floor":13.0,"key":"SMITH"},{"data":"Cold Snap","floor":15.0,"key":"SMITH"},{"data":"Capacitor","floor":23.0,"key":"SMITH"},{"floor":25.0,"key":"REST"},{"data":"Ball Lightning","floor":27.0,"key":"SMITH"},{"floor":32.0,"key":"REST"},{"floor":40.0,"key":"REST"},{"floor":45.0,"key":"REST"},{"floor":49.0,"key":"REST"}],"neow_cost":"NONE","seed_source_timestamp":52255246919400,"circlet_count":0,"master_deck":["AscendersBane","Strike_B","Defend_B","Defend_B","Defend_B","Defend_B","Zap+1","Dualcast+1","Echo Form+1","Cold Snap+1","Machine Learning+1","Ball Lightning+1","Electrodynamics","Capacitor+1","Biased Cognition","Chill","Conserve Battery","Coolheaded","Capacitor","Cold Snap+1"],"special_seed":0,"relics":["FrozenCore","Strawberry","Bronze Scales","Medical Kit","FaceOfCleric","MutagenicStrength","Vajra","Sozu","Omamori","Red Mask","Meat on the Bone"],"potions_floor_usage":[],"damage_taken":[{"damage":8.0,"enemies":"Jaw Worm","floor":1.0,"turns":4.0},{"damage":3.0,"enemies":"Cultist","floor":3.0,"turns":4.0},{"damage":0.0,"enemies":"Small Slimes","floor":4.0,"turns":3.0},{"damage":1.0,"enemies":"Exordium Wildlife","floor":5.0,"turns":3.0},{"damage":5.0,"enemies":"Blue Slaver","floor":7.0,"turns":5.0},{"damage":12.0,"enemies":"Gremlin Nob","floor":12.0,"turns":5.0},{"damage":35.0,"enemies":"Slime Boss","floor":16.0,"turns":8.0},{"damage":5.0,"enemies":"3 Byrds","floor":18.0,"turns":2.0},{"damage":13.0,"enemies":"Spheric Guardian","floor":20.0,"turns":3.0},{"damage":3.0,"enemies":"Centurion and Healer","floor":22.0,"turns":6.0},{"damage":8.0,"enemies":"3 Cultists","floor":29.0,"turns":3.0},{"damage":26.0,"enemies":"Snake Plant","floor":30.0,"turns":4.0},{"damage":14.0,"enemies":"Shelled Parasite and Fungi","floor":31.0,"turns":5.0},{"damage":36.0,"enemies":"Collector","floor":33.0,"turns":11.0},{"damage":4.0,"enemies":"3 Shapes","floor":35.0,"turns":6.0},{"damage":5.0,"enemies":"Orb Walker","floor":37.0,"turns":4.0},{"damage":34.0,"enemies":"4 Shapes","floor":39.0,"turns":4.0},{"damage":20.0,"enemies":"Spire Growth","floor":41.0,"turns":6.0},{"damage":8.0,"enemies":"Jaw Worm Horde","floor":46.0,"turns":4.0},{"damage":26.0,"enemies":"3 Darklings","floor":47.0,"turns":5.0},{"damage":21.0,"enemies":"Maw","floor":48.0,"turns":8.0},{"damage":70,"enemies":"Awakened One","floor":50,"turns":8}],"seed_played":"-6923976401265466781","potions_obtained":[{"floor":3.0,"key":"Block Potion"},{"floor":4.0,"key":"Fire Potion"},{"floor":7.0,"key":"Swift Potion"},{"floor":18.0,"key":"SteroidPotion"},{"floor":22.0,"key":"SpeedPotion"},{"floor":30.0,"key":"Weak Potion"}],"is_trial":false,"path_per_floor":["M","?","M","M","M","R","M","R","T","R","?","E","R","$","R","B",null,"M","?","M","$","M","R","?","R","T","R","?","M","M","M","R","B",null,"M","$","M","?","M","R","M","$","T","?","R","M","M","M","R","B"],"character_chosen":"DEFECT","items_purchased":["Medical Kit","Ball Lightning","Capacitor","Omamori"],"campfire_rested":5,"item_purchase_floors":[14,14,21,36],"current_hp_per_floor":[56,56,53,53,52,52,47,47,54,54,54,42,42,42,42,7,60,55,55,43,43,41,41,41,65,65,65,65,58,33,20,44,9,65,62,62,58,58,25,51,32,32,32,32,58,51,38,30,57,0],"gold":88,"neow_bonus":"ONE_RANDOM_RARE_CARD","is_prod":false,"is_daily":false,"chose_seed":false,"campfire_upgraded":7,"win_rate":0,"timestamp":1572127117,"path_taken":["M","?","M","?","M","R","M","R","T","R","?","E","R","?","R","BOSS","M","?","?","$","M","R","?","R","T","R","?","M","M","M","R","BOSS","M","$","M","?","M","R","M","$","T","?","R","M","?","M","R","BOSS"],"build_version":"2019-10-25-V3","purchased_purges":0,"victory":false,"max_hp_per_floor":[71,71,71,71,71,71,71,71,78,78,78,78,78,78,78,78,78,78,78,79,79,80,80,80,80,80,80,80,81,82,83,83,84,84,85,85,86,86,87,87,88,88,88,88,88,89,90,91,91,91],"card_choices":[{"not_picked":["Compile Driver","Barrage"],"picked":"Cold Snap","floor":1.0},{"not_picked":["Compile Driver","Self Repair","Melter"],"picked":"SKIP","floor":3.0},{"not_picked":["Beam Cell","Turbo","Gash"],"picked":"SKIP","floor":4.0},{"not_picked":["Rebound","Sweeping Beam"],"picked":"Machine Learning","floor":5.0},{"not_picked":["Darkness","Steam","Redo"],"picked":"SKIP","floor":7.0},{"not_picked":["Steam Power","Turbo","Streamline"],"picked":"SKIP","floor":12.0},{"not_picked":["Reboot","Buffer"],"picked":"Electrodynamics","floor":16.0},{"not_picked":["Steam Power","Steam","Blizzard"],"picked":"SKIP","floor":18.0},{"not_picked":["Conserve Battery","Gash","Force Field"],"picked":"SKIP","floor":20.0},{"not_picked":["Hologram","Scrape","Turbo"],"picked":"SKIP","floor":22.0},{"not_picked":["Gash+1","Compile Driver","Rebound"],"picked":"SKIP","floor":29.0},{"not_picked":["Electrodynamics","Stack","Conserve Battery"],"picked":"SKIP","floor":30.0},{"not_picked":["Stack","Sweeping Beam","Melter"],"picked":"SKIP","floor":31.0},{"not_picked":["All For One","Machine Learning"],"picked":"Biased Cognition","floor":33.0},{"not_picked":["Reprogram+1","Leap","Redo+1"],"picked":"SKIP","floor":35.0},{"not_picked":["Consume","Turbo","Beam Cell"],"picked":"SKIP","floor":37.0},{"not_picked":["Sweeping Beam","Gash"],"picked":"Chill","floor":39.0},{"not_picked":["Blizzard","Gash+1"],"picked":"Conserve Battery","floor":41.0},{"not_picked":["Double Energy","Beam Cell"],"picked":"Capacitor","floor":46.0},{"not_picked":["Hello World","Hologram","Tempest"],"picked":"SKIP","floor":47.0},{"not_picked":["Creative AI","Compile Driver"],"picked":"Cold Snap+1","floor":48.0}],"player_experience":558374,"relics_obtained":[{"floor":9.0,"key":"Strawberry"},{"floor":12.0,"key":"Bronze Scales"},{"floor":26.0,"key":"Vajra"},{"floor":43.0,"key":"Meat on the Bone"}],"event_choices":[{"cards_removed":["Strike_B"],"damage_healed":0.0,"max_hp_gain":0.0,"max_hp_loss":0.0,"gold_gain":0.0,"event_name":"Purifier","player_choice":"Purged","floor":2.0,"gold_loss":0.0,"damage_taken":0.0},{"damage_healed":0.0,"max_hp_gain":0.0,"max_hp_loss":0.0,"gold_gain":0.0,"event_name":"Golden Idol","player_choice":"Ignored","floor":11.0,"gold_loss":0.0,"damage_taken":0.0},{"damage_healed":0.0,"max_hp_gain":0.0,"max_hp_loss":0.0,"gold_gain":0.0,"event_name":"FaceTrader","player_choice":"Trade","floor":19.0,"gold_loss":0.0,"damage_taken":0.0,"relics_obtained":["FaceOfCleric"]},{"damage_healed":0.0,"max_hp_gain":0.0,"max_hp_loss":0.0,"gold_gain":0.0,"event_name":"Drug Dealer","player_choice":"Inject Mutagens","floor":24.0,"gold_loss":0.0,"damage_taken":0.0,"relics_obtained":["MutagenicStrength"]},{"cards_removed":["Strike_B"],"damage_healed":0.0,"max_hp_gain":0.0,"max_hp_loss":0.0,"gold_gain":0.0,"event_name":"Beggar","player_choice":"Gave Gold","floor":28.0,"gold_loss":75.0,"damage_taken":0.0},{"damage_healed":0.0,"max_hp_gain":0.0,"max_hp_loss":0.0,"gold_gain":0.0,"event_name":"Tomb of Lord Red Mask","player_choice":"Paid","floor":38.0,"gold_loss":22.0,"damage_taken":0.0,"relics_obtained":["Red Mask"]},{"damage_healed":0.0,"max_hp_gain":0.0,"max_hp_loss":0.0,"gold_gain":0.0,"cards_transformed":["Strike_B"],"event_name":"Transmorgrifier","player_choice":"Transformed","floor":44.0,"gold_loss":0.0,"damage_taken":0.0,"cards_obtained":["Coolheaded"]}],"is_beta":true,"boss_relics":[{"not_picked":["Cursed Key","Velvet Choker"],"picked":"FrozenCore"},{"not_picked":["Busted Crown","Runic Dome"],"picked":"Sozu"}],"items_purged_floors":[],"is_endless":false,"potions_floor_spawned":[3,4,7,18,22,30,41,46,48],"killed_by":"Awakened One","ascension_level":15}