{"gold_per_floor":[116,127,143,162,162,162,189,209,263,263,279,309,309,325,325,403,403,423,423,423,435,199,199],"floor_reached":23,"playtime":919,"items_purged":["Strike_B"],"score":406,"play_id":"e7edbe03-e59f-4213-bd2b-608fcce0a9d3","local_time":"20191009192111","is_ascension_mode":true,"campfire_choices":[{"data":"Loop","floor":6,"key":"SMITH"},{"data":"Capacitor","floor":10,"key":"SMITH"},{"data":"Coolheaded","floor":15,"key":"SMITH"}],"neow_cost":"NONE","seed_source_timestamp":2484463371925500,"circlet_count":0,"master_deck":["AscendersBane","Strike_B","Defend_B","Defend_B","Defend_B","Defend_B","Zap","Dualcast","Ball Lightning","Self Repair","Loop+1","Cold Snap","Coolheaded+1","Capacitor+1","Self Repair","Coolheaded","Meteor Strike","Hologram+1","All For One","Genetic Algorithm"],"relics":["Cracked Core","Orichalcum","Lantern","Bottled Tornado","Bronze Scales","Regal Pillow","Strawberry","Inserter","Oddly Smooth Stone"],"potions_floor_usage":[16,16,23],"damage_taken":[{"damage":4,"enemies":"Small Slimes","floor":1,"turns":3},{"damage":0,"enemies":"Cultist","floor":2,"turns":3},{"damage":3,"enemies":"Jaw Worm","floor":3,"turns":3},{"damage":9,"enemies":"Blue Slaver","floor":4,"turns":3},{"damage":17,"enemies":"Lagavulin","floor":7,"turns":5},{"damage":6,"enemies":"3 Louse","floor":8,"turns":3},{"damage":4,"enemies":"Looter","floor":11,"turns":3},{"damage":23,"enemies":"Gremlin Nob","floor":12,"turns":4},{"damage":8,"enemies":"Blue Slaver","floor":14,"turns":3},{"damage":16,"enemies":"Slime Boss","floor":16,"turns":9},{"damage":10,"enemies":"3 Byrds","floor":18,"turns":3},{"damage":22,"enemies":"Spheric Guardian","floor":21,"turns":5},{"damage":68,"enemies":"Gremlin Leader","floor":23,"turns":10}],"seed_played":"-6796715440375324896","potions_obtained":[{"floor":7,"key":"Fire Potion"},{"floor":8,"key":"Block Potion"},{"floor":21,"key":"FocusPotion"}],"is_trial":false,"path_per_floor":["M","M","M","M","?","R","E","M","T","R","M","E","?","M","R","B",null,"M","?","?","M","$","E"],"character_chosen":"DEFECT","items_purchased":["Oddly Smooth Stone"],"campfire_rested":0,"item_purchase_floors":[22],"current_hp_per_floor":[60,60,64,62,62,62,52,53,53,53,56,40,47,53,53,51,71,75,75,75,67,67,0],"gold":199,"neow_bonus":"RANDOM_COMMON_RELIC","is_prod":false,"is_daily":false,"chose_seed":false,"campfire_upgraded":3,"win_rate":0,"timestamp":1570674071,"path_taken":["M","M","M","M","?","R","E","?","T","R","M","E","?","M","R","BOSS","M","?","?","M","$","E"],"build_version":"2019-07-17","purchased_purges":1,"victory":false,"max_hp_per_floor":[71,71,71,71,71,71,71,71,71,71,71,71,78,78,78,78,78,78,78,78,78,78,78],"card_choices":[{"not_picked":["Beam Cell","Sunder"],"picked":"Ball Lightning","floor":1},{"not_picked":["Reprogram","Leap"],"picked":"Self Repair","floor":2},{"not_picked":["Rebound","BootSequence"],"picked":"Loop","floor":3},{"not_picked":["Fusion","Barrage"],"picked":"Cold Snap","floor":4},{"not_picked":["Go for the Eyes","Machine Learning"],"picked":"Coolheaded","floor":7},{"not_picked":["Chill","Redo"],"picked":"Capacitor","floor":8},{"not_picked":["Streamline","Reprogram","Rip and Tear"],"picked":"SKIP","floor":11},{"not_picked":["Heatsinks","Compile Driver"],"picked":"Self Repair","floor":12},{"not_picked":["Stack","Rebound"],"picked":"Coolheaded","floor":14},{"not_picked":["Reboot","Thunder Strike"],"picked":"Meteor Strike","floor":16},{"not_picked":["Gash","Skim"],"picked":"Hologram+1","floor":18},{"not_picked":["Turbo","Rip and Tear","Force Field"],"picked":"SKIP","floor":21}],"player_experience":837152,"relics_obtained":[{"floor":5,"key":"Lantern"},{"floor":7,"key":"Bottled Tornado"},{"floor":9,"key":"Bronze Scales"},{"floor":12,"key":"Regal Pillow"}],"event_choices":[{"damage_healed":0,"gold_gain":0,"player_choice":"Relic","damage_taken":0,"max_hp_gain":0,"max_hp_loss":0,"event_name":"Wheel of Change","floor":5,"gold_loss":0},{"damage_healed":0,"gold_gain":0,"player_choice":"Searched \u00271\u0027 times","damage_taken":0,"relics_obtained":["Strawberry"],"max_hp_gain":0,"max_hp_loss":0,"event_name":"Dead Adventurer","floor":13,"gold_loss":0},{"damage_healed":0,"gold_gain":0,"cards_transformed":["Strike_B","Strike_B"],"player_choice":"Became Test Subject","damage_taken":0,"max_hp_gain":0,"max_hp_loss":0,"event_name":"Drug Dealer","floor":19,"gold_loss":0,"cards_obtained":["All For One","Genetic Algorithm"]},{"damage_healed":0,"gold_gain":0,"player_choice":"Ignored","damage_taken":0,"max_hp_gain":0,"max_hp_loss":0,"event_name":"Vampires","floor":20,"gold_loss":0}],"is_beta":false,"boss_relics":[{"not_picked":["Busted Crown","Pandora\u0027s Box"],"picked":"Inserter"}],"items_purged_floors":[22],"is_endless":false,"potions_floor_spawned":[7,8,12,14,21],"killed_by":"Gremlin Leader","ascension_level":20}