{"gold_per_floor":[113,124,124,68,68,111,135,178,178,196,246,287,312,312,312,312],"floor_reached":16,"playtime":697,"items_purged":[],"score":240,"play_id":"eb33a5d2-998b-4240-bdde-2177f9834c39","local_time":"20191006182103","is_ascension_mode":true,"campfire_choices":[{"floor":15,"key":"REST"}],"neow_cost":"NONE","seed_source_timestamp":2221878423110300,"circlet_count":0,"master_deck":["AscendersBane","Strike_B","Strike_B","Strike_B","Strike_B","Defend_B","Defend_B","Defend_B","Defend_B","Zap","Dualcast","Ball Lightning","Injury","Rainbow","Barrage","Recycle","Buffer","Defragment"],"relics":["Snecko Eye","Du-Vu Doll","Golden Idol","Pear","Blood Vial","Singing Bowl","WingedGreaves"],"potions_floor_usage":[6,12,12],"damage_taken":[{"damage":0,"enemies":"2 Louse","floor":1,"turns":3},{"damage":7,"enemies":"Cultist","floor":2,"turns":4},{"damage":30,"enemies":"3 Sentries","floor":6,"turns":6},{"damage":12,"enemies":"Small Slimes","floor":7,"turns":5},{"damage":5,"enemies":"Lagavulin","floor":8,"turns":4},{"damage":2,"enemies":"2 Fungi Beasts","floor":10,"turns":3},{"damage":1,"enemies":"3 Sentries","floor":12,"turns":9},{"damage":16,"enemies":"Lots of Slimes","floor":13,"turns":4},{"damage":34,"enemies":"Slime Boss","floor":16,"turns":8}],"seed_played":"-3775308206320342760","potions_obtained":[{"floor":6,"key":"EssenceOfSteel"},{"floor":7,"key":"Block Potion"},{"floor":12,"key":"SpeedPotion"},{"floor":13,"key":"LiquidBronze"}],"is_trial":false,"path_per_floor":["M","M","?","$","?","E","M","E","T","M","?","E","M","?","R","B"],"character_chosen":"DEFECT","items_purchased":["Fire Potion"],"campfire_rested":1,"item_purchase_floors":[4],"current_hp_per_floor":[64,57,57,57,57,37,25,20,20,20,20,23,9,4,28,0],"gold":312,"neow_bonus":"BOSS_RELIC","is_prod":false,"is_daily":false,"chose_seed":false,"campfire_upgraded":0,"win_rate":0,"timestamp":1570411263,"path_taken":["M","M","?","?","?","E","M","E","T","M","?","E","?","?","R","BOSS"],"build_version":"2019-07-17","purchased_purges":0,"victory":false,"max_hp_per_floor":[71,71,71,71,71,81,81,81,81,81,81,83,83,83,83,83],"card_choices":[{"not_picked":["Conserve Battery","Turbo"],"picked":"Ball Lightning","floor":1},{"not_picked":["Rainbow","Hologram"],"picked":"Conserve Battery","floor":2},{"not_picked":["Beam Cell","Gash"],"picked":"Rainbow","floor":6},{"not_picked":["Coolheaded","Skim"],"picked":"Barrage","floor":7},{"not_picked":["Melter","Compile Driver"],"picked":"Recycle","floor":8},{"not_picked":["Hologram","Force Field"],"picked":"Buffer","floor":10},{"not_picked":["Rebound","Barrage","Redo"],"picked":"Singing Bowl","floor":12},{"not_picked":["Barrage","Leap"],"picked":"Defragment","floor":13}],"player_experience":828571,"relics_obtained":[{"floor":6,"key":"Pear"},{"floor":8,"key":"Blood Vial"},{"floor":9,"key":"Singing Bowl"},{"floor":12,"key":"WingedGreaves"}],"event_choices":[{"cards_removed":["Conserve Battery"],"damage_healed":0,"gold_gain":0,"player_choice":"Gave Card","damage_taken":0,"relics_obtained":["Du-Vu Doll"],"max_hp_gain":0,"max_hp_loss":0,"event_name":"WeMeetAgain","floor":3,"gold_loss":0},{"damage_healed":0,"gold_gain":0,"player_choice":"Take Wound","damage_taken":0,"relics_obtained":["Golden Idol"],"max_hp_gain":0,"max_hp_loss":0,"event_name":"Golden Idol","floor":5,"gold_loss":0,"cards_obtained":["Injury"]},{"damage_healed":0,"gold_gain":50,"player_choice":"Pray","damage_taken":0,"max_hp_gain":0,"max_hp_loss":0,"event_name":"Golden Shrine","floor":11,"gold_loss":0},{"damage_healed":0,"gold_gain":0,"player_choice":"Fled","damage_taken":5,"max_hp_gain":0,"max_hp_loss":0,"event_name":"Scrap Ooze","floor":14,"gold_loss":0}],"is_beta":false,"boss_relics":[],"items_purged_floors":[],"is_endless":false,"potions_floor_spawned":[6,7,12,13],"killed_by":"Slime Boss","ascension_level":20}