{"gold_per_floor":[110,128,77,52,69,69,97,108,181,191,104,104,123,143,143,218,218,231,231,245,261,261,261,261],"floor_reached":24,"playtime":1293,"items_purged":["Strike_B"],"score":500,"play_id":"4592e596-2f76-4a75-b6d0-c88453cc8a0b","local_time":"20190717143452","is_ascension_mode":true,"campfire_choices":[{"data":"Defragment","floor":6,"key":"SMITH"},{"floor":12,"key":"REST"},{"data":"Recycle","floor":15,"key":"SMITH"},{"floor":23,"key":"REST"}],"neow_cost":"NONE","seed_source_timestamp":532109017969396,"circlet_count":0,"master_deck":["AscendersBane","Strike_B","Defend_B","Defend_B","Defend_B","Defend_B","Zap","Dualcast","Recycle+1","Defragment+1","Go for the Eyes","Gash","Coolheaded","Echo Form","Cold Snap","Auto Shields","Compile Driver","Capacitor+1","Core Surge","Double Energy","Ghostly","Ghostly","Ghostly","Cold Snap","Sunder","Reinforced Body"],"relics":["Runic Pyramid","Thread and Needle","Smiling Mask","Frozen Egg 2","Runic Dome"],"potions_floor_usage":[8,10],"damage_taken":[{"damage":4,"enemies":"Small Slimes","floor":1,"turns":5},{"damage":1,"enemies":"Cultist","floor":2,"turns":4},{"damage":0,"enemies":"Jaw Worm","floor":5,"turns":5},{"damage":48,"enemies":"3 Sentries","floor":7,"turns":11},{"damage":0,"enemies":"Exordium Wildlife","floor":8,"turns":5},{"damage":3,"enemies":"2 Fungi Beasts","floor":10,"turns":4},{"damage":1,"enemies":"Lots of Slimes","floor":13,"turns":6},{"damage":0,"enemies":"Blue Slaver","floor":14,"turns":4},{"damage":0,"enemies":"Hexaghost","floor":16,"turns":11},{"damage":22,"enemies":"2 Thieves","floor":18,"turns":5},{"damage":17,"enemies":"3 Byrds","floor":20,"turns":8},{"damage":14,"enemies":"3 Cultists","floor":21,"turns":8},{"damage":18,"enemies":"Gremlin Leader","floor":24,"turns":12}],"seed_played":"4253189880978643098","potions_obtained":[{"floor":7,"key":"SkillPotion"},{"floor":8,"key":"Swift Potion"}],"is_trial":false,"path_per_floor":["M","M","?","$","M","R","E","M","T","M","$","R","M","M","R","B",null,"M","?","M","M","?","R","E"],"character_chosen":"DEFECT","items_purchased":["Go for the Eyes","Auto Shields"],"campfire_rested":2,"item_purchase_floors":[4,11],"current_hp_per_floor":[60,59,59,59,59,59,11,11,11,8,8,29,28,28,28,28,60,38,35,18,4,4,14,0],"gold":261,"neow_bonus":"BOSS_RELIC","is_prod":false,"is_daily":false,"chose_seed":false,"campfire_upgraded":2,"win_rate":0,"timestamp":1563399292,"path_taken":["M","M","?","?","M","R","E","M","T","M","$","R","M","?","R","BOSS","M","?","M","M","?","R","E"],"build_version":"2019-07-05","purchased_purges":1,"victory":false,"max_hp_per_floor":[71,71,71,71,71,71,71,71,71,71,71,71,71,71,71,71,71,71,35,35,35,35,35,35],"card_choices":[{"not_picked":["Rebound","Loop"],"picked":"Recycle","floor":1},{"not_picked":["Cold Snap","Consume"],"picked":"Defragment","floor":2},{"not_picked":["Coolheaded","Reinforced Body"],"picked":"Gash","floor":5},{"not_picked":["Compile Driver","Redo"],"picked":"Coolheaded","floor":7},{"not_picked":["Barrage","Ball Lightning"],"picked":"Echo Form","floor":8},{"not_picked":["Darkness","Steam Power"],"picked":"Cold Snap","floor":10},{"not_picked":["Scrape","Steam Power"],"picked":"Compile Driver","floor":13},{"not_picked":["Melter","Hologram"],"picked":"Capacitor+1","floor":14},{"not_picked":["Amplify","Meteor Strike"],"picked":"Core Surge","floor":16},{"not_picked":["Consume","Cold Snap"],"picked":"Double Energy","floor":18},{"not_picked":["Blizzard","Barrage"],"picked":"Cold Snap","floor":20},{"not_picked":["Rebound","Storm+1","Barrage"],"picked":"SKIP","floor":21}],"player_experience":680661,"relics_obtained":[{"floor":7,"key":"Smiling Mask"},{"floor":9,"key":"Frozen Egg 2"}],"event_choices":[{"damage_healed":0,"gold_gain":0,"player_choice":"Paid Gold","damage_taken":0,"relics_obtained":["Thread and Needle"],"max_hp_gain":0,"max_hp_loss":0,"event_name":"WeMeetAgain","floor":3,"gold_loss":51},{"damage_healed":0,"gold_gain":0,"player_choice":"Became a Ghost","damage_taken":0,"max_hp_gain":0,"max_hp_loss":36,"event_name":"Ghosts","floor":19,"gold_loss":0,"cards_obtained":["Ghostly","Ghostly","Ghostly"]},{"damage_healed":0,"gold_gain":0,"cards_transformed":["Strike_B","Strike_B"],"player_choice":"Became Test Subject","damage_taken":0,"max_hp_gain":0,"max_hp_loss":0,"event_name":"Drug Dealer","floor":22,"gold_loss":0,"cards_obtained":["Sunder","Reinforced Body"]}],"is_beta":false,"boss_relics":[{"not_picked":["Snecko Eye","Pandora\u0027s Box"],"picked":"Runic Dome"}],"items_purged_floors":[11],"is_endless":false,"potions_floor_spawned":[7,8],"killed_by":"Gremlin Leader","ascension_level":20}