{"gold_per_floor":[116,116,136,49,69,69,96,96,171,185,244,244],"floor_reached":12,"playtime":586,"items_purged":[],"score":156,"play_id":"5ff4125f-cf94-4dfc-ba80-c8bf77f5196e","local_time":"20191018125516","is_ascension_mode":true,"campfire_choices":[{"data":"Sweeping Beam","floor":6,"key":"SMITH"},{"data":"FTL","floor":8,"key":"SMITH"}],"neow_cost":"NONE","seed_source_timestamp":504468511854000,"circlet_count":0,"master_deck":["AscendersBane","Strike_B","Strike_B","Strike_B","Defend_B","Defend_B","Defend_B","Defend_B","Zap","Dualcast","Sweeping Beam+1","Conserve Battery","FTL+1","Hologram","Doom and Gloom","Conserve Battery"],"relics":["Cracked Core","NeowsBlessing","Strawberry"],"potions_floor_usage":[7],"damage_taken":[{"damage":0,"enemies":"Small Slimes","floor":1,"turns":1},{"damage":0,"enemies":"Cultist","floor":3,"turns":1},{"damage":0,"enemies":"2 Louse","floor":5,"turns":1},{"damage":41,"enemies":"Gremlin Nob","floor":7,"turns":4},{"damage":0,"enemies":"Exordium Wildlife","floor":10,"turns":3},{"damage":33,"enemies":"Lagavulin","floor":12,"turns":5}],"seed_played":"-8779734680111056965","potions_obtained":[{"floor":5,"key":"FocusPotion"},{"floor":10,"key":"SpeedPotion"}],"is_trial":false,"path_per_floor":["M","?","M","$","M","R","E","R","T","M","?","E"],"character_chosen":"DEFECT","items_purchased":["FTL"],"campfire_rested":0,"item_purchase_floors":[4],"current_hp_per_floor":[64,64,64,64,64,64,30,30,30,30,30,0],"gold":244,"neow_bonus":"THREE_ENEMY_KILL","is_prod":false,"is_daily":false,"chose_seed":false,"campfire_upgraded":2,"win_rate":0,"timestamp":1571428516,"path_taken":["M","?","?","?","M","R","E","R","T","M","?","E"],"build_version":"2019-07-17","purchased_purges":0,"victory":false,"max_hp_per_floor":[71,71,71,71,71,71,78,78,78,78,78,78],"card_choices":[{"not_picked":["Rebound","Stack"],"picked":"Sweeping Beam","floor":1},{"not_picked":["Reinforced Body","Beam Cell"],"picked":"Conserve Battery","floor":3},{"not_picked":["Beam Cell","Storm"],"picked":"Hologram","floor":5},{"not_picked":["Auto Shields","Coolheaded"],"picked":"Doom and Gloom","floor":7},{"not_picked":["Stack","Cold Snap"],"picked":"Conserve Battery","floor":10}],"player_experience":864886,"relics_obtained":[{"floor":7,"key":"Strawberry"}],"event_choices":[{"cards_removed":["Strike_B"],"damage_healed":0,"gold_gain":0,"player_choice":"Offered Basic","damage_taken":0,"max_hp_gain":0,"max_hp_loss":0,"event_name":"Bonfire Elementals","floor":2,"gold_loss":0},{"damage_healed":0,"gold_gain":59,"player_choice":"Gained Gold","damage_taken":0,"max_hp_gain":0,"max_hp_loss":0,"event_name":"Golden Wing","floor":11,"gold_loss":0}],"is_beta":false,"boss_relics":[],"items_purged_floors":[],"is_endless":false,"potions_floor_spawned":[5,10],"killed_by":"Lagavulin","ascension_level":20}