{"gold_per_floor":[118,132,82,93,93,128,138,165,165,191,45,45,20,31,31,129,129,139,0,0,0,11,11,21,31,57,57,57,57,71,21,21,21],"floor_reached":33,"playtime":1082,"items_purged":["Strike_P"],"score":396,"play_id":"6b1ef539-863f-4321-9d42-e2e45a76746e","local_time":"20191015105405","is_ascension_mode":true,"campfire_choices":[{"floor":12.0,"key":"REST"},{"data":"PathToVictory","floor":15.0,"key":"SMITH"},{"data":"Wish","floor":23,"key":"SMITH"},{"data":"DeusExMachina","floor":29,"key":"SMITH"},{"floor":32,"key":"REST"}],"neow_cost":"NONE","seed_source_timestamp":0,"circlet_count":0,"master_deck":["Strike_P","Strike_P","Defend_P","Defend_P","Defend_P","Defend_P","Eruption","Vigilance","PathToVictory+1","PathToVictory","PathToVictory","DeusExMachina+1","ThirdEye","Wish+1","PathToVictory"],"special_seed":0,"relics":["PureWater","Matryoshka","TeardropLocket","PreservedInsect","Smiling Mask","Meat on the Bone","Bird Faced Urn","Oddly Smooth Stone","Philosopher\u0027s Stone","Darkstone Periapt","MealTicket","Question Card"],"potions_floor_usage":[16,33,33],"damage_taken":[{"damage":5.0,"enemies":"Jaw Worm","floor":1.0,"turns":6.0},{"damage":0.0,"enemies":"2 Louse","floor":2.0,"turns":4.0},{"damage":0.0,"enemies":"Small Slimes","floor":4.0,"turns":3.0},{"damage":12.0,"enemies":"Lagavulin","floor":6.0,"turns":4.0},{"damage":1.0,"enemies":"Looter","floor":7.0,"turns":4.0},{"damage":35.0,"enemies":"Gremlin Nob","floor":8.0,"turns":4.0},{"damage":10.0,"enemies":"Lagavulin","floor":10.0,"turns":4.0},{"damage":0.0,"enemies":"Red Slaver","floor":14.0,"turns":3.0},{"damage":10,"enemies":"The Guardian","floor":16,"turns":6},{"damage":15,"enemies":"Spheric Guardian","floor":18,"turns":4},{"damage":6,"enemies":"Chosen","floor":22,"turns":3},{"damage":27,"enemies":"Snake Plant","floor":24,"turns":3},{"damage":10,"enemies":"Snecko","floor":25,"turns":4},{"damage":24,"enemies":"Sentry and Sphere","floor":30,"turns":8},{"damage":65,"enemies":"Collector","floor":33,"turns":7}],"seed_played":"-2598509865093250268","potions_obtained":[{"floor":2.0,"key":"AttackPotion"},{"floor":7.0,"key":"SpeedPotion"},{"floor":14.0,"key":"Swift Potion"},{"floor":16,"key":"SteroidPotion"},{"floor":22,"key":"Dexterity Potion"},{"floor":24,"key":"Ancient Potion"}],"is_trial":false,"path_per_floor":["M","M","?","M","T","E","M","E","T","E","$","R","$","M","R","B",null,"M","?","?","$","M","R","M","M","T","?","T","R","M","$","R","B"],"character_chosen":"WATCHER","items_purchased":["Oddly Smooth Stone","ThirdEye"],"campfire_rested":2,"item_purchase_floors":[11,13],"current_hp_per_floor":[67,67,67,67,67,55,54,19,19,21,21,44,44,44,44,46,71,56,56,56,56,50,50,35,37,37,37,37,37,25,40,63,0],"gold":21,"neow_bonus":"TEN_PERCENT_HP_BONUS","is_prod":false,"is_daily":false,"chose_seed":false,"campfire_upgraded":3,"win_rate":0,"timestamp":1571129645,"path_taken":["M","M","?","M","?","E","M","E","T","E","$","R","$","M","R","BOSS","M","?","?","?","M","R","M","M","T","?","?","R","?","$","R","BOSS"],"build_version":"2019-10-14","purchased_purges":1,"victory":false,"max_hp_per_floor":[79,79,79,79,79,79,79,79,79,79,79,79,79,79,79,79,79,79,79,79,79,79,79,79,79,79,79,79,79,79,79,79,79],"card_choices":[{"not_picked":["Crescendo","CrushJoints"],"picked":"PathToVictory","floor":1.0},{"not_picked":["EmptyBody","WindmillStrike"],"picked":"PathToVictory","floor":2.0},{"not_picked":["ForeignInfluence","Prostrate","WreathOfFlame"],"picked":"SKIP","floor":4.0},{"not_picked":["SandsOfTime","Worship","Weave"],"picked":"SKIP","floor":6.0},{"not_picked":["CutThroughFate","Protect"],"picked":"PathToVictory","floor":7.0},{"not_picked":["CrushJoints","Study","Swivel"],"picked":"SKIP","floor":8.0},{"not_picked":["FearNoEvil","Halt"],"picked":"DeusExMachina","floor":10.0},{"not_picked":["FlyingSleeves","Wallop","Halt"],"picked":"SKIP","floor":14.0},{"not_picked":["Devotion","MasterReality"],"picked":"Wish","floor":16},{"not_picked":["EmptyFist","Meditate"],"picked":"PathToVictory","floor":18},{"not_picked":["JustLucky","Tantrum","CutThroughFate"],"picked":"SKIP","floor":22},{"not_picked":["FlurryOfBlows","FollowUp","Halt+1"],"picked":"SKIP","floor":24},{"not_picked":["Halt+1","FlyingSleeves+1","JustLucky+1"],"picked":"SKIP","floor":25},{"not_picked":["Wallop","CrushJoints+1","Crescendo","FlyingSleeves+1"],"picked":"SKIP","floor":30}],"player_experience":482758,"relics_obtained":[{"floor":5.0,"key":"Matryoshka"},{"floor":6.0,"key":"TeardropLocket"},{"floor":8.0,"key":"PreservedInsect"},{"floor":9.0,"key":"Smiling Mask"},{"floor":9.0,"key":"Meat on the Bone"},{"floor":10.0,"key":"Bird Faced Urn"},{"floor":26,"key":"Darkstone Periapt"},{"floor":26,"key":"MealTicket"},{"floor":28,"key":"Question Card"}],"event_choices":[{"cards_removed":["Strike_P"],"damage_healed":0.0,"max_hp_gain":0.0,"max_hp_loss":0.0,"gold_gain":0.0,"event_name":"The Cleric","player_choice":"Card Removal","floor":3.0,"gold_loss":50.0,"damage_taken":0.0},{"damage_healed":0,"gold_gain":0,"player_choice":"Paid Fearfully","damage_taken":0,"max_hp_gain":0,"max_hp_loss":0,"event_name":"Masked Bandits","floor":19,"gold_loss":139},{"damage_healed":0,"gold_gain":0,"player_choice":"Ignored","damage_taken":0,"max_hp_gain":0,"max_hp_loss":0,"event_name":"Ghosts","floor":20,"gold_loss":0}],"is_beta":true,"boss_relics":[{"not_picked":["Sozu","Astrolabe"],"picked":"Philosopher\u0027s Stone"}],"items_purged_floors":[31],"is_endless":false,"potions_floor_spawned":[2,7,14,16,22,24],"killed_by":"Collector","ascension_level":8}