{"gold_per_floor":[117,97,0,10,10,37,55,11,11,11,27,27,56,70,70,144,144,162,162,162],"floor_reached":20,"playtime":496,"items_purged":[],"score":414,"play_id":"d4c612d8-a475-49d9-9b36-c856cc93669e","local_time":"20190808223207","is_ascension_mode":true,"campfire_choices":[{"data":"Gash","floor":15,"key":"SMITH"}],"neow_cost":"NONE","seed_source_timestamp":596735054829400,"circlet_count":0,"master_deck":["AscendersBane","Strike_B","Strike_B","Defend_B","Defend_B","Defend_B","Defend_B","Zap","Dualcast","Cold Snap","Static Discharge","Gash+1","Gash","Glacier","Scrape","Self Repair","Ball Lightning+1","Undo","All For One+1","Core Surge+1","Go for the Eyes+1","Coolheaded","Hyperbeam+1"],"relics":["Cracked Core","NeowsBlessing","Ornamental Fan","Molten Egg 2","Smiling Mask","StoneCalendar","Fusion Hammer"],"potions_floor_usage":[13,20],"damage_taken":[{"damage":0,"enemies":"Small Slimes","floor":1,"turns":1},{"damage":0,"enemies":"Cultist","floor":4,"turns":1},{"damage":0,"enemies":"Gremlin Nob","floor":6,"turns":1},{"damage":0,"enemies":"Jaw Worm","floor":7,"turns":4},{"damage":3,"enemies":"Blue Slaver","floor":11,"turns":6},{"damage":11,"enemies":"3 Sentries","floor":13,"turns":5},{"damage":4,"enemies":"Looter","floor":14,"turns":4},{"damage":30,"enemies":"Slime Boss","floor":16,"turns":7},{"damage":29,"enemies":"2 Thieves","floor":18,"turns":4},{"damage":48,"enemies":"Masked Bandits","floor":20,"turns":4}],"seed_played":"-6002730794560970869","potions_obtained":[{"floor":1,"key":"Swift Potion"},{"floor":2,"key":"SkillPotion"},{"floor":11,"key":"Explosive Potion"},{"floor":13,"key":"LiquidBronze"}],"is_trial":false,"path_per_floor":["M","?","$","M","$","E","M","$","T","?","M","$","E","M","R","B",null,"M","?","?"],"character_chosen":"DEFECT","items_purchased":["Static Discharge","Gash","Self Repair"],"campfire_rested":0,"item_purchase_floors":[3,3,8],"current_hp_per_floor":[64,64,64,64,64,64,64,64,64,64,68,68,64,67,67,44,64,42,42,0],"gold":162,"neow_bonus":"THREE_ENEMY_KILL","is_prod":false,"is_daily":false,"chose_seed":false,"campfire_upgraded":1,"win_rate":0,"timestamp":1565328727,"path_taken":["M","?","?","M","$","E","M","$","T","?","M","$","E","M","R","BOSS","M","?","?"],"build_version":"2019-07-17","purchased_purges":0,"victory":false,"max_hp_per_floor":[71,71,71,71,71,71,71,71,71,71,71,71,71,71,71,71,71,71,71,71],"card_choices":[{"not_picked":["Reprogram","Barrage"],"picked":"Cold Snap","floor":1},{"not_picked":["Chaos","Redo"],"picked":"Gash","floor":4},{"not_picked":["Ball Lightning","Conserve Battery"],"picked":"Glacier","floor":6},{"not_picked":["Barrage","Steam"],"picked":"Scrape","floor":7},{"not_picked":["Stack","Turbo"],"picked":"Ball Lightning+1","floor":11},{"not_picked":["Leap","Hologram"],"picked":"Undo","floor":13},{"not_picked":["Auto Shields","Streamline+1"],"picked":"All For One+1","floor":14},{"not_picked":["Hyperbeam+1","Reboot"],"picked":"Core Surge+1","floor":16},{"not_picked":["Beam Cell+1","Consume"],"picked":"Go for the Eyes+1","floor":18}],"player_experience":720502,"relics_obtained":[{"floor":6,"key":"Ornamental Fan"},{"floor":9,"key":"Molten Egg 2"},{"floor":13,"key":"StoneCalendar"}],"event_choices":[{"damage_healed":0,"gold_gain":0,"player_choice":"Bought 1 Potion","damage_taken":0,"max_hp_gain":0,"max_hp_loss":0,"event_name":"The Woman in Blue","floor":2,"gold_loss":0},{"damage_healed":0,"gold_gain":0,"player_choice":"Searched \u00271\u0027 times","damage_taken":0,"relics_obtained":["Smiling Mask"],"max_hp_gain":0,"max_hp_loss":0,"event_name":"Dead Adventurer","floor":10,"gold_loss":0},{"damage_healed":0,"gold_gain":0,"cards_transformed":["Strike_B","Strike_B"],"player_choice":"Became Test Subject","damage_taken":0,"max_hp_gain":0,"max_hp_loss":0,"event_name":"Drug Dealer","floor":19,"gold_loss":0,"cards_obtained":["Coolheaded","Hyperbeam"]},{"damage_healed":0,"gold_gain":0,"player_choice":"Fought Bandits","damage_taken":0,"max_hp_gain":0,"max_hp_loss":0,"event_name":"Masked Bandits","floor":20,"gold_loss":0}],"is_beta":false,"boss_relics":[{"not_picked":["Astrolabe","Inserter"],"picked":"Fusion Hammer"}],"items_purged_floors":[],"is_endless":false,"potions_floor_spawned":[1,11,13,14,18],"killed_by":"Masked Bandits","ascension_level":20}