{"gold_per_floor":[115,115,134,34,109,136,136,136,159,194,194,194,207,226,226,303,303,318,334,250,266,266,266,266,298,298,298],"floor_reached":27,"playtime":756,"items_purged":["Strike_B"],"score":488,"play_id":"c5106275-a1af-43db-8982-f27d56938d5e","local_time":"20190516150914","is_ascension_mode":true,"campfire_choices":[{"data":"Genetic Algorithm","floor":7,"key":"SMITH"},{"data":"Zap","floor":12,"key":"SMITH"},{"data":"Dualcast","floor":15,"key":"SMITH"},{"floor":23,"key":"REST"}],"neow_cost":"NONE","seed_source_timestamp":110067990186666,"circlet_count":0,"master_deck":["AscendersBane","Strike_B","Strike_B","Strike_B","Defend_B","Defend_B","Defend_B","Defend_B","Zap+1","Dualcast+1","Ball Lightning","Ball Lightning","Genetic Algorithm+1","Ball Lightning","Coolheaded","Echo Form+1","Loop+1","Cold Snap","Seek","Cold Snap","Shame","Ghostly","Ghostly","Ghostly","Fusion"],"relics":["Cracked Core","NeowsBlessing","Ancient Tea Set","Frozen Egg 2","Potion Belt","Anchor","Black Star","Nunchaku","Molten Egg 2","Meat on the Bone","Toxic Egg 2"],"potions_floor_usage":[27],"damage_taken":[{"damage":0,"enemies":"2 Louse","floor":1,"turns":1},{"damage":0,"enemies":"Jaw Worm","floor":3,"turns":1},{"damage":0,"enemies":"Lagavulin","floor":6,"turns":1},{"damage":11,"enemies":"Gremlin Nob","floor":10,"turns":3},{"damage":0,"enemies":"Cultist","floor":13,"turns":3},{"damage":6,"enemies":"Lots of Slimes","floor":14,"turns":3},{"damage":45,"enemies":"Slime Boss","floor":16,"turns":10},{"damage":38,"enemies":"3 Byrds","floor":18,"turns":5},{"damage":0,"enemies":"Chosen","floor":19,"turns":5},{"damage":24,"enemies":"Sentry and Sphere","floor":21,"turns":5},{"damage":9,"enemies":"Book of Stabbing","floor":25,"turns":7},{"damage":31,"enemies":"Slavers","floor":27,"turns":3}],"seed_played":"8032334079433005608","potions_obtained":[{"floor":1,"key":"GamblersBrew"},{"floor":10,"key":"SteroidPotion"},{"floor":14,"key":"SpeedPotion"},{"floor":19,"key":"AttackPotion"},{"floor":25,"key":"Dexterity Potion"}],"is_trial":false,"path_per_floor":["M","?","M","$","?","E","R","?","T","E","?","R","M","M","R","B",null,"M","M","$","M","?","R","?","E","T","E"],"character_chosen":"DEFECT","items_purchased":["Ball Lightning","Seek"],"campfire_rested":1,"item_purchase_floors":[4,20],"current_hp_per_floor":[64,69,69,69,58,58,58,47,47,36,76,76,76,70,70,25,63,25,25,25,1,1,23,23,14,14,0],"gold":298,"neow_bonus":"THREE_ENEMY_KILL","is_prod":false,"is_daily":false,"chose_seed":false,"campfire_upgraded":3,"win_rate":0,"timestamp":1558044554,"path_taken":["M","?","M","$","?","E","R","?","T","E","?","R","?","M","R","BOSS","M","M","?","?","?","R","?","E","T","E"],"build_version":"2019-01-23","purchased_purges":1,"victory":false,"max_hp_per_floor":[71,76,76,76,76,76,76,76,76,76,76,76,76,76,76,76,76,76,76,76,76,76,76,38,38,38,38],"card_choices":[{"not_picked":["Reinforced Body","Skim"],"picked":"Ball Lightning","floor":1},{"not_picked":["Stack","Reprogram","Leap"],"picked":"SKIP","floor":3},{"not_picked":["Streamline","Conserve Battery"],"picked":"Genetic Algorithm","floor":6},{"not_picked":["Chaos","Turbo"],"picked":"Undo","floor":10},{"not_picked":["Beam Cell","Sweeping Beam"],"picked":"Ball Lightning","floor":13},{"not_picked":["Recycle","Stack"],"picked":"Coolheaded","floor":14},{"not_picked":["Reboot","Creative AI+1"],"picked":"Echo Form+1","floor":16},{"not_picked":["Gash+1","Darkness"],"picked":"Loop+1","floor":18},{"not_picked":["Beam Cell","Ball Lightning"],"picked":"Cold Snap","floor":19},{"not_picked":["Go for the Eyes","Barrage"],"picked":"Cold Snap","floor":21},{"not_picked":["Barrage","Turbo"],"picked":"Fusion","floor":25}],"player_experience":502739,"relics_obtained":[{"floor":6,"key":"Ancient Tea Set"},{"floor":9,"key":"Potion Belt"},{"floor":10,"key":"Anchor"},{"floor":25,"key":"Molten Egg 2"},{"floor":25,"key":"Meat on the Bone"},{"floor":26,"key":"Toxic Egg 2"}],"event_choices":[{"damage_healed":0,"gold_gain":0,"player_choice":"Donut","damage_taken":0,"max_hp_gain":5,"max_hp_loss":0,"event_name":"Big Fish","floor":2,"gold_loss":0},{"damage_healed":0,"gold_gain":75,"player_choice":"Gather Gold","damage_taken":11,"max_hp_gain":0,"max_hp_loss":0,"event_name":"World of Goop","floor":5,"gold_loss":0},{"damage_healed":0,"gold_gain":0,"player_choice":"Success","damage_taken":11,"relics_obtained":["Frozen Egg 2"],"max_hp_gain":0,"max_hp_loss":0,"event_name":"Scrap Ooze","floor":8,"gold_loss":0},{"cards_removed":["Undo"],"damage_healed":40,"gold_gain":0,"player_choice":"Offered Uncommon","damage_taken":0,"max_hp_gain":0,"max_hp_loss":0,"event_name":"Bonfire Elementals","floor":11,"gold_loss":0},{"damage_healed":0,"gold_gain":0,"player_choice":"Stole Relic","damage_taken":0,"relics_obtained":["Nunchaku"],"max_hp_gain":0,"max_hp_loss":0,"event_name":"Addict","floor":22,"gold_loss":0,"cards_obtained":["Shame"]},{"damage_healed":0,"gold_gain":0,"player_choice":"Became a Ghost","damage_taken":0,"max_hp_gain":0,"max_hp_loss":38,"event_name":"Ghosts","floor":24,"gold_loss":0,"cards_obtained":["Ghostly","Ghostly","Ghostly"]}],"is_beta":false,"boss_relics":[{"not_picked":["Empty Cage","Runic Dome"],"picked":"Black Star"}],"items_purged_floors":[4],"is_endless":false,"potions_floor_spawned":[1,10,14,19,25],"killed_by":"Slavers","ascension_level":17}