{"gold_per_floor":[111,124,124,138,63,92,92,92,118,118,149,159,171,198,198,296,296,310,16,16,16,16,16,44,44,67,49,49,49],"floor_reached":29,"playtime":1015,"items_purged":["Strike_P"],"score":386,"play_id":"4737c83b-b00b-438b-a7e7-6a9559c29563","local_time":"20191026170049","is_ascension_mode":true,"campfire_choices":[{"data":"ClearTheMind","floor":7,"key":"SMITH"},{"data":"Eruption","floor":10,"key":"SMITH"},{"floor":15,"key":"REST"},{"data":"RitualDagger","floor":23,"key":"SMITH"},{"data":"Devotion","floor":25,"key":"SMITH"},{"floor":28,"key":"REST"}],"neow_cost":"NONE","seed_source_timestamp":0,"circlet_count":0,"master_deck":["AscendersBane","Strike_P","Strike_P","Strike_P","Defend_P","Defend_P","Defend_P","Defend_P","Eruption+1","Vigilance","Wallop","Protect","Wallop","ClearTheMind+1","Ragnarok","Consecrate","ThirdEye","Wireheading","Devotion+1","Halt+1","PathToVictory","RitualDagger+1","DeceiveReality+1","FlyingSleeves+1"],"special_seed":0,"relics":["PureWater","Vajra","Regal Pillow","Potion Belt","Odd Mushroom","VioletLotus","Lee\u0027s Waffle","PreservedInsect","Meat on the Bone","Oddly Smooth Stone"],"potions_floor_usage":[6,14,16,24],"damage_taken":[{"damage":7,"enemies":"Small Slimes","floor":1,"turns":4},{"damage":0,"enemies":"2 Louse","floor":2,"turns":2},{"damage":2,"enemies":"Jaw Worm","floor":4,"turns":3},{"damage":4,"enemies":"Gremlin Nob","floor":6,"turns":4},{"damage":30,"enemies":"Lagavulin","floor":11,"turns":8},{"damage":3,"enemies":"Looter","floor":12,"turns":2},{"damage":0,"enemies":"Large Slime","floor":13,"turns":3},{"damage":8,"enemies":"The Mushroom Lair","floor":14,"turns":4},{"damage":13,"enemies":"Hexaghost","floor":16,"turns":9},{"damage":21,"enemies":"Shell Parasite","floor":18,"turns":3},{"damage":45,"enemies":"Book of Stabbing","floor":24,"turns":6},{"damage":17,"enemies":"2 Thieves","floor":27,"turns":5},{"damage":7,"enemies":"Chosen and Byrds","floor":29,"turns":2}],"seed_played":"-7665596393756399569","potions_obtained":[{"floor":1,"key":"Dexterity Potion"},{"floor":4,"key":"SkillPotion"},{"floor":12,"key":"Weak Potion"},{"floor":13,"key":"Energy Potion"},{"floor":24,"key":"Explosive Potion"},{"floor":27,"key":"Swift Potion"}],"is_trial":false,"path_per_floor":["M","M","?","M","$","E","R","$","T","R","E","M","M","?","R","B",null,"M","$","?","?","?","R","E","R","T","M","R","M"],"character_chosen":"WATCHER","items_purchased":["Lee\u0027s Waffle","PreservedInsect"],"campfire_rested":2,"item_purchase_floors":[19,19],"current_hp_per_floor":[65,65,65,63,63,59,59,59,59,59,29,26,26,18,56,43,70,49,86,86,80,80,80,35,35,35,30,70,63],"gold":49,"neow_bonus":"TEN_PERCENT_HP_BONUS","is_prod":false,"is_daily":false,"chose_seed":false,"campfire_upgraded":4,"win_rate":0,"timestamp":1572102049,"path_taken":["M","M","?","M","$","E","R","$","T","R","E","M","M","?","R","BOSS","M","$","?","?","?","R","E","R","T","M","R","M"],"build_version":"2019-10-25-V3","purchased_purges":1,"victory":false,"max_hp_per_floor":[79,79,79,79,79,79,79,79,79,79,79,79,79,79,79,79,79,79,86,86,86,86,86,86,86,86,86,86,86],"card_choices":[{"not_picked":["Sanctity","Weave"],"picked":"Wallop","floor":1},{"not_picked":["EmptyBody","WindmillStrike"],"picked":"Protect","floor":2},{"not_picked":["Crescendo","EmptyBody"],"picked":"Wallop","floor":4},{"not_picked":["CrushJoints","ThirdEye"],"picked":"ClearTheMind","floor":6},{"not_picked":["WreathOfFlame","Crescendo"],"picked":"Ragnarok","floor":11},{"not_picked":["EmptyFist","WindmillStrike"],"picked":"Consecrate","floor":12},{"not_picked":["FlurryOfBlows","BowlingBash"],"picked":"ThirdEye","floor":13},{"not_picked":["Pray","TalkToTheHand"],"picked":"Wireheading","floor":14},{"not_picked":["DeusExMachina","Judgement"],"picked":"Devotion","floor":16},{"not_picked":["SandsOfTime+1","BowlingBash"],"picked":"Halt+1","floor":18},{"not_picked":["TalkToTheHand","InnerPeace+1"],"picked":"DeceiveReality+1","floor":24},{"not_picked":["Halt","EmptyBody+1"],"picked":"FlyingSleeves+1","floor":27}],"player_experience":551650,"relics_obtained":[{"floor":6,"key":"Vajra"},{"floor":9,"key":"Regal Pillow"},{"floor":11,"key":"Potion Belt"},{"floor":14,"key":"Odd Mushroom"},{"floor":24,"key":"Meat on the Bone"},{"floor":26,"key":"Oddly Smooth Stone"}],"event_choices":[{"damage_healed":0,"gold_gain":0,"player_choice":"Leave","damage_taken":0,"max_hp_gain":0,"max_hp_loss":0,"event_name":"The Cleric","floor":3,"gold_loss":0},{"damage_healed":0,"gold_gain":0,"player_choice":"Fought Mushrooms","damage_taken":0,"max_hp_gain":0,"max_hp_loss":0,"event_name":"Mushrooms","floor":14,"gold_loss":0},{"damage_healed":0,"gold_gain":0,"player_choice":"Read","damage_taken":0,"max_hp_gain":0,"max_hp_loss":0,"event_name":"The Library","floor":20,"gold_loss":0,"cards_obtained":["PathToVictory"]},{"damage_healed":0,"gold_gain":0,"player_choice":"Joined the Cult","damage_taken":6,"max_hp_gain":0,"max_hp_loss":0,"event_name":"Nest","floor":21,"gold_loss":0,"cards_obtained":["RitualDagger"]},{"damage_healed":0,"gold_gain":0,"player_choice":"Ignored","damage_taken":0,"max_hp_gain":0,"max_hp_loss":0,"event_name":"Vampires","floor":22,"gold_loss":0}],"is_beta":true,"boss_relics":[{"not_picked":["Sozu","Pandora\u0027s Box"],"picked":"VioletLotus"}],"items_purged_floors":[5],"is_endless":false,"potions_floor_spawned":[1,4,12,13,24,27],"killed_by":"Chosen and Byrds","ascension_level":11}