{"gold_per_floor":[118,132,38,38,38,79,97,111,184,184],"floor_reached":10,"playtime":240,"items_purged":[],"score":186,"play_id":"88747643-c002-4f32-8fd3-3ef1bc0f29dc","local_time":"20191015095751","is_ascension_mode":true,"campfire_choices":[],"neow_cost":"NONE","seed_source_timestamp":234940485463100,"circlet_count":0,"master_deck":["AscendersBane","Strike_B","Strike_B","Strike_B","Strike_B","Defend_B","Defend_B","Defend_B","Defend_B","Zap","Dualcast","Cold Snap","Go for the Eyes","Self Repair","Ball Lightning","Doom and Gloom","Reinforced Body"],"relics":["Cracked Core","NeowsBlessing","Dead Branch","Golden Idol","Dream Catcher"],"potions_floor_usage":[],"damage_taken":[{"damage":0,"enemies":"Jaw Worm","floor":1,"turns":1},{"damage":0,"enemies":"2 Louse","floor":2,"turns":1},{"damage":0,"enemies":"Lagavulin","floor":6,"turns":1},{"damage":11,"enemies":"Small Slimes","floor":7,"turns":3},{"damage":10,"enemies":"Red Slaver","floor":8,"turns":3},{"damage":30,"enemies":"3 Sentries","floor":10,"turns":5}],"seed_played":"3109944271562383011","potions_obtained":[{"floor":1,"key":"Ancient Potion"},{"floor":2,"key":"SpeedPotion"}],"is_trial":false,"path_per_floor":["M","M","$","?","?","E","M","M","T","E"],"character_chosen":"DEFECT","items_purchased":["Self Repair","Ball Lightning"],"campfire_rested":0,"item_purchase_floors":[3,3],"current_hp_per_floor":[64,64,64,53,29,36,32,29,29,0],"gold":184,"neow_bonus":"THREE_ENEMY_KILL","is_prod":false,"is_daily":false,"chose_seed":false,"campfire_upgraded":0,"win_rate":0,"timestamp":1571158671,"path_taken":["M","M","$","?","?","E","M","M","T","E"],"build_version":"2019-07-17","purchased_purges":0,"victory":false,"max_hp_per_floor":[71,71,71,71,71,71,71,71,71,71],"card_choices":[{"not_picked":["Capacitor","Melter"],"picked":"Cold Snap","floor":1},{"not_picked":["Reprogram","Rebound"],"picked":"Go for the Eyes","floor":2},{"not_picked":["Turbo","Rebound"],"picked":"Doom and Gloom","floor":6},{"not_picked":["Skim","Sweeping Beam","Redo"],"picked":"SKIP","floor":7},{"not_picked":["Darkness","Steam"],"picked":"Reinforced Body","floor":8}],"player_experience":854338,"relics_obtained":[{"floor":6,"key":"Dream Catcher"}],"event_choices":[{"damage_healed":0,"gold_gain":0,"player_choice":"Success","damage_taken":11,"relics_obtained":["Dead Branch"],"max_hp_gain":0,"max_hp_loss":0,"event_name":"Scrap Ooze","floor":4,"gold_loss":0},{"damage_healed":0,"gold_gain":0,"player_choice":"Take Damage","damage_taken":24,"relics_obtained":["Golden Idol"],"max_hp_gain":0,"max_hp_loss":0,"event_name":"Golden Idol","floor":5,"gold_loss":0}],"is_beta":false,"boss_relics":[],"items_purged_floors":[],"is_endless":false,"potions_floor_spawned":[1,2],"killed_by":"3 Sentries","ascension_level":20}