{"gold_per_floor":[166,186,37,51,24,56,56,66,91,56,56,56,56,66,66,144,144,159,159,38,51,51,51,51,71,153,173,173,184,200,220,220,220],"floor_reached":33,"playtime":1224,"items_purged":[],"score":448,"play_id":"8c0ab67e-929b-499d-b9d1-47f1f70df413","local_time":"20191026051234","is_ascension_mode":true,"campfire_choices":[{"data":"Dualcast","floor":11.0,"key":"SMITH"},{"data":"Ball Lightning","floor":13.0,"key":"SMITH"},{"floor":15.0,"key":"REST"},{"data":"Biased Cognition","floor":23.0,"key":"SMITH"},{"data":"Defragment","floor":28.0,"key":"SMITH"},{"floor":32,"key":"REST"}],"neow_cost":"NONE","seed_source_timestamp":3640536942165400,"circlet_count":0,"master_deck":["AscendersBane","Strike_B","Strike_B+1","Defend_B","Defend_B","Defend_B","Defend_B","Zap+1","Dualcast+1","Gash","Ball Lightning+1","Coolheaded","Cold Snap+1","Biased Cognition+1","Defragment+1"],"special_seed":0,"relics":["Tiny House","Membership Card","Whetstone","Happy Flower","Busted Crown","Strawberry","Singing Bowl","Frozen Egg 2"],"potions_floor_usage":[33,33],"damage_taken":[{"damage":8.0,"enemies":"2 Louse","floor":1.0,"turns":3.0},{"damage":9.0,"enemies":"Jaw Worm","floor":2.0,"turns":4.0},{"damage":0.0,"enemies":"Cultist","floor":4.0,"turns":3.0},{"damage":22.0,"enemies":"3 Sentries","floor":6.0,"turns":8.0},{"damage":23.0,"enemies":"Exordium Thugs","floor":8.0,"turns":6.0},{"damage":0.0,"enemies":"Blue Slaver","floor":14.0,"turns":3.0},{"damage":33.0,"enemies":"The Guardian","floor":16.0,"turns":9.0},{"damage":0.0,"enemies":"Spheric Guardian","floor":18.0,"turns":4.0},{"damage":16.0,"enemies":"Shell Parasite","floor":21.0,"turns":5.0},{"damage":11.0,"enemies":"Snecko","floor":25.0,"turns":5.0},{"damage":0.0,"enemies":"Centurion and Healer","floor":27.0,"turns":8.0},{"damage":18.0,"enemies":"Chosen and Byrds","floor":29.0,"turns":5.0},{"damage":13.0,"enemies":"Cultist and Chosen","floor":30.0,"turns":6.0},{"damage":14,"enemies":"Centurion and Healer","floor":31,"turns":6},{"damage":44,"enemies":"Automaton","floor":33,"turns":6}],"seed_played":"7321215100445230921","potions_obtained":[{"floor":0.0,"key":"LiquidMemories"},{"floor":6.0,"key":"Regen Potion"},{"floor":8.0,"key":"FocusPotion"},{"floor":16.0,"key":"PotionOfCapacity"},{"floor":30.0,"key":"SkillPotion"},{"floor":31,"key":"EssenceOfDarkness"}],"is_trial":false,"path_per_floor":["M","M","$","M","$","E","?","M","T","?","R","?","R","M","R","B",null,"M","T","$","M","$","R","?","M","T","M","R","M","M","M","R","B"],"character_chosen":"DEFECT","items_purchased":["Membership Card","Cold Snap","Singing Bowl"],"campfire_rested":2,"item_purchase_floors":[3,5,20],"current_hp_per_floor":[61,52,52,52,52,30,23,15,15,34,34,34,34,34,56,23,63,63,70,70,56,56,56,56,47,47,49,49,33,22,10,38,0],"gold":220,"neow_bonus":"BOSS_RELIC","is_prod":false,"is_daily":false,"chose_seed":false,"campfire_upgraded":4,"win_rate":0,"timestamp":1572059554,"path_taken":["M","M","$","M","$","E","?","M","T","?","R","?","R","M","R","BOSS","M","?","$","M","?","R","?","M","T","M","R","M","M","M","R","BOSS"],"build_version":"2019-10-25-V3","purchased_purges":0,"victory":false,"max_hp_per_floor":[76,76,76,76,76,76,76,76,76,76,76,76,76,76,76,76,76,76,83,83,85,85,85,85,87,87,89,89,91,93,95,95,95],"card_choices":[{"not_picked":["Go for the Eyes","Hologram"],"picked":"Gash","floor":0.0},{"not_picked":["Compile Driver","Undo"],"picked":"Ball Lightning","floor":1.0},{"not_picked":["Go for the Eyes","Compile Driver"],"picked":"Coolheaded","floor":2.0},{"not_picked":["Genetic Algorithm","Turbo","Auto Shields"],"picked":"SKIP","floor":4.0},{"not_picked":["Sweeping Beam","Ball Lightning","Multi-Cast"],"picked":"SKIP","floor":6.0},{"not_picked":["Tempest","Steam","Compile Driver"],"picked":"SKIP","floor":8.0},{"not_picked":["Turbo","Steam","Rebound"],"picked":"SKIP","floor":14.0},{"not_picked":["Thunder Strike","Reboot"],"picked":"Biased Cognition","floor":16.0},{"not_picked":["Steam"],"picked":"SKIP","floor":18.0},{"not_picked":["Barrage+1"],"picked":"Singing Bowl","floor":21.0},{"not_picked":["Conserve Battery"],"picked":"Singing Bowl","floor":25.0},{"not_picked":["Go for the Eyes"],"picked":"Singing Bowl","floor":27.0},{"not_picked":["Hologram"],"picked":"Singing Bowl","floor":29.0},{"not_picked":["Go for the Eyes+1"],"picked":"Singing Bowl","floor":30.0},{"not_picked":["Stack"],"picked":"Singing Bowl","floor":31}],"player_experience":538744,"relics_obtained":[{"floor":6.0,"key":"Whetstone"},{"floor":9.0,"key":"Happy Flower"},{"floor":19.0,"key":"Strawberry"},{"floor":26.0,"key":"Frozen Egg 2"}],"event_choices":[{"cards_removed":["Strike_B"],"damage_healed":0.0,"max_hp_gain":0.0,"max_hp_loss":0.0,"gold_gain":0.0,"event_name":"Golden Wing","player_choice":"Card Removal","floor":7.0,"gold_loss":0.0,"damage_taken":7.0},{"damage_healed":19.0,"max_hp_gain":0.0,"max_hp_loss":0.0,"gold_gain":0.0,"event_name":"The Cleric","player_choice":"Healed","floor":10.0,"gold_loss":35.0,"damage_taken":0.0},{"cards_removed":["Strike_B"],"damage_healed":0.0,"max_hp_gain":0.0,"max_hp_loss":0.0,"gold_gain":0.0,"event_name":"Purifier","player_choice":"Purged","floor":12.0,"gold_loss":0.0,"damage_taken":0.0},{"damage_healed":0.0,"max_hp_gain":0.0,"max_hp_loss":0.0,"gold_gain":0.0,"event_name":"The Library","player_choice":"Read","floor":24.0,"gold_loss":0.0,"damage_taken":0.0,"cards_obtained":["Defragment"]}],"is_beta":true,"boss_relics":[{"not_picked":["Black Star","Pandora\u0027s Box"],"picked":"Busted Crown"}],"items_purged_floors":[],"is_endless":false,"potions_floor_spawned":[6,8,16,18,30,31],"killed_by":"Automaton","ascension_level":14}