{"gold_per_floor":[160,180,200,200,109,109,142,142,142,142,107,138,156,191,191,266,266,285,285,305,317,317,317],"floor_reached":23,"playtime":763,"items_purged":[],"score":418,"play_id":"d44110bb-a222-452e-ba4e-41c6b09121ad","local_time":"20190820203852","is_ascension_mode":true,"campfire_choices":[{"data":"Biased Cognition","floor":6,"key":"SMITH"},{"data":"Capacitor","floor":8,"key":"SMITH"},{"floor":10,"key":"REST"},{"floor":15,"key":"REST"}],"neow_cost":"NONE","seed_source_timestamp":555505496531000,"circlet_count":0,"master_deck":["AscendersBane","Strike_B","Strike_B","Strike_B","Strike_B","Defend_B+1","Defend_B","Defend_B","Defend_B","Zap","Dualcast+1","Streamline+1","Sweeping Beam","Genetic Algorithm+1","Biased Cognition+1","Ball Lightning","Capacitor+1","Sweeping Beam","Ball Lightning","Leap","Go for the Eyes+1","Sunder","Fusion+1"],"relics":["Tiny House","Shuriken","Omamori","Dream Catcher","War Paint","Nuclear Battery","NlothsMask"],"potions_floor_usage":[7,14,18],"damage_taken":[{"damage":0,"enemies":"Cultist","floor":1,"turns":3},{"damage":4,"enemies":"Jaw Worm","floor":2,"turns":4},{"damage":3,"enemies":"2 Louse","floor":3,"turns":4},{"damage":26,"enemies":"Gremlin Nob","floor":7,"turns":4},{"damage":25,"enemies":"Lagavulin","floor":12,"turns":7},{"damage":28,"enemies":"Gremlin Gang","floor":13,"turns":4},{"damage":20,"enemies":"3 Sentries","floor":14,"turns":6},{"damage":18,"enemies":"Hexaghost","floor":16,"turns":9},{"damage":53,"enemies":"3 Byrds","floor":18,"turns":6},{"damage":11,"enemies":"Spheric Guardian","floor":20,"turns":3},{"damage":60,"enemies":"Snecko","floor":21,"turns":7},{"damage":20,"enemies":"Book of Stabbing","floor":23,"turns":3}],"seed_played":"3394523038101999985","potions_obtained":[{"floor":0,"key":"SpeedPotion"},{"floor":2,"key":"Weak Potion"},{"floor":12,"key":"EssenceOfSteel"},{"floor":16,"key":"SkillPotion"},{"floor":20,"key":"FocusPotion"}],"is_trial":false,"path_per_floor":["M","M","M","?","$","R","E","R","T","R","?","E","M","E","R","B",null,"M","?","M","M","?","E"],"character_chosen":"DEFECT","items_purchased":["Ball Lightning","Capacitor"],"campfire_rested":2,"item_purchase_floors":[5,5],"current_hp_per_floor":[69,65,62,62,62,62,36,36,36,58,76,51,23,3,25,7,59,6,86,75,15,15,0],"gold":317,"neow_bonus":"BOSS_RELIC","is_prod":false,"is_daily":false,"chose_seed":false,"campfire_upgraded":2,"win_rate":0,"timestamp":1566358732,"path_taken":["M","M","M","?","$","R","E","R","T","R","?","E","?","E","R","BOSS","M","?","?","M","?","E"],"build_version":"2019-07-17","purchased_purges":0,"victory":false,"max_hp_per_floor":[76,76,76,76,76,76,76,76,76,76,76,76,76,76,76,76,76,76,86,86,86,86,86],"card_choices":[{"not_picked":["Heatsinks","Hello World"],"picked":"Streamline","floor":0},{"not_picked":["Gash","Streamline"],"picked":"Sweeping Beam","floor":1},{"not_picked":["Redo","Leap"],"picked":"Genetic Algorithm","floor":2},{"not_picked":["Compile Driver","Sweeping Beam"],"picked":"Biased Cognition","floor":3},{"not_picked":["Rebound","Turbo"],"picked":"Sweeping Beam","floor":7},{"not_picked":["Blizzard","Gash"],"picked":"Ball Lightning","floor":12},{"not_picked":["Rip and Tear","Darkness","Double Energy"],"picked":"SKIP","floor":13},{"not_picked":["Double Energy","Redo","Gash"],"picked":"SKIP","floor":14},{"not_picked":["Steam","Hologram"],"picked":"Leap","floor":15},{"not_picked":["Biased Cognition","Machine Learning"],"picked":"All For One","floor":16},{"not_picked":["Cold Snap","Coolheaded"],"picked":"Go for the Eyes+1","floor":18},{"not_picked":["Leap","Beam Cell"],"picked":"Sunder","floor":20},{"not_picked":["Sunder","Hologram"],"picked":"Fusion+1","floor":21}],"player_experience":741433,"relics_obtained":[{"floor":7,"key":"Shuriken"},{"floor":9,"key":"Omamori"},{"floor":12,"key":"Dream Catcher"},{"floor":14,"key":"War Paint"}],"event_choices":[{"damage_healed":0,"gold_gain":0,"player_choice":"Grow","damage_taken":0,"max_hp_gain":0,"max_hp_loss":0,"event_name":"Living Wall","floor":4,"gold_loss":0,"cards_upgraded":["Streamline"]},{"damage_healed":19,"gold_gain":0,"player_choice":"Healed","damage_taken":0,"max_hp_gain":0,"max_hp_loss":0,"event_name":"The Cleric","floor":11,"gold_loss":35},{"cards_removed":["All For One"],"damage_healed":70,"gold_gain":0,"player_choice":"Offered Rare","damage_taken":0,"max_hp_gain":10,"max_hp_loss":0,"event_name":"Bonfire Elementals","floor":19,"gold_loss":0},{"damage_healed":0,"gold_gain":0,"player_choice":"Trade","damage_taken":0,"relics_obtained":["NlothsMask"],"max_hp_gain":0,"max_hp_loss":0,"event_name":"FaceTrader","floor":22,"gold_loss":0}],"is_beta":false,"boss_relics":[{"not_picked":["Pandora\u0027s Box","Lizard Tail"],"picked":"Nuclear Battery"}],"items_purged_floors":[],"is_endless":false,"potions_floor_spawned":[2,3,12,16,20],"killed_by":"Book of Stabbing","ascension_level":20}