{"gold_per_floor":[114,126,145,155,230,261,280,280,280,308,308,59,59,59],"floor_reached":14,"playtime":426,"items_purged":[],"score":200,"play_id":"02bbda00-efd6-4901-902c-4090e7e22ff6","local_time":"20190815111128","is_ascension_mode":true,"campfire_choices":[{"data":"Defragment","floor":8,"key":"SMITH"}],"neow_cost":"NONE","seed_source_timestamp":89800568442600,"circlet_count":0,"master_deck":["AscendersBane","Strike_B","Strike_B","Strike_B","Strike_B","Defend_B","Defend_B","Defend_B","Defend_B","Zap","Dualcast","Sunder","Cold Snap","Hologram","Defragment+1","Cold Snap","Capacitor"],"relics":["Cracked Core","NeowsBlessing","Bag of Marbles","Pen Nib","Lantern","Regal Pillow","Question Card"],"potions_floor_usage":[10,10],"damage_taken":[{"damage":0,"enemies":"Cultist","floor":1,"turns":1},{"damage":0,"enemies":"Jaw Worm","floor":2,"turns":1},{"damage":0,"enemies":"2 Louse","floor":3,"turns":1},{"damage":11,"enemies":"2 Fungi Beasts","floor":4,"turns":4},{"damage":34,"enemies":"3 Sentries","floor":6,"turns":10},{"damage":0,"enemies":"3 Louse","floor":7,"turns":4},{"damage":6,"enemies":"Gremlin Nob","floor":10,"turns":5},{"damage":6,"enemies":"3 Sentries","floor":14,"turns":2}],"seed_played":"5570520659177752974","potions_obtained":[{"floor":3,"key":"FocusPotion"},{"floor":7,"key":"EssenceOfSteel"}],"is_trial":false,"path_per_floor":["M","M","M","M","?","E","M","R","T","E","?","$","?","E"],"character_chosen":"DEFECT","items_purchased":["Regal Pillow","Capacitor"],"campfire_rested":0,"item_purchase_floors":[12,12],"current_hp_per_floor":[64,64,64,53,42,8,8,8,8,2,2,2,2,0],"gold":59,"neow_bonus":"THREE_ENEMY_KILL","is_prod":false,"is_daily":false,"chose_seed":false,"campfire_upgraded":1,"win_rate":0,"timestamp":1565892688,"path_taken":["M","M","M","?","?","E","M","R","T","E","?","$","?","E"],"build_version":"2019-07-17","purchased_purges":0,"victory":false,"max_hp_per_floor":[71,71,71,71,71,71,71,71,71,71,71,71,71,71],"card_choices":[{"not_picked":["Leap","Scrape"],"picked":"Sunder","floor":1},{"not_picked":["White Noise","Chaos"],"picked":"Cold Snap","floor":2},{"not_picked":["Streamline","Aggregate"],"picked":"Hologram","floor":3},{"not_picked":["Auto Shields","FTL"],"picked":"Defragment","floor":4},{"not_picked":["Storm","Skim","Beam Cell"],"picked":"SKIP","floor":6},{"not_picked":["Reboot","Loop"],"picked":"Cold Snap","floor":7},{"not_picked":["Steam","Stack","Steam Power"],"picked":"SKIP","floor":10}],"player_experience":726673,"relics_obtained":[{"floor":6,"key":"Bag of Marbles"},{"floor":9,"key":"Pen Nib"},{"floor":10,"key":"Lantern"}],"event_choices":[{"damage_healed":0,"gold_gain":75,"player_choice":"Gather Gold","damage_taken":11,"max_hp_gain":0,"max_hp_loss":0,"event_name":"World of Goop","floor":5,"gold_loss":0},{"damage_healed":0,"gold_gain":0,"player_choice":"Ignored","damage_taken":0,"max_hp_gain":0,"max_hp_loss":0,"event_name":"Shining Light","floor":11,"gold_loss":0},{"damage_healed":0,"gold_gain":0,"player_choice":"Searched \u00271\u0027 times","damage_taken":0,"relics_obtained":["Question Card"],"max_hp_gain":0,"max_hp_loss":0,"event_name":"Dead Adventurer","floor":13,"gold_loss":0}],"is_beta":false,"boss_relics":[],"items_purged_floors":[],"is_endless":false,"potions_floor_spawned":[3,7],"killed_by":"3 Sentries","ascension_level":20}