{"gold_per_floor":[112,128,6,6,6,6,41,64,64,64,94,94,109,122,122,201,201,176,176,176,196,34,34],"floor_reached":23,"playtime":676,"items_purged":[],"score":444,"play_id":"4343148b-89ae-43dd-a6f7-aaace0244d87","local_time":"20191024110533","is_ascension_mode":true,"campfire_choices":[{"data":"Dualcast","floor":6,"key":"SMITH"},{"floor":12,"key":"REST"},{"floor":15,"key":"REST"}],"neow_cost":"NONE","seed_source_timestamp":1016196756514600,"circlet_count":0,"master_deck":["AscendersBane","Strike_B","Strike_B","Strike_B+1","Strike_B","Defend_B","Defend_B","Defend_B","Defend_B","Zap+1","Dualcast+1","Defragment+1","Sweeping Beam","Self Repair","Doom and Gloom","Creative AI","Static Discharge","Echo Form","Conserve Battery","Gash+1","Meteor Strike+1","Glacier","Clumsy","Coolheaded","Self Repair","Genetic Algorithm"],"relics":["Cracked Core","NeowsBlessing","Ancient Tea Set","Odd Mushroom","Question Card","Molten Egg 2","Runic Dome","Enchiridion"],"potions_floor_usage":[11,13,23,23],"damage_taken":[{"damage":0,"enemies":"Cultist","floor":1,"turns":1},{"damage":0,"enemies":"Jaw Worm","floor":2,"turns":1},{"damage":0,"enemies":"Gremlin Nob","floor":7,"turns":1},{"damage":16,"enemies":"The Mushroom Lair","floor":8,"turns":3},{"damage":25,"enemies":"3 Sentries","floor":11,"turns":5},{"damage":14,"enemies":"Small Slimes","floor":13,"turns":4},{"damage":12,"enemies":"2 Fungi Beasts","floor":14,"turns":3},{"damage":39,"enemies":"The Guardian","floor":16,"turns":10},{"damage":32,"enemies":"2 Thieves","floor":18,"turns":4},{"damage":6,"enemies":"Spheric Guardian","floor":21,"turns":6},{"damage":34,"enemies":"Slavers","floor":23,"turns":1}],"seed_played":"2063270229933096021","potions_obtained":[{"floor":8,"key":"SneckoOil"},{"floor":11,"key":"Regen Potion"},{"floor":13,"key":"Energy Potion"},{"floor":18,"key":"Swift Potion"}],"is_trial":false,"path_per_floor":["M","M","$","?","?","R","E","?","T","?","E","R","M","M","R","B",null,"M","?","?","M","$","E"],"character_chosen":"DEFECT","items_purchased":["Self Repair","Doom and Gloom","Self Repair","Genetic Algorithm"],"campfire_rested":2,"item_purchase_floors":[3,3,22,22],"current_hp_per_floor":[64,64,64,69,69,69,69,53,53,30,5,27,25,27,49,24,63,45,24,24,32,32,0],"gold":34,"neow_bonus":"THREE_ENEMY_KILL","is_prod":false,"is_daily":false,"chose_seed":false,"campfire_upgraded":1,"win_rate":0,"timestamp":1571940333,"path_taken":["M","M","$","?","?","R","E","?","T","?","E","R","M","M","R","BOSS","M","?","?","?","?","E"],"build_version":"2019-07-17","purchased_purges":0,"victory":false,"max_hp_per_floor":[71,71,71,76,76,76,76,76,76,76,76,76,76,76,76,76,76,76,76,76,76,76,76],"card_choices":[{"not_picked":["Gash","Coolheaded"],"picked":"Defragment","floor":1},{"not_picked":["Beam Cell","Conserve Battery"],"picked":"Sweeping Beam","floor":2},{"not_picked":["Cold Snap","Fusion"],"picked":"Creative AI","floor":7},{"not_picked":["Sweeping Beam","Storm"],"picked":"Static Discharge","floor":8},{"not_picked":["Turbo","Streamline","Conserve Battery"],"picked":"Echo Form","floor":11},{"not_picked":["Stack","Lockon+1","Compile Driver+1"],"picked":"Conserve Battery","floor":13},{"not_picked":["Coolheaded","Turbo","Redo"],"picked":"Gash+1","floor":14},{"not_picked":["Multi-Cast","Thunder Strike+1","Buffer"],"picked":"Meteor Strike+1","floor":16},{"not_picked":["Reinforced Body","Conserve Battery","Defragment"],"picked":"Glacier","floor":18},{"not_picked":["Barrage+1","Cold Snap+1","Ball Lightning+1"],"picked":"Coolheaded","floor":21}],"player_experience":895905,"relics_obtained":[{"floor":7,"key":"Ancient Tea Set"},{"floor":8,"key":"Odd Mushroom"},{"floor":9,"key":"Question Card"},{"floor":11,"key":"Molten Egg 2"},{"floor":19,"key":"Enchiridion"}],"event_choices":[{"damage_healed":0,"gold_gain":0,"player_choice":"Donut","damage_taken":0,"max_hp_gain":5,"max_hp_loss":0,"event_name":"Big Fish","floor":4,"gold_loss":0},{"damage_healed":0,"gold_gain":0,"player_choice":"Grow","damage_taken":0,"max_hp_gain":0,"max_hp_loss":0,"event_name":"Living Wall","floor":5,"gold_loss":0,"cards_upgraded":["Defragment"]},{"damage_healed":0,"gold_gain":0,"player_choice":"Fought Mushrooms","damage_taken":0,"max_hp_gain":0,"max_hp_loss":0,"event_name":"Mushrooms","floor":8,"gold_loss":0},{"damage_healed":0,"gold_gain":0,"player_choice":"Entered Light","damage_taken":23,"max_hp_gain":0,"max_hp_loss":0,"event_name":"Shining Light","floor":10,"gold_loss":0,"cards_upgraded":["Zap","Strike_B"]},{"damage_healed":0,"gold_gain":0,"player_choice":"Obtained Book","damage_taken":21,"max_hp_gain":0,"max_hp_loss":0,"event_name":"Cursed Tome","floor":19,"gold_loss":0},{"damage_healed":0,"gold_gain":0,"player_choice":"1 cards matched","damage_taken":0,"max_hp_gain":0,"max_hp_loss":0,"event_name":"Match and Keep!","floor":20,"gold_loss":0,"cards_obtained":["Clumsy"]}],"is_beta":false,"boss_relics":[{"not_picked":["Astrolabe","Empty Cage"],"picked":"Runic Dome"}],"items_purged_floors":[],"is_endless":false,"potions_floor_spawned":[8,11,13,18],"killed_by":"Slavers","ascension_level":20}