{"gold_per_floor":[113,126,146,162,174,174,190,248,295,306,150,172,172,202,202,298,298,315,315,136,61,61,61,88,88,138,153,153,173,192,38,38,140,140,157,32,50,50,97,129,129,155,155,155,155,155,0,18,18,18],"floor_reached":51,"playtime":2737,"items_purged":["Strike_B","Strike_B","Defend_B"],"score":773,"play_id":"5fceaff7-4990-4ff5-9a08-9403e90fb3d4","local_time":"20191026155851","is_ascension_mode":false,"campfire_choices":[{"data":"Zap","floor":6.0,"key":"SMITH"},{"data":"Doom and Gloom","floor":13.0,"key":"SMITH"},{"data":"Biased Cognition","floor":15.0,"key":"SMITH"},{"data":"Tempest","floor":23.0,"key":"SMITH"},{"data":"Conserve Battery","floor":25.0,"key":"SMITH"},{"data":"Ball Lightning","floor":28.0,"key":"SMITH"},{"data":"Self Repair","floor":32.0,"key":"SMITH"},{"data":"Capacitor","floor":44,"key":"SMITH"},{"data":"Glacier","floor":45,"key":"SMITH"},{"data":"Cold Snap","floor":46,"key":"SMITH"},{"data":"Glacier","floor":49,"key":"SMITH"}],"neow_cost":"NONE","seed_source_timestamp":0,"circlet_count":0,"master_deck":["Strike_B","Strike_B","Defend_B","Defend_B","Zap+1","Dualcast","Glacier+1","White Noise","Genetic Algorithm","Conserve Battery+1","Ball Lightning+1","Genetic Algorithm","Capacitor+1","Cold Snap+1","Doom and Gloom+1","Biased Cognition+1","Seek","Hologram+1","Tempest+1","Self Repair+1","Core Surge","Double Energy+1","Coolheaded+1","Glacier+1"],"special_seed":0,"relics":["Cracked Core","Vajra","WingedGreaves","Lantern","Odd Mushroom","Symbiotic Virus","Runic Pyramid","Ancient Tea Set","Oddly Smooth Stone","DataDisk","Philosopher\u0027s Stone","Dead Branch","Emotion Chip","Molten Egg 2","Letter Opener","Red Mask"],"potions_floor_usage":[50],"damage_taken":[{"damage":1.0,"enemies":"Cultist","floor":1.0,"turns":3.0},{"damage":3.0,"enemies":"2 Louse","floor":2.0,"turns":3.0},{"damage":0.0,"enemies":"Jaw Worm","floor":3.0,"turns":5.0},{"damage":3.0,"enemies":"Blue Slaver","floor":4.0,"turns":4.0},{"damage":5.0,"enemies":"Exordium Thugs","floor":5.0,"turns":8.0},{"damage":1.0,"enemies":"Looter","floor":7.0,"turns":3.0},{"damage":16.0,"enemies":"3 Sentries","floor":8.0,"turns":7.0},{"damage":3.0,"enemies":"2 Fungi Beasts","floor":10.0,"turns":4.0},{"damage":2.0,"enemies":"The Mushroom Lair","floor":12.0,"turns":4.0},{"damage":5.0,"enemies":"Gremlin Nob","floor":14.0,"turns":3.0},{"damage":0.0,"enemies":"Slime Boss","floor":16.0,"turns":6.0},{"damage":9.0,"enemies":"3 Byrds","floor":18.0,"turns":3.0},{"damage":21.0,"enemies":"Slavers","floor":24.0,"turns":6.0},{"damage":0.0,"enemies":"2 Thieves","floor":27.0,"turns":3.0},{"damage":0.0,"enemies":"Cultist and Chosen","floor":29.0,"turns":3.0},{"damage":0.0,"enemies":"Snecko","floor":30.0,"turns":3.0},{"damage":33.0,"enemies":"Champ","floor":33.0,"turns":15.0},{"damage":0.0,"enemies":"Orb Walker","floor":35.0,"turns":3.0},{"damage":16.0,"enemies":"3 Shapes","floor":37.0,"turns":3.0},{"damage":20.0,"enemies":"2 Orb Walkers","floor":39.0,"turns":3.0},{"damage":5.0,"enemies":"Nemesis","floor":40.0,"turns":5.0},{"damage":0,"enemies":"Reptomancer","floor":42,"turns":5},{"damage":6,"enemies":"Jaw Worm Horde","floor":48,"turns":3},{"damage":48,"enemies":"Donu and Deca","floor":50,"turns":10}],"seed_played":"-4035614848081346737","potions_obtained":[{"floor":1.0,"key":"LiquidBronze"},{"floor":4.0,"key":"EssenceOfSteel"},{"floor":7.0,"key":"Weak Potion"},{"floor":8.0,"key":"FocusPotion"},{"floor":18.0,"key":"GamblersBrew"},{"floor":39.0,"key":"GamblersBrew"}],"is_trial":false,"path_per_floor":["M","M","M","M","M","R","M","?","T","M","$","?","R","E","R","B",null,"M","?","$","?","?","R","E","R","T","M","R","M","M","$","R","B",null,"M","$","M","?","?","E","$","E","T","R","R","R","?","M","R","B",null],"character_chosen":"DEFECT","items_purchased":["Capacitor","Cold Snap","Tempest","DataDisk"],"campfire_rested":0,"item_purchase_floors":[11,11,20,31],"current_hp_per_floor":[74,71,71,68,63,63,62,46,46,43,43,41,41,36,36,36,75,66,66,66,66,75,75,54,54,54,54,54,54,61,61,61,38,75,75,75,69,69,49,54,54,64,64,64,64,64,64,68,68,30],"gold":18,"neow_bonus":"RANDOM_COMMON_RELIC","is_prod":false,"is_daily":false,"chose_seed":false,"campfire_upgraded":11,"win_rate":0,"timestamp":1572119931,"path_taken":["M","M","?","M","M","R","?","?","T","M","$","?","R","E","R","BOSS","M","?","?","?","?","R","E","R","T","?","R","M","M","$","R","BOSS","M","$","M","?","?","E","$","E","T","R","R","R","?","M","R","BOSS"],"build_version":"2019-07-17","purchased_purges":3,"victory":true,"max_hp_per_floor":[75,75,75,75,75,75,75,75,75,75,75,75,75,75,75,75,75,75,75,75,75,75,75,75,75,75,75,75,75,75,75,75,75,75,75,75,75,75,75,75,75,75,75,75,75,75,75,75,75,75],"card_choices":[{"not_picked":["Redo","Rebound"],"picked":"Glacier","floor":1.0},{"not_picked":["Redo","Turbo"],"picked":"White Noise","floor":2.0},{"not_picked":["Darkness","Steam"],"picked":"Genetic Algorithm","floor":3.0},{"not_picked":["Reinforced Body","Chaos"],"picked":"Conserve Battery","floor":4.0},{"not_picked":["Sunder","Darkness"],"picked":"Ball Lightning","floor":5.0},{"not_picked":["Ball Lightning","Conserve Battery"],"picked":"Genetic Algorithm","floor":7.0},{"not_picked":["Glacier","Ball Lightning"],"picked":"Skim","floor":8.0},{"not_picked":["Stack","Go for the Eyes"],"picked":"FTL","floor":10.0},{"not_picked":["Reprogram","Go for the Eyes"],"picked":"Doom and Gloom","floor":12.0},{"not_picked":["Streamline","Conserve Battery"],"picked":"Biased Cognition","floor":14.0},{"not_picked":["Thunder Strike","Machine Learning"],"picked":"Seek","floor":16.0},{"not_picked":["Streamline","Gash"],"picked":"Hologram+1","floor":18.0},{"not_picked":["Auto Shields","Leap","Glacier"],"picked":"SKIP","floor":24.0},{"not_picked":["Auto Shields","FTL","Cold Snap"],"picked":"SKIP","floor":27.0},{"not_picked":["Coolheaded","Beam Cell"],"picked":"Self Repair","floor":29.0},{"not_picked":["Sunder","Undo+1","Hologram"],"picked":"SKIP","floor":30.0},{"not_picked":["Rainbow","Amplify"],"picked":"Core Surge","floor":33.0},{"not_picked":["BootSequence+1","Barrage","Sweeping Beam"],"picked":"SKIP","floor":35.0},{"not_picked":["Cold Snap","Leap"],"picked":"Double Energy+1","floor":37.0},{"not_picked":["Redo","Streamline","Doom and Gloom"],"picked":"SKIP","floor":40.0},{"not_picked":["Self Repair","Conserve Battery+1"],"picked":"Coolheaded+1","floor":42},{"not_picked":["Storm","Go for the Eyes+1"],"picked":"Glacier","floor":48}],"player_experience":464379,"relics_obtained":[{"floor":8.0,"key":"WingedGreaves"},{"floor":9.0,"key":"Lantern"},{"floor":12.0,"key":"Odd Mushroom"},{"floor":14.0,"key":"Symbiotic Virus"},{"floor":24.0,"key":"Ancient Tea Set"},{"floor":26.0,"key":"Oddly Smooth Stone"},{"floor":39.0,"key":"Dead Branch"},{"floor":40.0,"key":"Emotion Chip"},{"floor":42,"key":"Molten Egg 2"},{"floor":43,"key":"Letter Opener"}],"event_choices":[{"damage_healed":0.0,"max_hp_gain":0.0,"max_hp_loss":0.0,"gold_gain":0.0,"event_name":"Dead Adventurer","player_choice":"Searched \u00272\u0027 times","floor":8.0,"gold_loss":0.0,"damage_taken":0.0},{"damage_healed":0.0,"max_hp_gain":0.0,"max_hp_loss":0.0,"gold_gain":0.0,"event_name":"Mushrooms","player_choice":"Fought Mushrooms","floor":12.0,"gold_loss":0.0,"damage_taken":0.0},{"damage_healed":0.0,"max_hp_gain":0.0,"max_hp_loss":0.0,"gold_gain":0.0,"event_name":"N\u0027loth","player_choice":"Ignored","floor":19.0,"gold_loss":0.0,"damage_taken":0.0},{"cards_removed":["Defend_B"],"damage_healed":0.0,"max_hp_gain":0.0,"max_hp_loss":0.0,"gold_gain":0.0,"event_name":"Beggar","player_choice":"Gave Gold","floor":21.0,"gold_loss":75.0,"damage_taken":0.0},{"cards_removed":["Skim"],"damage_healed":9.0,"max_hp_gain":0.0,"max_hp_loss":0.0,"gold_gain":0.0,"event_name":"Bonfire Elementals","player_choice":"Offered Uncommon","floor":22.0,"gold_loss":0.0,"damage_taken":0.0},{"cards_removed":["FTL"],"damage_healed":0.0,"max_hp_gain":0.0,"max_hp_loss":0.0,"gold_gain":0.0,"event_name":"Falling","player_choice":"Removed Attack","floor":38.0,"gold_loss":0.0,"damage_taken":0.0},{"damage_healed":0.0,"max_hp_gain":0.0,"max_hp_loss":0.0,"gold_gain":0.0,"event_name":"Mysterious Sphere","player_choice":"Fight","floor":39.0,"gold_loss":0.0,"damage_taken":0.0},{"damage_healed":0,"gold_gain":0,"player_choice":"Paid","damage_taken":0,"relics_obtained":["Red Mask"],"max_hp_gain":0,"max_hp_loss":0,"event_name":"Tomb of Lord Red Mask","floor":47,"gold_loss":155}],"is_beta":false,"boss_relics":[{"not_picked":["Black Star","Busted Crown"],"picked":"Runic Pyramid"},{"not_picked":["Coffee Dripper","Inserter"],"picked":"Philosopher\u0027s Stone"}],"items_purged_floors":[11,20,36],"is_endless":false,"potions_floor_spawned":[1,4,7,8,18,24,37,39],"ascension_level":0}