{"gold_per_floor":[113,113,38,38,38,66,66,81,107,107,142,181,209,236,248,357,369,395,420,432,455,467,479,491],"floor_reached":24,"playtime":1028,"items_purged":["Defend_G"],"score":332,"play_id":"290f3789-1f13-4a0f-a09a-d8cbe54e9bff","local_time":"20191019130807","is_ascension_mode":true,"campfire_choices":[{"data":"Neutralize","floor":7,"key":"SMITH"},{"data":"Sucker Punch","floor":10,"key":"SMITH"},{"floor":15,"key":"REST"},{"floor":23,"key":"REST"}],"neow_cost":"NONE","seed_source_timestamp":823359882344500,"circlet_count":0,"master_deck":["Strike_G","Strike_G","Strike_G","Defend_G","Defend_G","Defend_G","Defend_G","Survivor","Neutralize+1","Sucker Punch+1","Terror","Backflip","All Out Attack","Dodge and Roll","Blur","Quick Slash","Die Die Die","Noxious Fumes+1","Endless Agony+1"],"relics":["Ring of the Serpent","NeowsBlessing","StoneCalendar","Ancient Tea Set","MawBank","Odd Mushroom","Art of War"],"potions_floor_usage":[14,16,16,16,18,19,21],"damage_taken":[{"damage":0,"enemies":"Jaw Worm","floor":1,"turns":1},{"damage":0,"enemies":"3 Sentries","floor":6,"turns":1},{"damage":0,"enemies":"2 Louse","floor":8,"turns":1},{"damage":15,"enemies":"Gremlin Nob","floor":11,"turns":4},{"damage":19,"enemies":"The Mushroom Lair","floor":12,"turns":3},{"damage":0,"enemies":"Small Slimes","floor":13,"turns":3},{"damage":6,"enemies":"Exordium Thugs","floor":14,"turns":4},{"damage":3,"enemies":"The Guardian","floor":16,"turns":9},{"damage":21,"enemies":"Spheric Guardian","floor":18,"turns":6},{"damage":2,"enemies":"2 Thieves","floor":19,"turns":4},{"damage":26,"enemies":"Shelled Parasite and Fungi","floor":21,"turns":7},{"damage":42,"enemies":"Gremlin Leader","floor":24,"turns":5}],"seed_played":"-8673542344585455131","potions_obtained":[{"floor":8,"key":"EntropicBrew"},{"floor":11,"key":"Strength Potion"},{"floor":12,"key":"EssenceOfSteel"},{"floor":16,"key":"Fire Potion"}],"is_trial":false,"path_per_floor":["M","?","$","?","?","E","R","M","T","R","E","?","M","M","R","B",null,"M","M","?","M","?","R","E"],"character_chosen":"THE_SILENT","items_purchased":[],"campfire_rested":2,"item_purchase_floors":[],"current_hp_per_floor":[63,56,56,61,61,61,61,61,61,61,46,27,27,21,43,40,66,45,43,43,17,17,39,0],"gold":491,"neow_bonus":"THREE_ENEMY_KILL","is_prod":false,"is_daily":false,"chose_seed":false,"campfire_upgraded":2,"win_rate":0,"timestamp":1571504887,"path_taken":["M","?","$","?","?","E","R","M","T","R","E","?","M","?","R","BOSS","M","M","?","M","?","R","E"],"build_version":"2019-07-17","purchased_purges":1,"victory":false,"max_hp_per_floor":[70,70,70,75,75,75,75,75,75,75,75,75,75,75,75,75,75,75,75,75,75,75,75,75],"card_choices":[{"not_picked":["Bane","Deadly Poison"],"picked":"Sucker Punch","floor":1},{"not_picked":["Underhanded Strike","Distraction"],"picked":"Terror","floor":6},{"not_picked":["Underhanded Strike","Acrobatics"],"picked":"Backflip","floor":8},{"not_picked":["Wraith Form v2","Dodge and Roll"],"picked":"All Out Attack","floor":11},{"not_picked":["Acrobatics","Bane"],"picked":"Dodge and Roll","floor":12},{"not_picked":["Prepared","Quick Slash"],"picked":"Blur","floor":13},{"not_picked":["Finisher","Terror"],"picked":"Quick Slash","floor":14},{"not_picked":["Doppelganger","Burst"],"picked":"Die Die Die","floor":16},{"not_picked":["Dagger Throw","Masterful Stab"],"picked":"Noxious Fumes","floor":18},{"not_picked":["Deadly Poison","Quick Slash","Flechettes"],"picked":"SKIP","floor":19},{"not_picked":["Outmaneuver","Slice"],"picked":"Endless Agony+1","floor":21}],"player_experience":429489,"relics_obtained":[{"floor":6,"key":"StoneCalendar"},{"floor":9,"key":"Ancient Tea Set"},{"floor":11,"key":"MawBank"},{"floor":12,"key":"Odd Mushroom"}],"event_choices":[{"cards_removed":["Strike_G"],"damage_healed":0,"gold_gain":0,"player_choice":"Card Removal","damage_taken":7,"max_hp_gain":0,"max_hp_loss":0,"event_name":"Golden Wing","floor":2,"gold_loss":0},{"damage_healed":0,"gold_gain":0,"player_choice":"Donut","damage_taken":0,"max_hp_gain":5,"max_hp_loss":0,"event_name":"Big Fish","floor":4,"gold_loss":0},{"cards_removed":["Strike_G"],"damage_healed":0,"gold_gain":0,"player_choice":"Forget","damage_taken":0,"max_hp_gain":0,"max_hp_loss":0,"event_name":"Living Wall","floor":5,"gold_loss":0},{"damage_healed":0,"gold_gain":0,"player_choice":"Fought Mushrooms","damage_taken":0,"max_hp_gain":0,"max_hp_loss":0,"event_name":"Mushrooms","floor":12,"gold_loss":0},{"damage_healed":0,"gold_gain":0,"player_choice":"Opened","damage_taken":0,"relics_obtained":["Art of War"],"max_hp_gain":0,"max_hp_loss":0,"event_name":"The Mausoleum","floor":20,"gold_loss":0},{"damage_healed":0,"gold_gain":0,"player_choice":"Forge","damage_taken":0,"max_hp_gain":0,"max_hp_loss":0,"event_name":"Accursed Blacksmith","floor":22,"gold_loss":0,"cards_upgraded":["Noxious Fumes"]}],"is_beta":false,"boss_relics":[{"not_picked":["Black Star","Empty Cage"],"picked":"Ring of the Serpent"}],"items_purged_floors":[3],"is_endless":false,"potions_floor_spawned":[8,11,12,16],"killed_by":"Gremlin Leader","ascension_level":9}