{"gold_per_floor":[118,138,138,138,153,188,74,93,119,119,146,166,166,197,197,269,269,283,23,34,34,46,46,46],"floor_reached":24,"playtime":1045,"items_purged":["Pain"],"score":482,"play_id":"1a08b8e6-322e-4040-83b6-f4e59b8d8434","local_time":"20191016222104","is_ascension_mode":true,"campfire_choices":[{"floor":10,"key":"REST"},{"data":"Biased Cognition","floor":13,"key":"SMITH"},{"data":"Streamline","floor":15,"key":"SMITH"},{"data":"Hyperbeam","floor":23,"key":"SMITH"}],"neow_cost":"NONE","seed_source_timestamp":365154589703900,"circlet_count":0,"master_deck":["AscendersBane","Strike_B","Strike_B","Strike_B","Strike_B","Defend_B","Defend_B","Defend_B","Defend_B","Zap","Dualcast","Self Repair","Conserve Battery","Compile Driver","Biased Cognition+1","Genetic Algorithm","Hologram","Go for the Eyes","Glacier","Streamline+1","Hyperbeam+1","Stack+1","Melter","Hologram"],"relics":["Cracked Core","NeowsBlessing","Blue Candle","WarpedTongs","Happy Flower","Boot","WingedGreaves","Bronze Scales","Nuclear Battery","Runic Capacitor"],"potions_floor_usage":[8,14,24],"damage_taken":[{"damage":0,"enemies":"Cultist","floor":1,"turns":1},{"damage":0,"enemies":"Small Slimes","floor":2,"turns":1},{"damage":1,"enemies":"2 Louse","floor":5,"turns":2},{"damage":57,"enemies":"Gremlin Nob","floor":6,"turns":5},{"damage":16,"enemies":"Exordium Wildlife","floor":8,"turns":4},{"damage":19,"enemies":"Lagavulin","floor":11,"turns":8},{"damage":4,"enemies":"3 Louse","floor":12,"turns":5},{"damage":0,"enemies":"3 Sentries","floor":14,"turns":8},{"damage":38,"enemies":"Slime Boss","floor":16,"turns":15},{"damage":0,"enemies":"Chosen","floor":18,"turns":7},{"damage":8,"enemies":"2 Thieves","floor":20,"turns":4},{"damage":14,"enemies":"Snake Plant","floor":22,"turns":4},{"damage":38,"enemies":"Book of Stabbing","floor":24,"turns":4}],"seed_played":"9015320715424041147","potions_obtained":[{"floor":2,"key":"Regen Potion"},{"floor":6,"key":"GamblersBrew"},{"floor":8,"key":"AttackPotion"},{"floor":12,"key":"Energy Potion"},{"floor":20,"key":"FocusPotion"}],"is_trial":false,"path_per_floor":["M","M","T","?","M","E","$","M","T","R","E","M","R","E","R","B",null,"M","$","M","?","M","R","E"],"character_chosen":"DEFECT","items_purchased":["Genetic Algorithm","Runic Capacitor","Melter"],"campfire_rested":1,"item_purchase_floors":[7,19,19],"current_hp_per_floor":[64,71,71,71,70,23,23,29,29,50,38,44,44,51,51,23,59,66,66,65,45,38,38,0],"gold":46,"neow_bonus":"THREE_ENEMY_KILL","is_prod":false,"is_daily":false,"chose_seed":false,"campfire_upgraded":3,"win_rate":0,"timestamp":1571289664,"path_taken":["M","?","?","?","?","E","?","M","T","R","E","M","R","E","R","BOSS","M","$","M","?","M","R","E"],"build_version":"2019-07-17","purchased_purges":1,"victory":false,"max_hp_per_floor":[71,71,71,71,71,71,71,71,71,71,71,71,71,71,71,71,71,71,71,71,76,76,76,76],"card_choices":[{"not_picked":["Turbo","Go for the Eyes"],"picked":"Self Repair","floor":1},{"not_picked":["Hologram","Skim"],"picked":"Conserve Battery","floor":2},{"not_picked":["Turbo","Leap"],"picked":"Compile Driver","floor":5},{"not_picked":["Seek","Hologram"],"picked":"Biased Cognition","floor":6},{"not_picked":["Compile Driver","Auto Shields"],"picked":"Hologram","floor":8},{"not_picked":["Melter","Hello World"],"picked":"Go for the Eyes","floor":11},{"not_picked":["Stack","Sweeping Beam"],"picked":"Glacier","floor":12},{"not_picked":["Compile Driver","Rebound"],"picked":"Streamline","floor":14},{"not_picked":["Machine Learning","Seek"],"picked":"Hyperbeam","floor":16},{"not_picked":["Turbo","Rebound"],"picked":"Stack+1","floor":18},{"not_picked":["Consume","Lockon","Compile Driver"],"picked":"SKIP","floor":20},{"not_picked":["Consume","Skim"],"picked":"Hologram","floor":22}],"player_experience":856913,"relics_obtained":[{"floor":3,"key":"Blue Candle"},{"floor":6,"key":"Happy Flower"},{"floor":9,"key":"Boot"},{"floor":11,"key":"WingedGreaves"},{"floor":14,"key":"Bronze Scales"}],"event_choices":[{"damage_healed":0,"gold_gain":0,"player_choice":"Rummage","damage_taken":0,"relics_obtained":["WarpedTongs"],"max_hp_gain":0,"max_hp_loss":0,"event_name":"Accursed Blacksmith","floor":4,"gold_loss":0,"cards_obtained":["Pain"]},{"damage_healed":0,"gold_gain":0,"player_choice":"Shed Blood","damage_taken":25,"max_hp_gain":5,"max_hp_loss":0,"event_name":"Forgotten Altar","floor":21,"gold_loss":0}],"is_beta":false,"boss_relics":[{"not_picked":["Runic Dome","Ectoplasm"],"picked":"Nuclear Battery"}],"items_purged_floors":[7],"is_endless":false,"potions_floor_spawned":[2,6,8,12,20],"killed_by":"Book of Stabbing","ascension_level":20}