{"gold_per_floor":[116,116,116,116,14,43,43,43,43,78,107,107,133,83,83,158,158,176,176,8,28,28],"floor_reached":22,"playtime":652,"items_purged":["Strike_B"],"score":492,"play_id":"9c0b2d96-c5b3-4d9d-88cd-48a2edba4ad7","local_time":"20190622202052","is_ascension_mode":true,"campfire_choices":[{"data":"Static Discharge","floor":7,"key":"SMITH"},{"floor":12,"key":"REST"},{"floor":15,"key":"REST"}],"neow_cost":"NONE","seed_source_timestamp":669228769070252,"circlet_count":0,"master_deck":["AscendersBane","Strike_B","Strike_B","Defend_B","Defend_B+1","Defend_B","Defend_B+1","Zap","Dualcast","Ball Lightning","Static Discharge+1","Hologram","Ball Lightning","Cold Snap","Capacitor","Hello World","Conserve Battery","Echo Form","Conserve Battery","Capacitor"],"relics":["Cracked Core","NeowsBlessing","Mercury Hourglass","Strawberry","Smiling Mask","Dream Catcher","Odd Mushroom","Matryoshka","Sozu","Art of War"],"potions_floor_usage":[11,13,22],"damage_taken":[{"damage":0,"enemies":"2 Louse","floor":1,"turns":1},{"damage":0,"enemies":"Lagavulin","floor":6,"turns":1},{"damage":0,"enemies":"3 Sentries","floor":10,"turns":1},{"damage":10,"enemies":"The Mushroom Lair","floor":11,"turns":3},{"damage":8,"enemies":"Gremlin Nob","floor":13,"turns":3},{"damage":40,"enemies":"The Guardian","floor":16,"turns":9},{"damage":41,"enemies":"2 Thieves","floor":18,"turns":3},{"damage":3,"enemies":"Spheric Guardian","floor":21,"turns":4},{"damage":24,"enemies":"Centurion and Healer","floor":22,"turns":3}],"seed_played":"-1769726384403087198","potions_obtained":[{"floor":1,"key":"Energy Potion"},{"floor":10,"key":"PowerPotion"},{"floor":13,"key":"AttackPotion"}],"is_trial":false,"path_per_floor":["M","?","$","?","$","E","R","$","T","E","?","R","E","$","R","B",null,"M","?","$","M","M"],"character_chosen":"DEFECT","items_purchased":["Static Discharge","Hologram","Art of War"],"campfire_rested":2,"item_purchase_floors":[5,5,20],"current_hp_per_floor":[64,43,43,17,17,24,24,24,24,24,14,37,29,29,52,12,62,21,21,21,18,0],"gold":28,"neow_bonus":"THREE_ENEMY_KILL","is_prod":false,"is_daily":false,"chose_seed":false,"campfire_upgraded":1,"win_rate":0,"timestamp":1561260052,"path_taken":["M","?","$","?","?","E","R","$","T","E","?","R","E","$","R","BOSS","M","?","$","M","?"],"build_version":"2019-01-23","purchased_purges":1,"victory":false,"max_hp_per_floor":[71,71,71,71,71,78,78,78,78,78,78,78,78,78,78,78,78,78,78,78,78,78],"card_choices":[{"not_picked":["Lockon","Heatsinks"],"picked":"Ball Lightning","floor":1},{"not_picked":["White Noise","Cold Snap"],"picked":"Ball Lightning","floor":6},{"not_picked":["Redo","BootSequence"],"picked":"Cold Snap","floor":10},{"not_picked":["Compile Driver","Redo"],"picked":"Capacitor","floor":11},{"not_picked":["Chill","Gash"],"picked":"Hello World","floor":12},{"not_picked":["Blizzard","Hello World","Storm"],"picked":"SKIP","floor":13},{"not_picked":["FTL","Reinforced Body"],"picked":"Conserve Battery","floor":15},{"not_picked":["Meteor Strike","Core Surge"],"picked":"Echo Form","floor":16},{"not_picked":["Coolheaded","Sweeping Beam"],"picked":"Conserve Battery","floor":18},{"not_picked":["Sweeping Beam","Cold Snap"],"picked":"Capacitor","floor":21}],"player_experience":622889,"relics_obtained":[{"floor":6,"key":"Strawberry"},{"floor":9,"key":"Smiling Mask"},{"floor":10,"key":"Dream Catcher"},{"floor":11,"key":"Odd Mushroom"},{"floor":13,"key":"Matryoshka"}],"event_choices":[{"damage_healed":0,"gold_gain":0,"player_choice":"Entered Light","damage_taken":21,"max_hp_gain":0,"max_hp_loss":0,"event_name":"Shining Light","floor":2,"gold_loss":0,"cards_upgraded":["Defend_B","Defend_B"]},{"damage_healed":0,"gold_gain":0,"player_choice":"Success","damage_taken":26,"relics_obtained":["Mercury Hourglass"],"max_hp_gain":0,"max_hp_loss":0,"event_name":"Scrap Ooze","floor":4,"gold_loss":0},{"damage_healed":0,"gold_gain":0,"player_choice":"Fought Mushrooms","damage_taken":0,"max_hp_gain":0,"max_hp_loss":0,"event_name":"Mushrooms","floor":11,"gold_loss":0},{"cards_removed":["Strike_B"],"damage_healed":0,"gold_gain":0,"player_choice":"Purged","damage_taken":0,"max_hp_gain":0,"max_hp_loss":0,"event_name":"Purifier","floor":19,"gold_loss":0}],"is_beta":false,"boss_relics":[{"not_picked":["Inserter","Black Star"],"picked":"Sozu"}],"items_purged_floors":[14],"is_endless":false,"potions_floor_spawned":[1,10,13,21],"killed_by":"Centurion and Healer","ascension_level":20}