{"gold_per_floor":[113,126,126,126,126,165,165,165,244,244,265,265,153,172,172,265,265,286,286,302,216,216,216,251,23,23,46,62,86,102,133,133,229,229,249,314,314],"floor_reached":37,"playtime":1363,"items_purged":[],"score":824,"play_id":"1dadaf2d-af5d-4471-838d-717189ee6ee2","local_time":"20190807161942","is_ascension_mode":true,"campfire_choices":[{"data":"Sunder","floor":7,"key":"SMITH"},{"floor":10,"key":"REST"},{"data":"Streamline","floor":12,"key":"SMITH"},{"data":"Defragment","floor":15,"key":"SMITH"},{"floor":23,"key":"REST"},{"data":"Creative AI","floor":32,"key":"SMITH"}],"neow_cost":"NONE","seed_source_timestamp":487122985677200,"circlet_count":0,"master_deck":["AscendersBane","Strike_B","Strike_B","Strike_B","Strike_B","Defend_B","Defend_B+1","Defend_B","Defend_B","Zap+1","Dualcast","Sweeping Beam","Sunder+1","Injury","Rebound","Streamline+1","Defragment+1","Coolheaded","Core Surge","Biased Cognition","Sweeping Beam+1","Ghostly","Ghostly","Ghostly","Heatsinks","Defragment","Core Surge","Echo Form","Conserve Battery","Coolheaded+1","Conserve Battery","Creative AI+1","Meteor Strike","Coolheaded+1"],"relics":["Cracked Core","NeowsBlessing","Golden Idol","Matryoshka","Orichalcum","Letter Opener","Cables","Sozu","Dead Branch","Art of War","Meat on the Bone","Red Mask","Coffee Dripper","Peace Pipe"],"potions_floor_usage":[31],"damage_taken":[{"damage":0,"enemies":"Jaw Worm","floor":1,"turns":1},{"damage":0,"enemies":"Small Slimes","floor":2,"turns":1},{"damage":0,"enemies":"Lagavulin","floor":6,"turns":1},{"damage":0,"enemies":"2 Louse","floor":11,"turns":2},{"damage":0,"enemies":"2 Fungi Beasts","floor":14,"turns":3},{"damage":2,"enemies":"Slime Boss","floor":16,"turns":7},{"damage":39,"enemies":"2 Thieves","floor":18,"turns":4},{"damage":0,"enemies":"Chosen","floor":20,"turns":4},{"damage":23,"enemies":"Book of Stabbing","floor":24,"turns":6},{"damage":3,"enemies":"Centurion and Healer","floor":27,"turns":6},{"damage":0,"enemies":"3 Cultists","floor":28,"turns":5},{"damage":13,"enemies":"Shelled Parasite and Fungi","floor":29,"turns":4},{"damage":7,"enemies":"Centurion and Healer","floor":30,"turns":6},{"damage":9,"enemies":"Masked Bandits","floor":31,"turns":4},{"damage":18,"enemies":"Collector","floor":33,"turns":17},{"damage":1,"enemies":"3 Shapes","floor":35,"turns":3},{"damage":14,"enemies":"2 Orb Walkers","floor":36,"turns":4},{"damage":28,"enemies":"3 Darklings","floor":37,"turns":2}],"seed_played":"499026843431053135","potions_obtained":[{"floor":14,"key":"Regen Potion"}],"is_trial":false,"path_per_floor":["M","M","?","?","?","E","R","?","T","R","M","R","$","M","R","B",null,"M","?","M","$","?","R","E","$","T","M","M","M","M","?","R","B",null,"M","?","M"],"character_chosen":"DEFECT","items_purchased":["Defragment","Coolheaded","Heatsinks","Echo Form","Conserve Battery"],"campfire_rested":2,"item_purchase_floors":[13,13,21,25,25],"current_hp_per_floor":[64,64,64,43,32,32,32,37,37,59,59,59,59,59,59,57,71,32,32,32,32,32,38,15,15,15,24,24,23,28,31,31,25,35,34,20,0],"gold":314,"neow_bonus":"THREE_ENEMY_KILL","is_prod":false,"is_daily":false,"chose_seed":false,"campfire_upgraded":4,"win_rate":0,"timestamp":1565219982,"path_taken":["M","M","?","?","?","E","R","?","T","R","M","R","$","M","R","BOSS","M","?","M","$","?","R","E","$","T","?","M","M","M","?","R","BOSS","M","?","M"],"build_version":"2019-07-17","purchased_purges":0,"victory":false,"max_hp_per_floor":[71,71,71,71,71,71,71,76,76,76,76,76,76,76,76,76,76,76,38,38,38,38,38,38,38,38,38,38,38,38,38,38,38,38,38,38,38],"card_choices":[{"not_picked":["Gash","Static Discharge"],"picked":"Sweeping Beam","floor":1},{"not_picked":["White Noise","Storm"],"picked":"Sunder","floor":2},{"not_picked":["Barrage","Tempest"],"picked":"Rebound","floor":6},{"not_picked":["Scrape","Lockon"],"picked":"Streamline","floor":11},{"not_picked":["BootSequence","Rip and Tear"],"picked":"Core Surge","floor":14},{"not_picked":["Machine Learning","Electrodynamics"],"picked":"Biased Cognition","floor":16},{"not_picked":["Streamline","Cold Snap"],"picked":"Sweeping Beam+1","floor":18},{"not_picked":["Redo+1","Leap","Steam"],"picked":"SKIP","floor":20},{"not_picked":["Gash","Barrage"],"picked":"Core Surge","floor":24},{"not_picked":["BootSequence","Streamline"],"picked":"Coolheaded+1","floor":27},{"not_picked":["Gash","Darkness","Rebound"],"picked":"SKIP","floor":28},{"not_picked":["Fusion","Rebound"],"picked":"Conserve Battery","floor":29},{"not_picked":["Beam Cell","Barrage","Gash"],"picked":"SKIP","floor":30},{"not_picked":["Chill","Sweeping Beam"],"picked":"Creative AI","floor":31},{"not_picked":["Amplify","Creative AI"],"picked":"Meteor Strike","floor":33},{"not_picked":["Heatsinks+1","Stack"],"picked":"Coolheaded+1","floor":35}],"player_experience":719139,"relics_obtained":[{"floor":6,"key":"Orichalcum"},{"floor":9,"key":"Letter Opener"},{"floor":9,"key":"Cables"},{"floor":24,"key":"Dead Branch"},{"floor":26,"key":"Art of War"},{"floor":26,"key":"Meat on the Bone"},{"floor":31,"key":"Red Mask"},{"floor":36,"key":"Peace Pipe"}],"event_choices":[{"damage_healed":0,"gold_gain":0,"player_choice":"Take Wound","damage_taken":0,"relics_obtained":["Golden Idol"],"max_hp_gain":0,"max_hp_loss":0,"event_name":"Golden Idol","floor":3,"gold_loss":0,"cards_obtained":["Injury"]},{"damage_healed":0,"gold_gain":0,"player_choice":"Entered Light","damage_taken":21,"max_hp_gain":0,"max_hp_loss":0,"event_name":"Shining Light","floor":4,"gold_loss":0,"cards_upgraded":["Defend_B","Zap"]},{"damage_healed":0,"gold_gain":0,"player_choice":"Success","damage_taken":11,"relics_obtained":["Matryoshka"],"max_hp_gain":0,"max_hp_loss":0,"event_name":"Scrap Ooze","floor":5,"gold_loss":0},{"damage_healed":0,"gold_gain":0,"player_choice":"Donut","damage_taken":0,"max_hp_gain":5,"max_hp_loss":0,"event_name":"Big Fish","floor":8,"gold_loss":0},{"damage_healed":0,"gold_gain":0,"player_choice":"Became a Ghost","damage_taken":0,"max_hp_gain":0,"max_hp_loss":38,"event_name":"Ghosts","floor":19,"gold_loss":0,"cards_obtained":["Ghostly","Ghostly","Ghostly"]},{"damage_healed":0,"gold_gain":0,"player_choice":"1 cards matched","damage_taken":0,"max_hp_gain":0,"max_hp_loss":0,"event_name":"Match and Keep!","floor":22,"gold_loss":0,"cards_obtained":["Defragment"]},{"damage_healed":0,"gold_gain":0,"player_choice":"Fought Bandits","damage_taken":0,"max_hp_gain":0,"max_hp_loss":0,"event_name":"Masked Bandits","floor":31,"gold_loss":0},{"damage_healed":0,"gold_gain":0,"player_choice":"Fight","damage_taken":0,"max_hp_gain":0,"max_hp_loss":0,"event_name":"Mysterious Sphere","floor":36,"gold_loss":0}],"is_beta":false,"boss_relics":[{"not_picked":["Astrolabe","Fusion Hammer"],"picked":"Sozu"},{"not_picked":["Runic Pyramid","Busted Crown"],"picked":"Coffee Dripper"}],"items_purged_floors":[],"is_endless":false,"potions_floor_spawned":[14,18,28,33],"killed_by":"3 Darklings","ascension_level":20}