{"gold_per_floor":[119,137,137,156,156,190,190,234,257,288,9,28,28,47,47,47],"floor_reached":16,"playtime":811,"items_purged":["Strike_G"],"score":174,"play_id":"765c1d67-4769-410c-87cf-801f8f57bc6d","local_time":"20191019115844","is_ascension_mode":true,"campfire_choices":[{"floor":7,"key":"REST"},{"data":"Neutralize","floor":13,"key":"SMITH"},{"data":"Cloak And Dagger","floor":15,"key":"SMITH"}],"neow_cost":"NONE","seed_source_timestamp":819414188535700,"circlet_count":0,"master_deck":["Strike_G","Strike_G","Strike_G","Strike_G","Defend_G","Defend_G","Defend_G","Defend_G","Defend_G","Survivor","Neutralize+1","Quick Slash","Terror","Endless Agony","Calculated Gamble","Cloak And Dagger+1","Blur"],"relics":["Ring of the Snake","Golden Idol","Oddly Smooth Stone","Orichalcum","Ancient Tea Set","Regal Pillow","Chemical X"],"potions_floor_usage":[8,16,16,16],"damage_taken":[{"damage":4,"enemies":"Small Slimes","floor":1,"turns":4},{"damage":0,"enemies":"2 Louse","floor":2,"turns":2},{"damage":2,"enemies":"Jaw Worm","floor":4,"turns":3},{"damage":21,"enemies":"Gremlin Nob","floor":6,"turns":4},{"damage":14,"enemies":"3 Sentries","floor":8,"turns":10},{"damage":14,"enemies":"Gremlin Nob","floor":10,"turns":4},{"damage":1,"enemies":"Red Slaver","floor":12,"turns":4},{"damage":0,"enemies":"Lots of Slimes","floor":14,"turns":4},{"damage":42,"enemies":"Slime Boss","floor":16,"turns":12}],"seed_played":"7264180636963961502","potions_obtained":[{"floor":4,"key":"Fire Potion"},{"floor":6,"key":"Explosive Potion"},{"floor":8,"key":"Swift Potion"},{"floor":12,"key":"Strength Potion"}],"is_trial":false,"path_per_floor":["M","M","?","M","?","E","R","E","T","E","$","M","R","M","R","B"],"character_chosen":"THE_SILENT","items_purchased":["Chemical X"],"campfire_rested":1,"item_purchase_floors":[11],"current_hp_per_floor":[66,66,71,69,69,48,70,56,56,42,42,41,41,41,41,0],"gold":47,"neow_bonus":"TEN_PERCENT_HP_BONUS","is_prod":false,"is_daily":false,"chose_seed":false,"campfire_upgraded":2,"win_rate":0,"timestamp":1571500724,"path_taken":["M","M","?","M","?","E","R","E","T","E","$","M","R","M","R","BOSS"],"build_version":"2019-07-17","purchased_purges":1,"victory":false,"max_hp_per_floor":[77,77,82,82,76,76,76,76,76,76,76,76,76,76,76,76],"card_choices":[{"not_picked":["Underhanded Strike","Footwork"],"picked":"Quick Slash","floor":1},{"not_picked":["Crippling Poison","Expertise"],"picked":"Terror","floor":2},{"not_picked":["Deflect","Poisoned Stab"],"picked":"Endless Agony","floor":4},{"not_picked":["Underhanded Strike","Deflect","Acrobatics"],"picked":"SKIP","floor":6},{"not_picked":["Prepared","Burst"],"picked":"Calculated Gamble","floor":8},{"not_picked":["Bane","Deadly Poison"],"picked":"Cloak And Dagger","floor":10},{"not_picked":["Dagger Throw","Dodge and Roll"],"picked":"Blur","floor":12},{"not_picked":["Distraction","Tactician","Sucker Punch"],"picked":"SKIP","floor":14}],"player_experience":427884,"relics_obtained":[{"floor":6,"key":"Oddly Smooth Stone"},{"floor":8,"key":"Orichalcum"},{"floor":9,"key":"Ancient Tea Set"},{"floor":10,"key":"Regal Pillow"}],"event_choices":[{"damage_healed":0,"gold_gain":0,"player_choice":"Donut","damage_taken":0,"max_hp_gain":5,"max_hp_loss":0,"event_name":"Big Fish","floor":3,"gold_loss":0},{"damage_healed":0,"gold_gain":0,"player_choice":"Lose Max HP","damage_taken":0,"relics_obtained":["Golden Idol"],"max_hp_gain":0,"max_hp_loss":6,"event_name":"Golden Idol","floor":5,"gold_loss":0}],"is_beta":false,"boss_relics":[],"items_purged_floors":[11],"is_endless":false,"potions_floor_spawned":[4,6,8,12],"killed_by":"Slime Boss","ascension_level":9}