{"gold_per_floor":[118,118,132,52,65,65,94,112,135,135,149,66,66,66,66,137,137,108,123,48,48],"floor_reached":21,"playtime":929,"items_purged":[],"score":358,"play_id":"d30961e5-c4a9-440c-80b2-995c8a1eae9a","local_time":"20191025114323","is_ascension_mode":true,"campfire_choices":[{"data":"Sunder","floor":6,"key":"SMITH"},{"data":"Defragment","floor":10,"key":"SMITH"},{"data":"Hologram","floor":15,"key":"SMITH"}],"neow_cost":"NONE","seed_source_timestamp":1104613288576100,"circlet_count":0,"master_deck":["AscendersBane","Strike_B+1","Strike_B+1","Strike_B","Defend_B+1","Defend_B","Defend_B","Defend_B","Zap+1","Dualcast","Glacier","Sunder+1","Defragment+1","Barrage","Hologram+1","Genetic Algorithm","Loop+1","Creative AI","Compile Driver","Defragment"],"relics":["Cracked Core","Happy Flower","GremlinMask","Boot","War Paint","Whetstone","Philosopher\u0027s Stone"],"potions_floor_usage":[7,18,19],"damage_taken":[{"damage":9,"enemies":"Small Slimes","floor":1,"turns":4},{"damage":0,"enemies":"Cultist","floor":3,"turns":4},{"damage":1,"enemies":"2 Louse","floor":5,"turns":3},{"damage":15,"enemies":"Lagavulin","floor":7,"turns":8},{"damage":3,"enemies":"Blue Slaver","floor":8,"turns":2},{"damage":0,"enemies":"Exordium Wildlife","floor":11,"turns":3},{"damage":6,"enemies":"Slime Boss","floor":16,"turns":8},{"damage":2,"enemies":"2 Thieves","floor":18,"turns":4},{"damage":43,"enemies":"3 Byrds","floor":19,"turns":4},{"damage":20,"enemies":"Centurion and Healer","floor":21,"turns":3}],"seed_played":"6954885747922423619","potions_obtained":[{"floor":1,"key":"PowerPotion"},{"floor":3,"key":"SkillPotion"},{"floor":16,"key":"Fire Potion"},{"floor":18,"key":"Ancient Potion"}],"is_trial":false,"path_per_floor":["M","?","M","$","M","R","E","M","T","R","M","$","?","T","R","B",null,"M","M","?","M"],"character_chosen":"DEFECT","items_purchased":["Defragment","Loop"],"campfire_rested":0,"item_purchase_floors":[4,12],"current_hp_per_floor":[55,55,55,55,54,54,39,36,36,36,36,36,36,36,36,30,61,59,16,16,0],"gold":48,"neow_bonus":"RANDOM_COMMON_RELIC","is_prod":false,"is_daily":false,"chose_seed":false,"campfire_upgraded":3,"win_rate":0,"timestamp":1572029003,"path_taken":["M","?","?","?","M","R","E","M","T","R","M","$","?","?","R","BOSS","M","M","?","M"],"build_version":"2019-07-17","purchased_purges":0,"victory":false,"max_hp_per_floor":[71,71,71,71,71,71,71,71,71,71,71,71,71,71,71,71,71,71,71,71,71],"card_choices":[{"not_picked":["Steam Power","BootSequence"],"picked":"Glacier","floor":1},{"not_picked":["Tempest","Fusion"],"picked":"Sunder","floor":3},{"not_picked":["Force Field","Redo"],"picked":"Barrage","floor":5},{"not_picked":["Static Discharge","Gash","Stack"],"picked":"SKIP","floor":7},{"not_picked":["Streamline","Turbo"],"picked":"Hologram","floor":8},{"not_picked":["Hyperbeam","Hello World"],"picked":"Genetic Algorithm","floor":11},{"not_picked":["Buffer","Fission"],"picked":"Creative AI","floor":16},{"not_picked":["Reprogram","Chill"],"picked":"Compile Driver","floor":18},{"not_picked":["Auto Shields","Aggregate"],"picked":"Defragment","floor":19}],"player_experience":902752,"relics_obtained":[{"floor":7,"key":"Boot"},{"floor":9,"key":"War Paint"},{"floor":14,"key":"Whetstone"}],"event_choices":[{"damage_healed":0,"gold_gain":0,"player_choice":"Trade","damage_taken":0,"relics_obtained":["GremlinMask"],"max_hp_gain":0,"max_hp_loss":0,"event_name":"FaceTrader","floor":2,"gold_loss":0},{"damage_healed":0,"gold_gain":0,"player_choice":"Grow","damage_taken":0,"max_hp_gain":0,"max_hp_loss":0,"event_name":"Living Wall","floor":13,"gold_loss":0,"cards_upgraded":["Loop"]},{"cards_removed":["Strike_B"],"damage_healed":0,"gold_gain":0,"player_choice":"Gave Gold","damage_taken":0,"max_hp_gain":0,"max_hp_loss":0,"event_name":"Beggar","floor":20,"gold_loss":75}],"is_beta":false,"boss_relics":[{"not_picked":["Inserter","Runic Dome"],"picked":"Philosopher\u0027s Stone"}],"items_purged_floors":[],"is_endless":false,"potions_floor_spawned":[1,3,16,18],"killed_by":"Centurion and Healer","ascension_level":20}