{"gold_per_floor":[113,38,56,69,169,169,180,180,180,213,213,233,28,91,91,191,191,201,212,311,311,34,34,59,59,83,58,58,72,90,123,123,228,228,245,70,170,170,183,214,214,224,224,224,78,111,122,151,151,151],"floor_reached":51,"playtime":4435,"items_purged":["Defend_G","Deadly Poison"],"score":1161,"play_id":"03cb489a-e473-41b4-80c0-cbff2fd07c64","local_time":"20191020002047","is_ascension_mode":true,"campfire_choices":[{"data":"Neutralize","floor":6.0,"key":"SMITH"},{"data":"Dagger Spray","floor":8.0,"key":"SMITH"},{"data":"Unload","floor":11.0,"key":"SMITH"},{"data":"Leg Sweep","floor":15.0,"key":"SMITH"},{"data":"Apotheosis","floor":23.0,"key":"SMITH"},{"data":"Barricade","floor":25.0,"key":"SMITH"},{"data":"Footwork","floor":32.0,"key":"SMITH"},{"floor":49,"key":"REST"}],"neow_cost":"NONE","seed_source_timestamp":0,"circlet_count":0,"master_deck":["Survivor","Neutralize+1","Leg Sweep+1","Dagger Spray+1","Unload+1","Prepared","Footwork+1","Barricade+1","Backflip","Adrenaline","Cloak And Dagger","After Image","Unload+1","Escape Plan","Venomology","Apotheosis+1","Backflip","Headbutt","Conserve Battery","Berserk","Masterful Stab","Hologram+1","Mayhem","Calculated Gamble+1","Shrug It Off","Thinking Ahead","Impervious"],"special_seed":0,"relics":["Ring of the Snake","Matryoshka","StoneCalendar","PrismaticShard","Gremlin Horn","Pandora\u0027s Box","Red Mask","Bag of Preparation","Bag of Marbles","Pen Nib","The Courier","Whetstone","Lizard Tail","Happy Flower","Peace Pipe","Smiling Mask","Du-Vu Doll","Sundial","Omamori","Centennial Puzzle"],"potions_floor_usage":[37,40,40,42,46,47,47,48,48,50,50,50],"damage_taken":[{"damage":1.0,"enemies":"Jaw Worm","floor":1.0,"turns":4.0},{"damage":4.0,"enemies":"Cultist","floor":3.0,"turns":5.0},{"damage":0.0,"enemies":"Small Slimes","floor":4.0,"turns":4.0},{"damage":2.0,"enemies":"Blue Slaver","floor":7.0,"turns":5.0},{"damage":9.0,"enemies":"Gremlin Nob","floor":10.0,"turns":4.0},{"damage":0.0,"enemies":"Looter","floor":12.0,"turns":2.0},{"damage":10.0,"enemies":"3 Sentries","floor":14.0,"turns":5.0},{"damage":22.0,"enemies":"The Guardian","floor":16.0,"turns":14.0},{"damage":3.0,"enemies":"Shell Parasite","floor":18.0,"turns":7.0},{"damage":5.0,"enemies":"Chosen","floor":19.0,"turns":5.0},{"damage":0.0,"enemies":"Masked Bandits","floor":24.0,"turns":3.0},{"damage":0.0,"enemies":"Snake Plant","floor":29.0,"turns":5.0},{"damage":0.0,"enemies":"Snecko","floor":30.0,"turns":5.0},{"damage":0.0,"enemies":"Gremlin Leader","floor":31.0,"turns":6.0},{"damage":0.0,"enemies":"Champ","floor":33.0,"turns":15.0},{"damage":0,"enemies":"3 Shapes","floor":35,"turns":3},{"damage":0,"enemies":"Mind Bloom Boss Battle","floor":37,"turns":6},{"damage":0,"enemies":"Orb Walker","floor":39,"turns":4},{"damage":12,"enemies":"Reptomancer","floor":40,"turns":7},{"damage":0,"enemies":"Transient","floor":42,"turns":5},{"damage":0,"enemies":"Giant Head","floor":46,"turns":8},{"damage":43,"enemies":"3 Darklings","floor":47,"turns":6},{"damage":5,"enemies":"Nemesis","floor":48,"turns":9},{"damage":54,"enemies":"Time Eater","floor":50,"turns":22}],"seed_played":"-4112170148293939364","potions_obtained":[{"floor":3.0,"key":"Poison Potion"},{"floor":10.0,"key":"Explosive Potion"},{"floor":12.0,"key":"LiquidBronze"},{"floor":16.0,"key":"SteroidPotion"},{"floor":19.0,"key":"EssenceOfSteel"},{"floor":24.0,"key":"Swift Potion"},{"floor":40,"key":"Strength Potion"},{"floor":42,"key":"AttackPotion"}],"is_trial":false,"path_per_floor":["M","$","M","M","?","R","M","R","T","E","R","M","$","?","R","B",null,"M","M","?","?","$","R","?","R","T","$","T","M","M","E","R","B",null,"M","$","?","?","M","E","T","M","T","?","$","E","M","E","R","B",null],"character_chosen":"THE_SILENT","items_purchased":["PrismaticShard","Apotheosis","Backflip","Happy Flower","Masterful Stab","Thinking Ahead"],"campfire_rested":1,"item_purchase_floors":[13,22,27,36,36,45],"current_hp_per_floor":[62,62,58,58,58,58,56,56,56,47,47,47,47,37,37,15,56,53,48,48,70,70,70,70,70,70,70,70,70,70,70,70,70,70,70,70,70,70,70,58,58,58,58,70,70,70,27,22,43,35],"gold":151,"neow_bonus":"REMOVE_CARD","is_prod":false,"is_daily":false,"chose_seed":false,"campfire_upgraded":7,"win_rate":0,"timestamp":1571545247,"path_taken":["M","$","M","M","?","R","M","R","T","E","R","?","$","?","R","BOSS","M","M","?","?","$","R","?","R","T","$","?","?","M","E","R","BOSS","M","$","?","?","M","E","?","M","T","?","$","E","?","E","R","BOSS"],"build_version":"2019-07-17","purchased_purges":2,"victory":true,"max_hp_per_floor":[70,70,70,70,70,70,70,70,70,70,70,70,70,70,70,70,70,70,70,70,70,70,70,70,70,70,70,70,70,70,70,70,70,70,70,70,70,70,70,70,70,70,70,70,70,70,70,70,70,70],"card_choices":[{"not_picked":["Quick Slash","Dagger Throw"],"picked":"Leg Sweep","floor":1.0},{"not_picked":["Poisoned Stab","Flechettes"],"picked":"Dagger Spray","floor":3.0},{"not_picked":["Bane","Dash"],"picked":"Unload","floor":4.0},{"not_picked":["Deadly Poison","Crippling Poison"],"picked":"Endless Agony","floor":7.0},{"not_picked":["Expertise","Underhanded Strike"],"picked":"Prepared","floor":10.0},{"not_picked":["Finisher","Flying Knee"],"picked":"Footwork","floor":12.0},{"not_picked":["Panache","Glass Knife"],"picked":"Barricade","floor":16.0},{"not_picked":["Go for the Eyes","Finisher","Blood for Blood"],"picked":"SKIP","floor":18.0},{"not_picked":["Flying Knee","Clothesline","Outmaneuver"],"picked":"SKIP","floor":19.0},{"not_picked":["Barrage","Corruption","Slice+1"],"picked":"SKIP","floor":29.0},{"not_picked":["Stack+1","Force Field+1"],"picked":"Headbutt","floor":30.0},{"not_picked":["Core Surge","Rainbow"],"picked":"Conserve Battery","floor":31.0},{"not_picked":["Bludgeon","Chrysalis"],"picked":"Berserk","floor":33.0},{"not_picked":["Flex+1","Blind+1","Flechettes"],"picked":"SKIP","floor":35},{"not_picked":["Headbutt","Double Energy"],"picked":"Hologram+1","floor":37},{"not_picked":["Master of Strategy","PanicButton"],"picked":"Mayhem","floor":38},{"not_picked":["Beam Cell","Steam+1","Wild Strike+1"],"picked":"SKIP","floor":39},{"not_picked":["Second Wind","Burst"],"picked":"Calculated Gamble+1","floor":40},{"not_picked":["Deflect","Clash"],"picked":"Shrug It Off","floor":42},{"not_picked":["Heatsinks+1","Acrobatics+1","Twin Strike+1"],"picked":"SKIP","floor":46},{"not_picked":["Sucker Punch","Dodge and Roll+1"],"picked":"Impervious","floor":47},{"not_picked":["Searing Blow+1","Cloak And Dagger+1","Amplify"],"picked":"SKIP","floor":48}],"player_experience":430517,"relics_obtained":[{"floor":9.0,"key":"Matryoshka"},{"floor":10.0,"key":"StoneCalendar"},{"floor":14.0,"key":"Gremlin Horn"},{"floor":24.0,"key":"Red Mask"},{"floor":26.0,"key":"Bag of Preparation"},{"floor":26.0,"key":"Bag of Marbles"},{"floor":28.0,"key":"Pen Nib"},{"floor":28.0,"key":"The Courier"},{"floor":31.0,"key":"Whetstone"},{"floor":37,"key":"Peace Pipe"},{"floor":40,"key":"Smiling Mask"},{"floor":41,"key":"Du-Vu Doll"},{"floor":43,"key":"Sundial"},{"floor":46,"key":"Omamori"},{"floor":48,"key":"Centennial Puzzle"}],"event_choices":[{"damage_healed":0.0,"max_hp_gain":0.0,"max_hp_loss":0.0,"gold_gain":100.0,"event_name":"Golden Shrine","player_choice":"Pray","floor":5.0,"gold_loss":0.0,"damage_taken":0.0},{"damage_healed":0.0,"max_hp_gain":0.0,"max_hp_loss":0.0,"gold_gain":0.0,"event_name":"Dead Adventurer","player_choice":"Searched \u00272\u0027 times","floor":14.0,"gold_loss":0.0,"damage_taken":0.0},{"damage_healed":0.0,"max_hp_gain":0.0,"max_hp_loss":0.0,"gold_gain":99.0,"event_name":"Nest","player_choice":"Stole From Cult","floor":20.0,"gold_loss":0.0,"damage_taken":0.0},{"damage_healed":23.0,"max_hp_gain":0.0,"max_hp_loss":0.0,"gold_gain":0.0,"event_name":"The Library","player_choice":"Heal","floor":21.0,"gold_loss":0.0,"damage_taken":0.0},{"damage_healed":0.0,"max_hp_gain":0.0,"max_hp_loss":0.0,"gold_gain":0.0,"event_name":"Masked Bandits","player_choice":"Fought Bandits","floor":24.0,"gold_loss":0.0,"damage_taken":0.0},{"damage_healed":0,"gold_gain":0,"player_choice":"Fight","damage_taken":0,"max_hp_gain":0,"max_hp_loss":0,"event_name":"MindBloom","floor":37,"gold_loss":0},{"damage_healed":0,"gold_gain":0,"player_choice":"Memory 1","damage_taken":0,"max_hp_gain":0,"max_hp_loss":0,"event_name":"SensoryStone","floor":38,"gold_loss":0},{"cards_removed":["Endless Agony"],"damage_healed":12,"gold_gain":0,"player_choice":"Offered Uncommon","damage_taken":0,"max_hp_gain":0,"max_hp_loss":0,"event_name":"Bonfire Elementals","floor":44,"gold_loss":0}],"is_beta":false,"boss_relics":[{"not_picked":["Coffee Dripper","Busted Crown"],"picked":"Pandora\u0027s Box"},{"not_picked":["Velvet Choker","Calling Bell"],"picked":"Lizard Tail"}],"items_purged_floors":[2,22],"is_endless":false,"potions_floor_spawned":[3,10,12,16,19,24,31,37,40,42],"ascension_level":9}