{"gold_per_floor":[117,24,42,42,53,88,100,112,112,112,135,60,76,76],"floor_reached":14,"playtime":354,"items_purged":["Injury"],"score":188,"play_id":"fa6a137d-0050-4a51-a2cf-9151f71f24cc","local_time":"20191018231323","is_ascension_mode":true,"campfire_choices":[],"neow_cost":"NONE","seed_source_timestamp":541787867384200,"circlet_count":0,"master_deck":["AscendersBane","Strike_B","Strike_B","Strike_B","Strike_B","Defend_B","Defend_B","Defend_B","Defend_B","Zap","Dualcast","Conserve Battery","Loop","Undo","Sunder","Machine Learning","Rebound","Gash","Gash","Ball Lightning"],"relics":["Cracked Core","NeowsBlessing","Art of War","Singing Bowl","Golden Idol"],"potions_floor_usage":[13],"damage_taken":[{"damage":0,"enemies":"Jaw Worm","floor":1,"turns":1},{"damage":0,"enemies":"2 Louse","floor":3,"turns":1},{"damage":0,"enemies":"Small Slimes","floor":5,"turns":1},{"damage":23,"enemies":"Gremlin Nob","floor":6,"turns":4},{"damage":4,"enemies":"Exordium Wildlife","floor":7,"turns":3},{"damage":18,"enemies":"Lots of Slimes","floor":8,"turns":3},{"damage":19,"enemies":"Exordium Thugs","floor":11,"turns":7},{"damage":11,"enemies":"Red Slaver","floor":13,"turns":3},{"damage":6,"enemies":"Blue Slaver","floor":14,"turns":1}],"seed_played":"3156014421342198809","potions_obtained":[{"floor":7,"key":"Block Potion"},{"floor":8,"key":"Regen Potion"}],"is_trial":false,"path_per_floor":["M","$","M","?","M","E","M","M","T","?","M","$","M","M"],"character_chosen":"DEFECT","items_purchased":["Loop","Strength Potion"],"campfire_rested":0,"item_purchase_floors":[2,2],"current_hp_per_floor":[64,64,64,69,69,46,42,24,24,24,5,5,3,0],"gold":76,"neow_bonus":"THREE_ENEMY_KILL","is_prod":false,"is_daily":false,"chose_seed":false,"campfire_upgraded":0,"win_rate":0,"timestamp":1571465603,"path_taken":["M","$","M","?","M","E","M","M","T","?","M","$","M","M"],"build_version":"2019-07-17","purchased_purges":1,"victory":false,"max_hp_per_floor":[71,71,71,76,76,76,76,76,76,76,76,76,76,76],"card_choices":[{"not_picked":["Turbo","Force Field"],"picked":"Conserve Battery","floor":1},{"not_picked":["Go for the Eyes","Blizzard"],"picked":"Undo","floor":3},{"not_picked":["Scrape","Undo"],"picked":"Sunder","floor":5},{"not_picked":["Stack","BootSequence"],"picked":"Machine Learning","floor":6},{"not_picked":["Scrape","Redo"],"picked":"Rebound","floor":7},{"not_picked":["Go for the Eyes","Coolheaded"],"picked":"Gash","floor":8},{"not_picked":["Barrage","Steam"],"picked":"Gash","floor":11},{"not_picked":["Rip and Tear","Beam Cell"],"picked":"Ball Lightning","floor":13}],"player_experience":868523,"relics_obtained":[{"floor":6,"key":"Art of War"},{"floor":9,"key":"Singing Bowl"}],"event_choices":[{"damage_healed":0,"gold_gain":0,"player_choice":"Donut","damage_taken":0,"max_hp_gain":5,"max_hp_loss":0,"event_name":"Big Fish","floor":4,"gold_loss":0},{"damage_healed":0,"gold_gain":0,"player_choice":"Take Wound","damage_taken":0,"relics_obtained":["Golden Idol"],"max_hp_gain":0,"max_hp_loss":0,"event_name":"Golden Idol","floor":10,"gold_loss":0,"cards_obtained":["Injury"]}],"is_beta":false,"boss_relics":[],"items_purged_floors":[12],"is_endless":false,"potions_floor_spawned":[7,8,11],"killed_by":"Blue Slaver","ascension_level":20}