{"gold_per_floor":[115,125,125,125,143,143,182,207,230,248,16,32,32,63,63,191,191,215,236,126,126,141,141,66,66,89,0,0,0,0,33,33,156,456,475,493,45,65,81,81,105,205,284,284,347,347,367,391,391,391],"floor_reached":51,"playtime":2253,"items_purged":["Strike_P","Strike_P"],"score":1202,"play_id":"9311284a-d0c3-478a-9aa6-10e1015c49f5","local_time":"20191026174108","is_ascension_mode":true,"campfire_choices":[{"data":"Fasting2","floor":6.0,"key":"SMITH"},{"floor":13.0,"key":"REST"},{"floor":15.0,"key":"REST"},{"floor":23.0,"key":"REST"},{"floor":25.0,"key":"REST"},{"data":"DevaForm","floor":28.0,"key":"SMITH"},{"data":"Wish","floor":30.0,"key":"SMITH"},{"data":"Fasting2","floor":32.0,"key":"SMITH"},{"data":"Devotion","floor":40,"key":"SMITH"},{"data":"RitualDagger","floor":46,"key":"SMITH"},{"data":"Vigilance","floor":49,"key":"SMITH"}],"neow_cost":"NONE","seed_source_timestamp":29453634394300,"circlet_count":0,"master_deck":["AscendersBane","Defend_P","Defend_P","Defend_P","Defend_P","Eruption","Vigilance+1","Fasting2+1","Protect","Devotion+1","ReachHeaven","DevaForm+1","Wish+1","Omniscience","Fasting2+1","RitualDagger+1","Scrawl","CurseOfTheBell"],"special_seed":0,"relics":["Snecko Eye","Golden Idol","Boot","Juzu Bracelet","Happy Flower","Busted Crown","Strawberry","Gambling Chip","Calling Bell","Potion Belt","Sundial","Old Coin","Mummified Hand","InkBottle","Bird Faced Urn"],"potions_floor_usage":[41,47],"damage_taken":[{"damage":0.0,"enemies":"Cultist","floor":1.0,"turns":2.0},{"damage":0.0,"enemies":"2 Louse","floor":2.0,"turns":2.0},{"damage":0.0,"enemies":"Jaw Worm","floor":5.0,"turns":3.0},{"damage":20.0,"enemies":"Lagavulin","floor":7.0,"turns":6.0},{"damage":21.0,"enemies":"Exordium Thugs","floor":8.0,"turns":7.0},{"damage":2.0,"enemies":"3 Louse","floor":10.0,"turns":3.0},{"damage":0.0,"enemies":"Looter","floor":12.0,"turns":3.0},{"damage":4.0,"enemies":"Gremlin Nob","floor":14.0,"turns":5.0},{"damage":6.0,"enemies":"Slime Boss","floor":16.0,"turns":8.0},{"damage":8.0,"enemies":"3 Byrds","floor":18.0,"turns":3.0},{"damage":0.0,"enemies":"Shell Parasite","floor":19.0,"turns":5.0},{"damage":29.0,"enemies":"Snake Plant","floor":22.0,"turns":4.0},{"damage":11.0,"enemies":"Slavers","floor":31.0,"turns":5.0},{"damage":0.0,"enemies":"Collector","floor":33.0,"turns":7.0},{"damage":0.0,"enemies":"Orb Walker","floor":35.0,"turns":4.0},{"damage":0,"enemies":"3 Shapes","floor":36,"turns":6},{"damage":1,"enemies":"Spire Growth","floor":38,"turns":7},{"damage":0,"enemies":"Sphere and 2 Shapes","floor":39,"turns":5},{"damage":7,"enemies":"Transient","floor":41,"turns":5},{"damage":0,"enemies":"Mind Bloom Boss Battle","floor":45,"turns":4},{"damage":0,"enemies":"Maw","floor":47,"turns":5},{"damage":0,"enemies":"4 Shapes","floor":48,"turns":4},{"damage":0,"enemies":"Awakened One","floor":50,"turns":17}],"seed_played":"1926377798238715230","potions_obtained":[{"floor":5.0,"key":"LiquidMemories"},{"floor":12.0,"key":"LiquidBronze"},{"floor":16.0,"key":"BottledMiracle"},{"floor":18.0,"key":"LiquidMemories"},{"floor":33.0,"key":"FearPotion"},{"floor":38,"key":"DistilledChaos"},{"floor":48,"key":"PowerPotion"}],"is_trial":false,"path_per_floor":["M","M","?","?","M","R","E","M","T","M","$","M","R","E","R","B",null,"M","M","$","?","M","R","?","R","T","?","R","$","R","E","R","B",null,"M","M","$","M","M","R","M","?","T","?","?","R","M","M","R","B",null],"character_chosen":"WATCHER","items_purchased":["DevaForm","Wish","Fasting2","Mummified Hand","Block Potion","Block Potion"],"campfire_rested":4,"item_purchase_floors":[11,11,20,37,37,37],"current_hp_per_floor":[65,65,65,47,47,47,27,6,6,4,4,4,25,21,42,36,63,55,55,55,49,20,41,41,62,69,69,69,69,69,58,58,58,74,74,74,74,73,73,73,66,66,66,66,66,66,74,79,79,79],"gold":391,"neow_bonus":"BOSS_RELIC","is_prod":false,"is_daily":false,"chose_seed":false,"campfire_upgraded":7,"win_rate":0,"timestamp":1572104468,"path_taken":["M","?","?","?","M","R","E","M","T","M","$","M","R","E","R","BOSS","M","M","$","?","M","R","?","R","T","?","R","$","R","E","R","BOSS","M","M","$","M","M","R","M","?","T","?","?","R","M","M","R","BOSS"],"build_version":"2019-10-25-V3","purchased_purges":2,"victory":true,"max_hp_per_floor":[72,72,72,72,72,72,72,72,72,72,72,72,72,72,72,72,72,72,72,72,72,72,72,72,72,79,79,79,79,79,79,79,79,79,79,79,79,79,79,79,79,79,79,79,79,79,79,79,79,79],"card_choices":[{"not_picked":["Consecrate","CrushJoints"],"picked":"Fasting2","floor":1.0},{"not_picked":["FlyingSleeves","JustLucky"],"picked":"Protect","floor":2.0},{"not_picked":["ThirdEye","Protect"],"picked":"Devotion","floor":5.0},{"not_picked":["ClearTheMind","Consecrate","Brilliance"],"picked":"SKIP","floor":7.0},{"not_picked":["ClearTheMind","FollowUp","CarveReality"],"picked":"SKIP","floor":8.0},{"not_picked":["PathToVictory","FlyingSleeves"],"picked":"ReachHeaven","floor":10.0},{"not_picked":["Prostrate","Halt","Crescendo"],"picked":"SKIP","floor":12.0},{"not_picked":["JustLucky","MasterReality","EmptyBody"],"picked":"SKIP","floor":14.0},{"not_picked":["LessonLearned","Brilliance"],"picked":"Omniscience","floor":16.0},{"not_picked":["Protect"],"picked":"SKIP","floor":18.0},{"not_picked":["Swivel"],"picked":"SKIP","floor":19.0},{"not_picked":["Consecrate"],"picked":"SKIP","floor":22.0},{"not_picked":["EmptyBody"],"picked":"SKIP","floor":31.0},{"not_picked":[],"picked":"Scrawl","floor":33.0},{"not_picked":["SignatureMove+1"],"picked":"SKIP","floor":35.0},{"not_picked":["BowlingBash"],"picked":"SKIP","floor":36},{"not_picked":["CrushJoints+1"],"picked":"SKIP","floor":38},{"not_picked":["CutThroughFate"],"picked":"SKIP","floor":39},{"not_picked":["EmptyBody"],"picked":"SKIP","floor":41},{"not_picked":["BattleHymn+1"],"picked":"SKIP","floor":47},{"not_picked":["FlyingSleeves+1"],"picked":"SKIP","floor":48}],"player_experience":552665,"relics_obtained":[{"floor":7.0,"key":"Boot"},{"floor":9.0,"key":"Juzu Bracelet"},{"floor":14.0,"key":"Happy Flower"},{"floor":26.0,"key":"Strawberry"},{"floor":31.0,"key":"Gambling Chip"},{"floor":34.0,"key":"Potion Belt"},{"floor":34.0,"key":"Sundial"},{"floor":34.0,"key":"Old Coin"},{"floor":43,"key":"InkBottle"},{"floor":45,"key":"Bird Faced Urn"}],"event_choices":[{"damage_healed":0.0,"max_hp_gain":0.0,"max_hp_loss":0.0,"gold_gain":0.0,"event_name":"Liars Game","player_choice":"Ignored","floor":3.0,"gold_loss":0.0,"damage_taken":0.0},{"damage_healed":0.0,"max_hp_gain":0.0,"max_hp_loss":0.0,"gold_gain":0.0,"event_name":"Golden Idol","player_choice":"Take Damage","floor":4.0,"gold_loss":0.0,"damage_taken":18.0,"relics_obtained":["Golden Idol"]},{"damage_healed":0.0,"max_hp_gain":0.0,"max_hp_loss":0.0,"gold_gain":0.0,"event_name":"Nest","player_choice":"Joined the Cult","floor":21.0,"gold_loss":0.0,"damage_taken":6.0,"cards_obtained":["RitualDagger"]},{"cards_removed":["Strike_P"],"damage_healed":0.0,"max_hp_gain":0.0,"max_hp_loss":0.0,"gold_gain":0.0,"event_name":"Beggar","player_choice":"Gave Gold","floor":24.0,"gold_loss":75.0,"damage_taken":0.0},{"damage_healed":0.0,"max_hp_gain":0.0,"max_hp_loss":0.0,"gold_gain":0.0,"event_name":"Masked Bandits","player_choice":"Paid Fearfully","floor":27.0,"gold_loss":89.0,"damage_taken":0.0},{"damage_healed":0,"gold_gain":100,"player_choice":"Pray","damage_taken":0,"max_hp_gain":0,"max_hp_loss":0,"event_name":"Golden Shrine","floor":42,"gold_loss":0},{"cards_removed":["Strike_P"],"damage_healed":0,"gold_gain":0,"player_choice":"Removed Attack","damage_taken":0,"max_hp_gain":0,"max_hp_loss":0,"event_name":"Falling","floor":44,"gold_loss":0},{"damage_healed":0,"gold_gain":0,"player_choice":"Fight","damage_taken":0,"max_hp_gain":0,"max_hp_loss":0,"event_name":"MindBloom","floor":45,"gold_loss":0}],"is_beta":true,"boss_relics":[{"not_picked":["VioletLotus","Runic Dome"],"picked":"Busted Crown"},{"not_picked":["Pandora\u0027s Box","Velvet Choker"],"picked":"Calling Bell"}],"items_purged_floors":[20,37],"is_endless":false,"potions_floor_spawned":[5,12,16,18,33,38,39,48],"ascension_level":11}