{"gold_per_floor":[113,113,78,78,91,91,124,124,124,144,170,187,43,68,68,68],"floor_reached":16,"playtime":414,"items_purged":[],"score":286,"play_id":"90b86aa0-03b2-47eb-8beb-3866a85da165","local_time":"20190816110429","is_ascension_mode":true,"campfire_choices":[{"data":"White Noise","floor":6,"key":"SMITH"},{"data":"Coolheaded","floor":8,"key":"SMITH"},{"floor":15,"key":"REST"}],"neow_cost":"NONE","seed_source_timestamp":175792816568500,"circlet_count":0,"master_deck":["AscendersBane","Strike_B","Strike_B","Strike_B","Strike_B","Defend_B","Defend_B","Defend_B","Defend_B","Zap","Dualcast","Ball Lightning","White Noise+1","Coolheaded+1","Glacier","Ball Lightning","Hologram","Defragment","Self Repair","Hologram","Reboot"],"relics":["Cracked Core","NeowsBlessing","Pen Nib","The Courier","Strawberry","Centennial Puzzle","Bag of Marbles"],"potions_floor_usage":[],"damage_taken":[{"damage":0,"enemies":"Small Slimes","floor":1,"turns":1},{"damage":0,"enemies":"Jaw Worm","floor":5,"turns":1},{"damage":0,"enemies":"Gremlin Nob","floor":7,"turns":1},{"damage":4,"enemies":"Cultist","floor":10,"turns":4},{"damage":6,"enemies":"3 Sentries","floor":11,"turns":5},{"damage":9,"enemies":"Red Slaver","floor":12,"turns":3},{"damage":31,"enemies":"Gremlin Nob","floor":14,"turns":4},{"damage":42,"enemies":"Hexaghost","floor":16,"turns":11}],"seed_played":"3798377096329662770","potions_obtained":[{"floor":7,"key":"FairyPotion"},{"floor":11,"key":"Explosive Potion"},{"floor":14,"key":"Fire Potion"}],"is_trial":false,"path_per_floor":["M","?","?","$","M","R","E","R","T","M","E","M","$","E","R","B"],"character_chosen":"DEFECT","items_purchased":["Defragment","Self Repair","Hologram"],"campfire_rested":1,"item_purchase_floors":[13,13,13],"current_hp_per_floor":[64,38,55,55,55,55,55,55,62,58,52,43,43,19,42,0],"gold":68,"neow_bonus":"THREE_ENEMY_KILL","is_prod":false,"is_daily":false,"chose_seed":false,"campfire_upgraded":2,"win_rate":0,"timestamp":1565978669,"path_taken":["M","?","?","?","M","R","E","R","T","M","E","?","?","E","R","BOSS"],"build_version":"2019-07-17","purchased_purges":0,"victory":false,"max_hp_per_floor":[71,71,71,71,71,71,71,71,78,78,78,78,78,78,78,78],"card_choices":[{"not_picked":["Gash","Steam"],"picked":"Ball Lightning","floor":1},{"not_picked":["Beam Cell","Barrage"],"picked":"White Noise","floor":5},{"not_picked":["Consume","Static Discharge"],"picked":"Coolheaded","floor":7},{"not_picked":["Hologram","Gash"],"picked":"Glacier","floor":10},{"not_picked":["Blizzard","Rebound"],"picked":"Ball Lightning","floor":11},{"not_picked":["Melter","Tempest"],"picked":"Hologram","floor":12},{"not_picked":["Heatsinks","Scrape"],"picked":"Reboot","floor":14}],"player_experience":730211,"relics_obtained":[{"floor":7,"key":"The Courier"},{"floor":9,"key":"Strawberry"},{"floor":11,"key":"Centennial Puzzle"},{"floor":14,"key":"Bag of Marbles"}],"event_choices":[{"damage_healed":0,"gold_gain":0,"player_choice":"Success","damage_taken":26,"relics_obtained":["Pen Nib"],"max_hp_gain":0,"max_hp_loss":0,"event_name":"Scrap Ooze","floor":2,"gold_loss":0},{"damage_healed":17,"gold_gain":0,"player_choice":"Healed","damage_taken":0,"max_hp_gain":0,"max_hp_loss":0,"event_name":"The Cleric","floor":3,"gold_loss":35}],"is_beta":false,"boss_relics":[],"items_purged_floors":[],"is_endless":false,"potions_floor_spawned":[7,11,14],"killed_by":"Hexaghost","ascension_level":20}