{"gold_per_floor":[115,115,133,133,58,93,93,93,147,181,198,233,250,325,325,430,430,444,463,363,363,43,43,57,57,57,67,79,79,79,90,90,186,186,205,45,45,57,77,77,91,91,144,156,176,176,192,211,211,211],"floor_reached":50,"playtime":2626,"items_purged":["Strike_P","Defend_P","Defend_P"],"score":565,"play_id":"518ce740-6fad-4c50-a7fc-3fc0ef4475f0","local_time":"20190915070912","is_ascension_mode":true,"campfire_choices":[{"data":"FlyingSleeves","floor":7.0,"key":"SMITH"},{"floor":15.0,"key":"REST"},{"data":"TalkToTheHand","floor":23.0,"key":"SMITH"},{"data":"TalkToTheHand","floor":29.0,"key":"SMITH"},{"data":"Devotion","floor":32.0,"key":"SMITH"},{"data":"WindmillStrike","floor":40.0,"key":"SMITH"},{"floor":42.0,"key":"REST"},{"floor":46.0,"key":"REST"},{"floor":49.0,"key":"REST"}],"neow_cost":"NONE","seed_source_timestamp":103441199088500,"circlet_count":0,"master_deck":["Strike_P+1","Strike_P+1","Defend_P+1","Defend_P+1","Eruption","Vigilance+1","FearNoEvil","TalkToTheHand+1","FlyingSleeves+1","Protect","Perseverance+1","FollowUp","Devotion+1","TalkToTheHand+1","LessonLearned+1","Perseverance+1","Devotion+1","WindmillStrike+1"],"special_seed":0,"relics":["PureWater","NeowsBlessing","Art of War","Bronze Scales","HornCleat","Shuriken","SlaversCollar","Meat on the Bone","Potion Belt","Sozu","Vajra"],"potions_floor_usage":[50,50],"damage_taken":[{"damage":0.0,"enemies":"2 Louse","floor":1.0,"turns":1.0},{"damage":0.0,"enemies":"Jaw Worm","floor":3.0,"turns":1.0},{"damage":0.0,"enemies":"3 Sentries","floor":6.0,"turns":1.0},{"damage":14.0,"enemies":"Gremlin Nob","floor":10.0,"turns":4.0},{"damage":0.0,"enemies":"Small Slimes","floor":11.0,"turns":3.0},{"damage":15.0,"enemies":"3 Sentries","floor":12.0,"turns":5.0},{"damage":0.0,"enemies":"3 Louse","floor":13.0,"turns":2.0},{"damage":9.0,"enemies":"The Guardian","floor":16.0,"turns":12.0},{"damage":12.0,"enemies":"Chosen","floor":18.0,"turns":6.0},{"damage":1.0,"enemies":"3 Byrds","floor":19.0,"turns":3.0},{"damage":9.0,"enemies":"Snake Plant","floor":24.0,"turns":4.0},{"damage":0.0,"enemies":"Chosen and Byrds","floor":27.0,"turns":4.0},{"damage":10.0,"enemies":"Centurion and Healer","floor":28.0,"turns":6.0},{"damage":3.0,"enemies":"3 Cultists","floor":31.0,"turns":5.0},{"damage":15.0,"enemies":"Automaton","floor":33.0,"turns":9.0},{"damage":13.0,"enemies":"3 Darklings","floor":35.0,"turns":6.0},{"damage":4.0,"enemies":"Orb Walker","floor":38.0,"turns":5.0},{"damage":26.0,"enemies":"Jaw Worm Horde","floor":39.0,"turns":5.0},{"damage":0.0,"enemies":"Maw","floor":41.0,"turns":6.0},{"damage":14.0,"enemies":"4 Shapes","floor":44.0,"turns":12.0},{"damage":28.0,"enemies":"Transient","floor":45.0,"turns":5.0},{"damage":4.0,"enemies":"Jaw Worm Horde","floor":47.0,"turns":4.0},{"damage":27.0,"enemies":"4 Shapes","floor":48.0,"turns":4.0},{"damage":42,"enemies":"Donu and Deca","floor":50,"turns":5}],"seed_played":"5874722046702807740","potions_obtained":[{"floor":1.0,"key":"Regen Potion"},{"floor":10.0,"key":"Explosive Potion"},{"floor":12.0,"key":"SteroidPotion"},{"floor":24.0,"key":"DuplicationPotion"},{"floor":28.0,"key":"PowerPotion"},{"floor":31.0,"key":"Ancient Potion"}],"is_trial":false,"path_per_floor":["M","?","M","?","$","E","R","?","T","E","M","E","M","?","R","B",null,"M","M","$","?","$","R","M","$","T","M","M","R","?","M","R","B",null,"M","$","?","M","M","R","M","R","T","M","M","R","M","M","R","B"],"character_chosen":"WATCHER","items_purchased":["Perseverance","Meat on the Bone","Devotion"],"campfire_rested":4,"item_purchase_floors":[22,22,36],"current_hp_per_floor":[65,65,65,65,65,65,65,52,52,38,38,23,23,12,31,22,65,53,52,52,52,52,52,43,43,43,43,33,33,33,42,42,42,65,52,52,52,48,34,34,34,53,53,39,23,42,38,23,42,0],"gold":211,"neow_bonus":"THREE_ENEMY_KILL","is_prod":false,"is_daily":false,"chose_seed":false,"campfire_upgraded":5,"win_rate":0,"timestamp":1568524152,"path_taken":["M","?","M","?","?","E","R","?","T","E","M","E","M","?","R","BOSS","M","M","$","?","$","R","M","?","T","M","?","R","?","M","R","BOSS","M","$","?","?","M","R","M","R","T","M","M","R","M","M","R","BOSS"],"build_version":"2019-09-12","purchased_purges":3,"victory":false,"max_hp_per_floor":[65,65,65,65,65,65,65,65,65,65,65,65,65,65,65,65,65,65,65,65,65,65,65,65,65,65,65,65,65,65,65,65,65,65,65,65,65,65,65,65,65,65,65,65,65,65,65,65,65,65],"card_choices":[{"not_picked":["CutThroughFate","Fasting"],"picked":"FearNoEvil","floor":1.0},{"not_picked":["ThirdEye","CleanseEvil","TalkToTheHand"],"picked":"SKIP","floor":3.0},{"not_picked":["ThirdEye","CleanseEvil"],"picked":"TalkToTheHand","floor":3.0},{"not_picked":["Evaluate","PathToVictory"],"picked":"FlyingSleeves","floor":6.0},{"not_picked":["DeceiveReality","EmptyMind","FlurryOfBlows"],"picked":"SKIP","floor":10.0},{"not_picked":["DeceiveReality","EmptyMind","FlurryOfBlows"],"picked":"SKIP","floor":10.0},{"not_picked":["CleanseEvil","SandsOfTime","Meditate"],"picked":"SKIP","floor":11.0},{"not_picked":["Consecrate","Evaluate","CarveReality"],"picked":"SKIP","floor":12.0},{"not_picked":["FlyingSleeves","DeceiveReality"],"picked":"Protect","floor":13.0},{"not_picked":["Sanctity","Scrawl+1","ThirdEye"],"picked":"SKIP","floor":18.0},{"not_picked":["EmptyBody","EmptyMind","SandsOfTime"],"picked":"SKIP","floor":19.0},{"not_picked":["CleanseEvil","JustLucky+1"],"picked":"FollowUp","floor":24.0},{"not_picked":["ForeignInfluence+1","FlyingSleeves"],"picked":"Devotion","floor":27.0},{"not_picked":["FearNoEvil","ClearTheMind"],"picked":"TalkToTheHand","floor":28.0},{"not_picked":["JustLucky","Metaphysics","Prostrate"],"picked":"SKIP","floor":31.0},{"not_picked":["ReachHeaven","Ragnarok"],"picked":"LessonLearned","floor":33.0},{"not_picked":["SandsOfTime+1","InnerPeace"],"picked":"Perseverance+1","floor":35.0},{"not_picked":["FlurryOfBlows+1","InnerPeace","JustLucky+1"],"picked":"SKIP","floor":38.0},{"not_picked":["SandsOfTime","JustLucky"],"picked":"WindmillStrike","floor":39.0},{"not_picked":["Halt","Conclude","ClearTheMind+1"],"picked":"SKIP","floor":41.0},{"not_picked":["Halt","Conclude","ClearTheMind+1"],"picked":"SKIP","floor":41.0},{"not_picked":["SpiritShield+1","EmptyBody","PathToVictory+1"],"picked":"SKIP","floor":44.0},{"not_picked":["PathToVictory","StepAndStrike","JustLucky"],"picked":"SKIP","floor":45.0},{"not_picked":["Consecrate","Collect+1","Crescendo+1"],"picked":"SKIP","floor":47.0},{"not_picked":["EmptyMind","CutThroughFate","Weave"],"picked":"SKIP","floor":48.0}],"player_experience":455488,"relics_obtained":[{"floor":6.0,"key":"Art of War"},{"floor":9.0,"key":"Bronze Scales"},{"floor":10.0,"key":"HornCleat"},{"floor":12.0,"key":"Shuriken"},{"floor":26.0,"key":"Potion Belt"},{"floor":43.0,"key":"Vajra"}],"event_choices":[{"damage_healed":0.0,"max_hp_gain":0.0,"max_hp_loss":0.0,"gold_gain":0.0,"event_name":"Living Wall","player_choice":"Grow","floor":2.0,"gold_loss":0.0,"damage_taken":0.0,"cards_upgraded":["Vigilance"]},{"damage_healed":0.0,"max_hp_gain":0.0,"max_hp_loss":0.0,"gold_gain":0.0,"event_name":"Liars Game","player_choice":"Ignored","floor":4.0,"gold_loss":0.0,"damage_taken":0.0},{"damage_healed":0.0,"max_hp_gain":0.0,"max_hp_loss":0.0,"gold_gain":0.0,"event_name":"Shining Light","player_choice":"Entered Light","floor":8.0,"gold_loss":0.0,"damage_taken":13.0,"cards_upgraded":["Strike_P","Defend_P"]},{"damage_healed":0.0,"max_hp_gain":0.0,"max_hp_loss":0.0,"gold_gain":75.0,"event_name":"World of Goop","player_choice":"Gather Gold","floor":14.0,"gold_loss":0.0,"damage_taken":11.0},{"cards_removed":["Strike_P"],"damage_healed":0.0,"max_hp_gain":0.0,"max_hp_loss":0.0,"gold_gain":0.0,"event_name":"Bonfire Elementals","player_choice":"Offered Basic","floor":21.0,"gold_loss":0.0,"damage_taken":0.0},{"damage_healed":0.0,"max_hp_gain":0.0,"max_hp_loss":0.0,"gold_gain":0.0,"event_name":"The Mausoleum","player_choice":"Ignored","floor":30.0,"gold_loss":0.0,"damage_taken":0.0},{"damage_healed":0.0,"max_hp_gain":0.0,"max_hp_loss":0.0,"gold_gain":0.0,"event_name":"Accursed Blacksmith","player_choice":"Forge","floor":37.0,"gold_loss":0.0,"damage_taken":0.0,"cards_upgraded":["Devotion"]}],"is_beta":true,"boss_relics":[{"not_picked":["Pandora\u0027s Box","Busted Crown"],"picked":"SlaversCollar"},{"not_picked":["VioletLotus","Philosopher\u0027s Stone"],"picked":"Sozu"}],"items_purged_floors":[5,20,36],"is_endless":false,"potions_floor_spawned":[1,10,12,16,24,28,31,38,39,44,45,48],"killed_by":"Donu and Deca","ascension_level":3}