{"gold_per_floor":[114,125,125,125,145,178,178,178,178,178,196,212,287,161,161,161],"floor_reached":16,"playtime":277,"items_purged":["Pain"],"score":200,"play_id":"93d8b714-3fd9-43d2-bf15-326d0e74ff67","local_time":"20190718172813","is_ascension_mode":true,"campfire_choices":[{"floor":7,"key":"REST"},{"floor":15,"key":"REST"}],"neow_cost":"NONE","seed_source_timestamp":629928447496649,"circlet_count":0,"master_deck":["AscendersBane","Strike_B","Strike_B","Strike_B","Strike_B","Defend_B","Defend_B","Defend_B","Defend_B","Zap","Dualcast","Conserve Battery","Ball Lightning","Conserve Battery","Electrodynamics","Conserve Battery"],"relics":["Cracked Core","NeowsBlessing","Golden Idol","WarpedTongs","Du-Vu Doll","Singing Bowl","Incense Burner","Symbiotic Virus"],"potions_floor_usage":[6],"damage_taken":[{"damage":0,"enemies":"Small Slimes","floor":1,"turns":1},{"damage":0,"enemies":"Jaw Worm","floor":2,"turns":1},{"damage":1,"enemies":"Cultist","floor":5,"turns":1},{"damage":23,"enemies":"Gremlin Nob","floor":6,"turns":4},{"damage":0,"enemies":"Large Slime","floor":11,"turns":4},{"damage":11,"enemies":"Exordium Wildlife","floor":12,"turns":2},{"damage":24,"enemies":"Hexaghost","floor":16,"turns":9}],"seed_played":"2067711931553089604","potions_obtained":[{"floor":5,"key":"Block Potion"},{"floor":12,"key":"Ancient Potion"}],"is_trial":false,"path_per_floor":["M","M","?","?","M","E","R","?","T","T","M","M","?","$","R","B"],"character_chosen":"DEFECT","items_purchased":["Conserve Battery"],"campfire_rested":2,"item_purchase_floors":[14],"current_hp_per_floor":[64,64,40,40,39,16,37,19,19,19,21,12,1,1,23,0],"gold":161,"neow_bonus":"THREE_ENEMY_KILL","is_prod":false,"is_daily":false,"chose_seed":false,"campfire_upgraded":0,"win_rate":0,"timestamp":1563496093,"path_taken":["M","M","?","?","?","E","R","?","T","?","?","M","?","$","R","BOSS"],"build_version":"2019-07-17","purchased_purges":1,"victory":false,"max_hp_per_floor":[71,71,71,71,71,71,71,71,71,71,73,75,75,75,75,75],"card_choices":[{"not_picked":["Coolheaded","Streamline"],"picked":"Conserve Battery","floor":1},{"not_picked":["Streamline","Sweeping Beam"],"picked":"Ball Lightning","floor":2},{"not_picked":["Turbo","Barrage"],"picked":"Conserve Battery","floor":5},{"not_picked":["Sweeping Beam","Gash"],"picked":"Electrodynamics","floor":6},{"not_picked":["Auto Shields","Leap","Undo"],"picked":"Singing Bowl","floor":11},{"not_picked":["Coolheaded","Ball Lightning","Gash"],"picked":"Singing Bowl","floor":12}],"player_experience":691055,"relics_obtained":[{"floor":6,"key":"Du-Vu Doll"},{"floor":9,"key":"Incense Burner"},{"floor":10,"key":"Symbiotic Virus"}],"event_choices":[{"damage_healed":0,"gold_gain":0,"player_choice":"Take Damage","damage_taken":24,"relics_obtained":["Golden Idol"],"max_hp_gain":0,"max_hp_loss":0,"event_name":"Golden Idol","floor":3,"gold_loss":0},{"damage_healed":0,"gold_gain":0,"player_choice":"Rummage","damage_taken":0,"relics_obtained":["WarpedTongs"],"max_hp_gain":0,"max_hp_loss":0,"event_name":"Accursed Blacksmith","floor":4,"gold_loss":0,"cards_obtained":["Pain"]},{"damage_healed":0,"gold_gain":0,"player_choice":"Success","damage_taken":18,"relics_obtained":["Singing Bowl"],"max_hp_gain":0,"max_hp_loss":0,"event_name":"Scrap Ooze","floor":8,"gold_loss":0},{"damage_healed":0,"gold_gain":75,"player_choice":"Gather Gold","damage_taken":11,"max_hp_gain":0,"max_hp_loss":0,"event_name":"World of Goop","floor":13,"gold_loss":0}],"is_beta":false,"boss_relics":[],"items_purged_floors":[14],"is_endless":false,"potions_floor_spawned":[5,12],"killed_by":"Hexaghost","ascension_level":20}