{"gold_per_floor":[118,134,134,209,209,244,244,278,278,278,298,298,311,329,329,401,401,416,426,426],"floor_reached":20,"playtime":456,"items_purged":[],"score":418,"play_id":"15dd8166-82e1-46b0-8bab-11cf9fd3910e","local_time":"20191006180912","is_ascension_mode":true,"campfire_choices":[{"data":"Steam Power","floor":7,"key":"SMITH"},{"floor":10,"key":"REST"},{"floor":15,"key":"REST"}],"neow_cost":"NONE","seed_source_timestamp":2221407886731499,"circlet_count":0,"master_deck":["AscendersBane","Strike_B+1","Strike_B","Defend_B","Defend_B","Defend_B","Defend_B+1","Zap","Dualcast","Steam Power+1","Sunder+1","Gash","Coolheaded","Conserve Battery","Conserve Battery","Seek","Melter"],"relics":["Cracked Core","NeowsBlessing","Matryoshka","PreservedInsect","Boot","Vajra","Happy Flower","Singing Bowl","Empty Cage"],"potions_floor_usage":[8,16],"damage_taken":[{"damage":0,"enemies":"Jaw Worm","floor":1,"turns":1},{"damage":0,"enemies":"2 Louse","floor":2,"turns":1},{"damage":0,"enemies":"3 Sentries","floor":6,"turns":1},{"damage":35,"enemies":"Lagavulin","floor":8,"turns":7},{"damage":0,"enemies":"Small Slimes","floor":11,"turns":2},{"damage":3,"enemies":"Looter","floor":13,"turns":3},{"damage":13,"enemies":"Blue Slaver","floor":14,"turns":3},{"damage":24,"enemies":"Slime Boss","floor":16,"turns":10},{"damage":4,"enemies":"2 Thieves","floor":18,"turns":4},{"damage":0,"enemies":"Spheric Guardian","floor":19,"turns":1},{"damage":58,"enemies":"Masked Bandits","floor":20,"turns":3}],"seed_played":"-9123529098350966390","potions_obtained":[{"floor":1,"key":"Poison Potion"},{"floor":2,"key":"SteroidPotion"},{"floor":13,"key":"Fire Potion"}],"is_trial":false,"path_per_floor":["M","M","?","?","?","E","R","E","T","R","M","T","M","M","R","B",null,"M","M","?"],"character_chosen":"DEFECT","items_purchased":[],"campfire_rested":2,"item_purchase_floors":[],"current_hp_per_floor":[64,64,64,64,43,43,43,8,8,29,29,29,28,15,36,12,58,54,56,0],"gold":426,"neow_bonus":"THREE_ENEMY_KILL","is_prod":false,"is_daily":false,"chose_seed":false,"campfire_upgraded":1,"win_rate":0,"timestamp":1570410552,"path_taken":["M","M","?","?","?","E","R","E","T","R","M","?","M","?","R","BOSS","M","M","?"],"build_version":"2019-07-17","purchased_purges":0,"victory":false,"max_hp_per_floor":[71,71,71,71,71,71,71,71,71,71,71,71,73,73,73,73,73,73,75,75],"card_choices":[{"not_picked":["Fusion","Recycle"],"picked":"Steam Power","floor":1},{"not_picked":["Capacitor","Sweeping Beam"],"picked":"Sunder","floor":2},{"not_picked":["Stack","Blizzard"],"picked":"Gash","floor":6},{"not_picked":["Rip and Tear","Go for the Eyes"],"picked":"Coolheaded","floor":8},{"not_picked":["Hologram","Cold Snap"],"picked":"Conserve Battery","floor":11},{"not_picked":["Scrape","Redo","Reinforced Body"],"picked":"Singing Bowl","floor":13},{"not_picked":["Chill","Chaos"],"picked":"Conserve Battery","floor":14},{"not_picked":["Amplify","Rainbow"],"picked":"Seek","floor":16},{"not_picked":["Reprogram","Chaos"],"picked":"Melter","floor":18},{"not_picked":["Darkness","Cold Snap","Redo"],"picked":"Singing Bowl","floor":19}],"player_experience":828115,"relics_obtained":[{"floor":6,"key":"Matryoshka"},{"floor":8,"key":"PreservedInsect"},{"floor":9,"key":"Boot"},{"floor":9,"key":"Vajra"},{"floor":12,"key":"Happy Flower"},{"floor":12,"key":"Singing Bowl"}],"event_choices":[{"damage_healed":0,"gold_gain":0,"player_choice":"Grow","damage_taken":0,"max_hp_gain":0,"max_hp_loss":0,"event_name":"Living Wall","floor":3,"gold_loss":0,"cards_upgraded":["Sunder"]},{"damage_healed":0,"gold_gain":75,"player_choice":"Gained Gold","damage_taken":0,"max_hp_gain":0,"max_hp_loss":0,"event_name":"Golden Wing","floor":4,"gold_loss":0},{"damage_healed":0,"gold_gain":0,"player_choice":"Entered Light","damage_taken":21,"max_hp_gain":0,"max_hp_loss":0,"event_name":"Shining Light","floor":5,"gold_loss":0,"cards_upgraded":["Strike_B","Defend_B"]},{"damage_healed":0,"gold_gain":0,"player_choice":"Fought Bandits","damage_taken":0,"max_hp_gain":0,"max_hp_loss":0,"event_name":"Masked Bandits","floor":20,"gold_loss":0}],"is_beta":false,"boss_relics":[{"not_picked":["Lizard Tail","Coffee Dripper"],"picked":"Empty Cage"}],"items_purged_floors":[],"is_endless":false,"potions_floor_spawned":[1,2,13],"killed_by":"Masked Bandits","ascension_level":20}