{"gold_per_floor":[117,117,10,10,25,69,69,94,94,118,131,144,144,177,177,177],"floor_reached":16,"playtime":431,"items_purged":[],"score":374,"play_id":"0009e95d-f386-4914-91f8-2b67b48bca1d","local_time":"20190719114129","is_ascension_mode":true,"campfire_choices":[{"data":"Sweeping Beam","floor":7,"key":"SMITH"},{"floor":15,"key":"REST"}],"neow_cost":"NONE","seed_source_timestamp":695370908634397,"circlet_count":0,"master_deck":["AscendersBane","Strike_B","Strike_B","Strike_B","Strike_B","Defend_B","Defend_B","Defend_B","Defend_B","Zap","Dualcast+1","Rebound","Sweeping Beam+1","Ball Lightning","Genetic Algorithm","Glacier"],"relics":["Cracked Core","NeowsBlessing","Golden Idol","Singing Bowl","Art of War","The Courier","Question Card"],"potions_floor_usage":[4,14,16],"damage_taken":[{"damage":0,"enemies":"Jaw Worm","floor":1,"turns":1},{"damage":0,"enemies":"2 Louse","floor":5,"turns":1},{"damage":0,"enemies":"Lagavulin","floor":6,"turns":1},{"damage":3,"enemies":"Small Slimes","floor":8,"turns":3},{"damage":0,"enemies":"2 Fungi Beasts","floor":10,"turns":3},{"damage":8,"enemies":"Large Slime","floor":11,"turns":4},{"damage":0,"enemies":"Exordium Wildlife","floor":12,"turns":2},{"damage":11,"enemies":"Gremlin Nob","floor":14,"turns":3}],"seed_played":"3696707531634792904","potions_obtained":[{"floor":6,"key":"GamblersBrew"},{"floor":8,"key":"Poison Potion"},{"floor":11,"key":"Explosive Potion"}],"is_trial":false,"path_per_floor":["M","?","$","?","M","E","R","M","T","M","M","M","?","E","R","B"],"character_chosen":"DEFECT","items_purchased":["Fruit Juice"],"campfire_rested":1,"item_purchase_floors":[3],"current_hp_per_floor":[64,40,40,34,34,34,34,31,31,33,27,27,27,18,42,0],"gold":177,"neow_bonus":"THREE_ENEMY_KILL","is_prod":false,"is_daily":false,"chose_seed":false,"campfire_upgraded":1,"win_rate":0,"timestamp":1563561689,"path_taken":["M","?","$","?","?","E","R","M","T","M","M","M","?","E","R","BOSS"],"build_version":"2019-07-17","purchased_purges":0,"victory":false,"max_hp_per_floor":[71,71,71,76,76,76,76,76,76,78,80,80,80,82,82,82],"card_choices":[{"not_picked":["Go for the Eyes","Stack"],"picked":"Rebound","floor":1},{"not_picked":["Compile Driver","Hologram"],"picked":"Sweeping Beam","floor":5},{"not_picked":["Static Discharge","Loop"],"picked":"Ball Lightning","floor":6},{"not_picked":["Cold Snap","Turbo"],"picked":"Genetic Algorithm","floor":8},{"not_picked":["Steam","Tempest","Barrage"],"picked":"Singing Bowl","floor":10},{"not_picked":["Blizzard","Stack","Streamline"],"picked":"Singing Bowl","floor":11},{"not_picked":["Capacitor","Meteor Strike"],"picked":"Glacier","floor":12},{"not_picked":["Steam","FTL","Barrage"],"picked":"Singing Bowl","floor":14}],"player_experience":692201,"relics_obtained":[{"floor":6,"key":"Art of War"},{"floor":9,"key":"The Courier"},{"floor":14,"key":"Question Card"}],"event_choices":[{"damage_healed":0,"gold_gain":0,"player_choice":"Take Damage","damage_taken":24,"relics_obtained":["Golden Idol"],"max_hp_gain":0,"max_hp_loss":0,"event_name":"Golden Idol","floor":2,"gold_loss":0},{"damage_healed":0,"gold_gain":0,"player_choice":"Success","damage_taken":11,"relics_obtained":["Singing Bowl"],"max_hp_gain":0,"max_hp_loss":0,"event_name":"Scrap Ooze","floor":4,"gold_loss":0},{"damage_healed":0,"gold_gain":0,"player_choice":"Grow","damage_taken":0,"max_hp_gain":0,"max_hp_loss":0,"event_name":"Living Wall","floor":13,"gold_loss":0,"cards_upgraded":["Dualcast"]}],"is_beta":false,"boss_relics":[],"items_purged_floors":[],"is_endless":false,"potions_floor_spawned":[6,8,11],"killed_by":"The Guardian","ascension_level":20}