{"gold_per_floor":[118,138,154,170,187,187,207,226,252,266,12,37,52,62,62,137,137,151,151,169,54,54,54],"floor_reached":23,"playtime":1134,"items_purged":["Strike_B"],"score":398,"play_id":"5275359a-8c3f-4118-b16e-6844abfe8503","local_time":"20191024105402","is_ascension_mode":true,"campfire_choices":[{"data":"Dualcast","floor":6,"key":"SMITH"},{"data":"Streamline","floor":15,"key":"SMITH"}],"neow_cost":"NONE","seed_source_timestamp":1015046430136800,"circlet_count":0,"master_deck":["AscendersBane","Strike_B","Strike_B","Defend_B","Defend_B","Defend_B","Defend_B","Zap+1","Dualcast+1","Genetic Algorithm","Conserve Battery","Conserve Battery","Cold Snap","Genetic Algorithm","Cold Snap","Sweeping Beam","Self Repair","Glacier","Streamline+1","Self Repair","Echo Form","Static Discharge","RitualDagger","Capacitor"],"relics":["Cracked Core","Pen Nib","Strawberry","Dodecahedron","Philosopher\u0027s Stone"],"potions_floor_usage":[12,16,23],"damage_taken":[{"damage":0,"enemies":"Cultist","floor":1,"turns":3},{"damage":4,"enemies":"2 Louse","floor":2,"turns":3},{"damage":1,"enemies":"Small Slimes","floor":3,"turns":4},{"damage":5,"enemies":"Exordium Wildlife","floor":4,"turns":4},{"damage":0,"enemies":"Blue Slaver","floor":5,"turns":4},{"damage":5,"enemies":"Looter","floor":7,"turns":4},{"damage":8,"enemies":"Exordium Wildlife","floor":8,"turns":6},{"damage":5,"enemies":"Large Slime","floor":10,"turns":7},{"damage":3,"enemies":"3 Sentries","floor":12,"turns":5},{"damage":0,"enemies":"3 Louse","floor":13,"turns":4},{"damage":0,"enemies":"2 Fungi Beasts","floor":14,"turns":2},{"damage":8,"enemies":"Hexaghost","floor":16,"turns":13},{"damage":9,"enemies":"Shell Parasite","floor":18,"turns":8},{"damage":16,"enemies":"2 Thieves","floor":20,"turns":4},{"damage":72,"enemies":"Slavers","floor":23,"turns":4}],"seed_played":"569027652527207700","potions_obtained":[{"floor":1,"key":"Explosive Potion"},{"floor":3,"key":"FocusPotion"},{"floor":12,"key":"GamblersBrew"},{"floor":16,"key":"Strength Potion"}],"is_trial":false,"path_per_floor":["M","M","M","M","M","R","M","M","T","M","$","E","M","M","R","B",null,"M","?","M","$","?","E"],"character_chosen":"DEFECT","items_purchased":["Glacier","Strawberry","Capacitor"],"campfire_rested":0,"item_purchase_floors":[11,11,21],"current_hp_per_floor":[64,60,59,54,54,54,49,41,41,36,43,40,47,47,47,53,72,78,72,70,70,70,0],"gold":54,"neow_bonus":"UPGRADE_CARD","is_prod":false,"is_daily":false,"chose_seed":false,"campfire_upgraded":2,"win_rate":0,"timestamp":1571939642,"path_taken":["M","M","M","M","M","R","M","M","T","M","$","E","?","M","R","BOSS","M","?","M","$","?","E"],"build_version":"2019-07-17","purchased_purges":1,"victory":false,"max_hp_per_floor":[71,71,71,71,71,71,71,71,71,71,78,78,78,78,78,78,78,78,78,78,78,78,78],"card_choices":[{"not_picked":["Beam Cell","Scrape"],"picked":"Genetic Algorithm","floor":1},{"not_picked":["Capacitor","Barrage"],"picked":"Conserve Battery","floor":2},{"not_picked":["Gash","Sweeping Beam"],"picked":"Conserve Battery","floor":3},{"not_picked":["Gash","Compile Driver"],"picked":"Cold Snap","floor":4},{"not_picked":["Sweeping Beam","Aggregate"],"picked":"Genetic Algorithm","floor":5},{"not_picked":["Beam Cell","Redo"],"picked":"Cold Snap","floor":7},{"not_picked":["Force Field","Double Energy"],"picked":"Sweeping Beam","floor":8},{"not_picked":["Loop","Leap"],"picked":"Self Repair","floor":10},{"not_picked":["Storm","Sweeping Beam"],"picked":"Streamline","floor":12},{"not_picked":["Reprogram","Thunder Strike","Go for the Eyes"],"picked":"SKIP","floor":13},{"not_picked":["Barrage","Cold Snap"],"picked":"Self Repair","floor":14},{"not_picked":["Machine Learning","Hyperbeam"],"picked":"Echo Form","floor":16},{"not_picked":["Turbo","Force Field+1"],"picked":"Static Discharge","floor":18},{"not_picked":["Go for the Eyes","Fusion","Scrape+1"],"picked":"SKIP","floor":20}],"player_experience":894771,"relics_obtained":[{"floor":9,"key":"Pen Nib"},{"floor":12,"key":"Dodecahedron"}],"event_choices":[{"damage_healed":0,"gold_gain":0,"player_choice":"Joined the Cult","damage_taken":6,"max_hp_gain":0,"max_hp_loss":0,"event_name":"Nest","floor":19,"gold_loss":0,"cards_obtained":["RitualDagger"]},{"cards_removed":["Strike_B"],"damage_healed":0,"gold_gain":0,"player_choice":"Purged","damage_taken":0,"max_hp_gain":0,"max_hp_loss":0,"event_name":"Purifier","floor":22,"gold_loss":0}],"is_beta":false,"boss_relics":[{"not_picked":["Inserter","Cursed Key"],"picked":"Philosopher\u0027s Stone"}],"items_purged_floors":[21],"is_endless":false,"potions_floor_spawned":[1,3,5,10,12,16,18],"killed_by":"Slavers","ascension_level":20}