{"gold_per_floor":[116,41,41,56,56,56,84,100,148,176,176,85,85,102,102,175,175,187,187,199,218,218],"floor_reached":22,"playtime":814,"items_purged":[],"score":438,"play_id":"fd7b1663-6e00-4c0e-a7ad-d82618bc4ce1","local_time":"20190926234221","is_ascension_mode":true,"campfire_choices":[{"data":"Zap","floor":6,"key":"SMITH"},{"floor":11,"key":"REST"},{"data":"Conserve Battery","floor":13,"key":"SMITH"},{"floor":15,"key":"REST"}],"neow_cost":"NONE","seed_source_timestamp":1377036399499300,"circlet_count":0,"master_deck":["AscendersBane","Strike_B","Strike_B","Strike_B","Defend_B","Defend_B","Defend_B","Defend_B","Zap+1","Dualcast","Sweeping Beam","Ball Lightning","Streamline","Conserve Battery+1","FTL","Redo","Seek","Hologram","Recycle","Auto Shields"],"relics":["Cracked Core","NeowsBlessing","Art of War","NlothsMask","Letter Opener","Emotion Chip","Runic Pyramid"],"potions_floor_usage":[16],"damage_taken":[{"damage":0,"enemies":"Jaw Worm","floor":1,"turns":1},{"damage":0,"enemies":"2 Louse","floor":4,"turns":1},{"damage":0,"enemies":"3 Sentries","floor":7,"turns":1},{"damage":0,"enemies":"Small Slimes","floor":8,"turns":2},{"damage":39,"enemies":"Lagavulin","floor":10,"turns":4},{"damage":4,"enemies":"Red Slaver","floor":14,"turns":3},{"damage":12,"enemies":"Slime Boss","floor":16,"turns":8},{"damage":11,"enemies":"Spheric Guardian","floor":18,"turns":4},{"damage":30,"enemies":"Shell Parasite","floor":20,"turns":6},{"damage":18,"enemies":"3 Cultists","floor":21,"turns":4},{"damage":3,"enemies":"Centurion and Healer","floor":22,"turns":5}],"seed_played":"-7532046354003218720","potions_obtained":[{"floor":1,"key":"EssenceOfSteel"},{"floor":10,"key":"Swift Potion"},{"floor":16,"key":"Dexterity Potion"}],"is_trial":false,"path_per_floor":["M","?","?","M","?","R","E","M","T","E","R","$","R","M","R","B",null,"M","?","M","M","M"],"character_chosen":"DEFECT","items_purchased":["Conserve Battery","FTL"],"campfire_rested":2,"item_purchase_floors":[12,12],"current_hp_per_floor":[64,64,46,46,46,46,46,46,46,7,28,28,28,24,45,33,62,51,51,21,3,0],"gold":218,"neow_bonus":"THREE_ENEMY_KILL","is_prod":false,"is_daily":false,"chose_seed":false,"campfire_upgraded":2,"win_rate":0,"timestamp":1569566541,"path_taken":["M","?","?","M","?","R","E","?","T","E","R","$","R","M","R","BOSS","M","?","M","M","M"],"build_version":"2019-07-17","purchased_purges":0,"victory":false,"max_hp_per_floor":[71,71,71,71,71,71,71,71,71,71,71,71,71,71,71,71,71,71,71,71,71,71],"card_choices":[{"not_picked":["Undo","Turbo"],"picked":"Sweeping Beam","floor":1},{"not_picked":["Go for the Eyes","Chill"],"picked":"Ball Lightning","floor":4},{"not_picked":["Rebound","Aggregate","Blizzard"],"picked":"SKIP","floor":7},{"not_picked":["Beam Cell","Rebound"],"picked":"Streamline","floor":8},{"not_picked":["Blizzard","Hello World","Creative AI"],"picked":"SKIP","floor":10},{"not_picked":["Rebound","Consume"],"picked":"Redo","floor":14},{"not_picked":["Hyperbeam","Creative AI"],"picked":"Seek","floor":16},{"not_picked":["Go for the Eyes","Streamline"],"picked":"Hologram","floor":18},{"not_picked":["FTL","Storm+1"],"picked":"Recycle","floor":20},{"not_picked":["Hello World","Doom and Gloom"],"picked":"Auto Shields","floor":21}],"player_experience":808224,"relics_obtained":[{"floor":7,"key":"Letter Opener"},{"floor":10,"key":"Emotion Chip"}],"event_choices":[{"cards_removed":["Strike_B"],"damage_healed":0,"gold_gain":0,"player_choice":"Card Removal","damage_taken":0,"max_hp_gain":0,"max_hp_loss":0,"event_name":"The Cleric","floor":2,"gold_loss":75},{"damage_healed":0,"gold_gain":0,"player_choice":"Success","damage_taken":18,"relics_obtained":["Art of War"],"max_hp_gain":0,"max_hp_loss":0,"event_name":"Scrap Ooze","floor":3,"gold_loss":0},{"damage_healed":0,"gold_gain":0,"player_choice":"Trade","damage_taken":0,"relics_obtained":["NlothsMask"],"max_hp_gain":0,"max_hp_loss":0,"event_name":"FaceTrader","floor":5,"gold_loss":0},{"damage_healed":0,"gold_gain":0,"player_choice":"Ignored","damage_taken":0,"max_hp_gain":0,"max_hp_loss":0,"event_name":"N\u0027loth","floor":19,"gold_loss":0}],"is_beta":false,"boss_relics":[{"not_picked":["Cursed Key","Calling Bell"],"picked":"Runic Pyramid"}],"items_purged_floors":[],"is_endless":false,"potions_floor_spawned":[1,10,14,16,20],"killed_by":"Centurion and Healer","ascension_level":20}