{"gold_per_floor":[115,135,105,80,26,57,57,82,107,140,152,182,195,207,207,280,280,293,311,311,116,130,130,130,165,165,190,190,203,203,215,215,290,290,305,305,305],"floor_reached":37,"playtime":1351,"items_purged":["Strike_B"],"score":924,"play_id":"4689050c-858f-4ad5-86c4-6f8439f3d282","local_time":"20190715201239","is_ascension_mode":true,"campfire_choices":[{"data":"Defragment","floor":7,"key":"SMITH"},{"floor":15,"key":"REST"},{"floor":23,"key":"REST"},{"floor":28,"key":"REST"},{"floor":32,"key":"REST"}],"neow_cost":"NONE","seed_source_timestamp":379517801055052,"circlet_count":0,"master_deck":["AscendersBane","Strike_B","Strike_B","Strike_B","Defend_B","Defend_B","Defend_B","Defend_B","Zap","Dualcast","Auto Shields","Gash","Compile Driver","Cold Snap","Defragment+1","Doom and Gloom","Conserve Battery","Cold Snap","Undo","Streamline","Go for the Eyes+1","Hologram","Gash+1","Conserve Battery","Conserve Battery","Machine Learning","Writhe","Redo","Creative AI","Doubt","Stack"],"relics":["Cracked Core","NeowsBlessing","Regal Pillow","Calipers","Vajra","Cables","The Courier","Fusion Hammer","DataDisk","Girya","Bird Faced Urn","StoneCalendar","Mango","Inserter"],"potions_floor_usage":[8,8,10,16,25,27,27,27],"damage_taken":[{"damage":0,"enemies":"Cultist","floor":1,"turns":1},{"damage":0,"enemies":"Jaw Worm","floor":2,"turns":1},{"damage":0,"enemies":"Gremlin Nob","floor":6,"turns":1},{"damage":7,"enemies":"3 Sentries","floor":8,"turns":6},{"damage":32,"enemies":"Gremlin Nob","floor":10,"turns":4},{"damage":0,"enemies":"2 Louse","floor":11,"turns":3},{"damage":11,"enemies":"3 Sentries","floor":12,"turns":6},{"damage":3,"enemies":"Lots of Slimes","floor":13,"turns":4},{"damage":0,"enemies":"Blue Slaver","floor":14,"turns":3},{"damage":5,"enemies":"The Guardian","floor":16,"turns":12},{"damage":23,"enemies":"3 Byrds","floor":18,"turns":5},{"damage":26,"enemies":"Shell Parasite","floor":19,"turns":5},{"damage":10,"enemies":"Centurion and Healer","floor":22,"turns":7},{"damage":33,"enemies":"Book of Stabbing","floor":25,"turns":5},{"damage":22,"enemies":"Slavers","floor":27,"turns":7},{"damage":9,"enemies":"Snake Plant","floor":29,"turns":5},{"damage":26,"enemies":"Cultist and Chosen","floor":31,"turns":7},{"damage":38,"enemies":"Champ","floor":33,"turns":12},{"damage":40,"enemies":"3 Shapes","floor":35,"turns":4},{"damage":42,"enemies":"3 Darklings","floor":37,"turns":2}],"seed_played":"1841463076188823687","potions_obtained":[{"floor":1,"key":"Block Potion"},{"floor":3,"key":"Fire Potion"},{"floor":8,"key":"Energy Potion"},{"floor":10,"key":"Strength Potion"},{"floor":13,"key":"EntropicBrew"},{"floor":16,"key":"SpeedPotion"},{"floor":24,"key":"FocusPotion"},{"floor":33,"key":"Explosive Potion"}],"is_trial":false,"path_per_floor":["M","M","?","$","$","E","R","E","T","E","M","E","M","M","R","B",null,"M","M","?","$","M","R","?","E","T","E","R","M","?","M","R","B",null,"M","?","M"],"character_chosen":"DEFECT","items_purchased":["Compile Driver","Cold Snap","DataDisk"],"campfire_rested":4,"item_purchase_floors":[4,5,21],"current_hp_per_floor":[64,64,64,64,64,64,64,57,57,25,25,14,11,11,47,42,64,41,15,29,29,19,55,55,22,22,17,53,46,60,38,78,44,75,39,39,0],"gold":305,"neow_bonus":"THREE_ENEMY_KILL","is_prod":false,"is_daily":false,"chose_seed":false,"campfire_upgraded":1,"win_rate":0,"timestamp":1563246759,"path_taken":["M","M","?","?","$","E","R","E","T","E","M","E","M","M","R","BOSS","M","M","?","$","M","R","?","E","T","E","R","?","?","M","R","BOSS","M","?","?"],"build_version":"2019-07-05","purchased_purges":1,"victory":false,"max_hp_per_floor":[71,71,71,71,71,71,71,71,71,71,71,71,71,71,71,71,71,71,71,71,71,71,71,71,71,71,71,71,71,85,85,85,85,85,85,85,85],"card_choices":[{"not_picked":["Skim","Force Field"],"picked":"Auto Shields","floor":1},{"not_picked":["Redo","Conserve Battery"],"picked":"Gash","floor":2},{"not_picked":["Consume","Go for the Eyes"],"picked":"Defragment","floor":6},{"not_picked":["Thunder Strike","Beam Cell"],"picked":"Doom and Gloom","floor":8},{"not_picked":["Melter","Steam"],"picked":"Conserve Battery","floor":10},{"not_picked":["Rebound","Consume"],"picked":"Cold Snap","floor":11},{"not_picked":["Compile Driver","Static Discharge"],"picked":"Undo","floor":12},{"not_picked":["Stack","Recycle","Rebound"],"picked":"SKIP","floor":13},{"not_picked":["Turbo","Go for the Eyes"],"picked":"Streamline","floor":14},{"not_picked":["Rip and Tear+1","Leap"],"picked":"Go for the Eyes+1","floor":18},{"not_picked":["Streamline+1","Beam Cell"],"picked":"Hologram","floor":19},{"not_picked":["Steam","Go for the Eyes"],"picked":"Gash+1","floor":22},{"not_picked":["Ball Lightning","Leap"],"picked":"Conserve Battery","floor":25},{"not_picked":["Double Energy","Consume"],"picked":"Conserve Battery","floor":27},{"not_picked":["Hologram","Skim"],"picked":"Machine Learning","floor":29},{"not_picked":["Leap","Streamline+1"],"picked":"Redo","floor":31},{"not_picked":["Electrodynamics","All For One"],"picked":"Creative AI","floor":33},{"not_picked":["Rebound+1","Static Discharge","Steam Power"],"picked":"SKIP","floor":35}],"player_experience":673919,"relics_obtained":[{"floor":6,"key":"Regal Pillow"},{"floor":8,"key":"Calipers"},{"floor":9,"key":"Vajra"},{"floor":10,"key":"Cables"},{"floor":12,"key":"The Courier"},{"floor":25,"key":"Girya"},{"floor":26,"key":"Bird Faced Urn"},{"floor":27,"key":"StoneCalendar"}],"event_choices":[{"damage_healed":0,"gold_gain":0,"player_choice":"Bought 2 Potions","damage_taken":0,"max_hp_gain":0,"max_hp_loss":0,"event_name":"The Woman in Blue","floor":3,"gold_loss":0},{"damage_healed":14,"gold_gain":0,"player_choice":"Heal","damage_taken":0,"max_hp_gain":0,"max_hp_loss":0,"event_name":"The Library","floor":20,"gold_loss":0},{"damage_healed":0,"gold_gain":0,"player_choice":"Got Potions","damage_taken":0,"max_hp_gain":0,"max_hp_loss":0,"event_name":"Lab","floor":24,"gold_loss":0},{"damage_healed":0,"gold_gain":0,"player_choice":"Opened","damage_taken":0,"relics_obtained":["Mango"],"max_hp_gain":0,"max_hp_loss":0,"event_name":"The Mausoleum","floor":30,"gold_loss":0,"cards_obtained":["Writhe"]},{"damage_healed":0,"gold_gain":0,"player_choice":"2 cards matched","damage_taken":0,"max_hp_gain":0,"max_hp_loss":0,"event_name":"Match and Keep!","floor":36,"gold_loss":0,"cards_obtained":["Doubt","Stack"]}],"is_beta":false,"boss_relics":[{"not_picked":["Eternal Feather","Calling Bell"],"picked":"Fusion Hammer"},{"not_picked":["Astrolabe","Cursed Key"],"picked":"Inserter"}],"items_purged_floors":[21],"is_endless":false,"potions_floor_spawned":[1,8,10,13,16,22,33],"killed_by":"3 Darklings","ascension_level":20}