{"gold_per_floor":[217,217,217,167,177,206,206,206,206,52,63,97,97,111,111,111],"floor_reached":16,"playtime":392,"items_purged":["Strike_G"],"score":162,"play_id":"328c25b0-91ea-4fce-b704-d6ea32c7d215","local_time":"20190420083354","is_ascension_mode":true,"campfire_choices":[{"floor":8,"key":"REST"},{"floor":13,"key":"REST"},{"floor":15,"key":"REST"}],"neow_cost":"NONE","seed_source_timestamp":419589497774900,"circlet_count":0,"master_deck":["AscendersBane","Defend_G","Defend_G","Defend_G","Defend_G","Defend_G","Strike_G+1","Strike_G+1","Strike_G","Survivor","Neutralize","Blade Dance","Cloak And Dagger","Accuracy"],"relics":["Ring of the Snake","Whetstone","Tough Bandages","FossilizedHelix"],"potions_floor_usage":[6,12],"damage_taken":[{"damage":0,"enemies":"Cultist","floor":1,"turns":4},{"damage":5,"enemies":"2 Louse","floor":5,"turns":2},{"damage":60,"enemies":"Gremlin Nob","floor":6,"turns":7},{"damage":0,"enemies":"Small Slimes","floor":11,"turns":4},{"damage":24,"enemies":"Lagavulin","floor":12,"turns":9},{"damage":5,"enemies":"3 Louse","floor":14,"turns":6},{"damage":13,"enemies":"Hexaghost","floor":16,"turns":4}],"seed_played":"1050930614987524091","potions_obtained":[{"floor":5,"key":"EssenceOfSteel"},{"floor":11,"key":"Swift Potion"},{"floor":14,"key":"FearPotion"}],"is_trial":false,"path_per_floor":["M","?","?","?","M","E","?","R","T","$","M","E","R","M","R","B"],"character_chosen":"THE_SILENT","items_purchased":["Accuracy"],"campfire_rested":3,"item_purchase_floors":[10],"current_hp_per_floor":[63,63,68,68,63,3,3,25,25,25,25,1,23,18,40,27],"gold":111,"neow_bonus":"HUNDRED_GOLD","is_prod":false,"is_daily":false,"chose_seed":false,"campfire_upgraded":0,"win_rate":0,"timestamp":1555742034,"path_taken":["M","?","?","?","M","E","?","R","T","$","M","E","R","M","R","BOSS"],"build_version":"2019-01-23","purchased_purges":1,"victory":false,"max_hp_per_floor":[70,70,75,75,75,75,75,75,75,75,75,75,75,75,75,75],"card_choices":[{"not_picked":["Outmaneuver","Poisoned Stab"],"picked":"Blade Dance","floor":1},{"not_picked":["Deflect","Flechettes","Setup"],"picked":"SKIP","floor":5},{"not_picked":["Flechettes","Venomology"],"picked":"Cloak And Dagger","floor":6},{"not_picked":["Dagger Spray","Underhanded Strike","Acrobatics"],"picked":"SKIP","floor":11},{"not_picked":["Caltrops","Tactician","Eviscerate"],"picked":"SKIP","floor":12},{"not_picked":["PiercingWail","Underhanded Strike","Dagger Spray"],"picked":"SKIP","floor":14},{"not_picked":["PiercingWail","Underhanded Strike","Dagger Spray"],"picked":"SKIP","floor":14}],"player_experience":431139,"relics_obtained":[{"floor":6,"key":"Whetstone"},{"floor":9,"key":"Tough Bandages"},{"floor":12,"key":"FossilizedHelix"}],"event_choices":[{"damage_healed":0,"gold_gain":0,"player_choice":"Ignored","damage_taken":0,"max_hp_gain":0,"max_hp_loss":0,"event_name":"Liars Game","floor":2,"gold_loss":0},{"damage_healed":0,"gold_gain":0,"player_choice":"Donut","damage_taken":0,"max_hp_gain":5,"max_hp_loss":0,"event_name":"Big Fish","floor":3,"gold_loss":0},{"cards_removed":["Strike_G"],"damage_healed":0,"gold_gain":0,"player_choice":"Card Removal","damage_taken":0,"max_hp_gain":0,"max_hp_loss":0,"event_name":"The Cleric","floor":4,"gold_loss":50},{"damage_healed":0,"gold_gain":0,"player_choice":"Ignored","damage_taken":0,"max_hp_gain":0,"max_hp_loss":0,"event_name":"Golden Wing","floor":7,"gold_loss":0}],"is_beta":false,"boss_relics":[],"items_purged_floors":[10],"is_endless":false,"potions_floor_spawned":[5,11,14],"killed_by":"Hexaghost","ascension_level":10}