{"gold_per_floor":[117,117,117,137,137,171,171,204,204,245,270,153,177,77,77,168,168,187,210,125,143,143,143,156,199,199,199],"floor_reached":27,"playtime":966,"items_purged":["Injury"],"score":602,"play_id":"8ba48637-7645-46a4-a61f-1fab7b69427c","local_time":"20190719160016","is_ascension_mode":true,"campfire_choices":[{"data":"Biased Cognition","floor":7,"key":"SMITH"},{"data":"Panacea","floor":15,"key":"SMITH"},{"data":"Ghostly","floor":23,"key":"SMITH"}],"neow_cost":"NONE","seed_source_timestamp":710360823351564,"circlet_count":0,"master_deck":["AscendersBane","Strike_B","Strike_B","Strike_B","Defend_B","Defend_B","Defend_B","Defend_B","Zap+1","Dualcast","Compile Driver","Glacier+1","Biased Cognition+1","Self Repair","Conserve Battery","Sunder","Defragment","Panacea+1","Echo Form","Conserve Battery","Loop","Double Energy","Ghostly+1","Ghostly","Ghostly+1","Heatsinks"],"relics":["Cracked Core","NeowsBlessing","Golden Idol","Emotion Chip","Bottled Lightning","Dead Branch","Bottled Tornado","Velvet Choker","Darkstone Periapt","War Paint","Gremlin Horn"],"potions_floor_usage":[8,10,16,16,27],"damage_taken":[{"damage":0,"enemies":"Jaw Worm","floor":1,"turns":1},{"damage":0,"enemies":"2 Louse","floor":4,"turns":1},{"damage":0,"enemies":"Gremlin Nob","floor":6,"turns":1},{"damage":6,"enemies":"3 Sentries","floor":8,"turns":8},{"damage":0,"enemies":"Lagavulin","floor":10,"turns":8},{"damage":0,"enemies":"Cultist","floor":11,"turns":3},{"damage":0,"enemies":"Exordium Thugs","floor":13,"turns":4},{"damage":1,"enemies":"The Guardian","floor":16,"turns":9},{"damage":13,"enemies":"Spheric Guardian","floor":18,"turns":9},{"damage":19,"enemies":"Chosen","floor":19,"turns":5},{"damage":6,"enemies":"Centurion and Healer","floor":21,"turns":6},{"damage":0,"enemies":"Snecko","floor":24,"turns":6},{"damage":13,"enemies":"Book of Stabbing","floor":25,"turns":8},{"damage":29,"enemies":"Gremlin Leader","floor":27,"turns":2}],"seed_played":"-5724772220783769256","potions_obtained":[{"floor":1,"key":"FocusPotion"},{"floor":4,"key":"Explosive Potion"},{"floor":11,"key":"Poison Potion"},{"floor":13,"key":"FocusPotion"},{"floor":18,"key":"Ancient Potion"},{"floor":21,"key":"Energy Potion"}],"is_trial":false,"path_per_floor":["M","?","?","M","?","E","R","E","T","E","M","$","M","$","R","B",null,"M","M","?","M","?","R","M","E","T","E"],"character_chosen":"DEFECT","items_purchased":["Sunder","Panacea"],"campfire_rested":0,"item_purchase_floors":[12,14],"current_hp_per_floor":[64,57,57,57,57,57,57,51,51,58,65,65,71,71,71,71,71,71,52,52,46,35,35,35,29,29,0],"gold":199,"neow_bonus":"THREE_ENEMY_KILL","is_prod":false,"is_daily":false,"chose_seed":false,"campfire_upgraded":3,"win_rate":0,"timestamp":1563577216,"path_taken":["M","?","?","?","?","E","R","E","T","E","?","$","M","?","R","BOSS","M","M","?","M","?","R","M","E","T","E"],"build_version":"2019-07-17","purchased_purges":1,"victory":false,"max_hp_per_floor":[71,71,71,71,71,71,71,71,71,71,71,71,71,71,71,71,71,71,71,71,71,35,35,35,35,35,35],"card_choices":[{"not_picked":["Lockon","Beam Cell"],"picked":"Compile Driver","floor":1},{"not_picked":["Turbo","Coolheaded"],"picked":"Glacier","floor":4},{"not_picked":["Leap","Stack"],"picked":"Biased Cognition","floor":6},{"not_picked":["Static Discharge","Barrage"],"picked":"Self Repair","floor":8},{"not_picked":["Leap","Streamline","Beam Cell"],"picked":"SKIP","floor":10},{"not_picked":["Reprogram","Darkness"],"picked":"Conserve Battery","floor":11},{"not_picked":["Turbo","Scrape"],"picked":"Defragment","floor":13},{"not_picked":["Multi-Cast","Rainbow"],"picked":"Echo Form","floor":16},{"not_picked":["Coolheaded","Blizzard"],"picked":"Conserve Battery","floor":18},{"not_picked":["Darkness","Barrage"],"picked":"Loop","floor":19},{"not_picked":["Turbo","Beam Cell+1"],"picked":"Double Energy","floor":21},{"not_picked":["Streamline","Coolheaded","Reprogram"],"picked":"SKIP","floor":24},{"not_picked":["Reinforced Body","Redo"],"picked":"Heatsinks","floor":25}],"player_experience":693745,"relics_obtained":[{"floor":6,"key":"Emotion Chip"},{"floor":8,"key":"Bottled Lightning"},{"floor":9,"key":"Dead Branch"},{"floor":10,"key":"Bottled Tornado"},{"floor":25,"key":"War Paint"},{"floor":26,"key":"Gremlin Horn"}],"event_choices":[{"cards_removed":["Strike_B"],"damage_healed":0,"gold_gain":0,"player_choice":"Card Removal","damage_taken":7,"max_hp_gain":0,"max_hp_loss":0,"event_name":"Golden Wing","floor":2,"gold_loss":0},{"damage_healed":0,"gold_gain":0,"player_choice":"Take Wound","damage_taken":0,"relics_obtained":["Golden Idol"],"max_hp_gain":0,"max_hp_loss":0,"event_name":"Golden Idol","floor":3,"gold_loss":0,"cards_obtained":["Injury"]},{"damage_healed":0,"gold_gain":0,"player_choice":"Upgraded","damage_taken":0,"max_hp_gain":0,"max_hp_loss":0,"event_name":"Upgrade Shrine","floor":5,"gold_loss":0,"cards_upgraded":["Zap"]},{"damage_healed":0,"gold_gain":0,"player_choice":"Obtained Relic","damage_taken":0,"relics_obtained":["Darkstone Periapt"],"max_hp_gain":0,"max_hp_loss":0,"event_name":"Addict","floor":20,"gold_loss":85},{"damage_healed":0,"gold_gain":0,"player_choice":"Became a Ghost","damage_taken":0,"max_hp_gain":0,"max_hp_loss":36,"event_name":"Ghosts","floor":22,"gold_loss":0,"cards_obtained":["Ghostly","Ghostly","Ghostly"]}],"is_beta":false,"boss_relics":[{"not_picked":["Eternal Feather","Busted Crown"],"picked":"Velvet Choker"}],"items_purged_floors":[12],"is_endless":false,"potions_floor_spawned":[1,4,11,13,18,21,24],"killed_by":"Gremlin Leader","ascension_level":20}