{"gold_per_floor":[112,131,306,321,101,127,154,222,260,272,284,296,118,118,118,118],"floor_reached":16,"playtime":488,"items_purged":["Doubt"],"score":178,"play_id":"849b1b13-60a5-4274-a7f4-2a2f31557468","local_time":"20190427135037","is_ascension_mode":true,"campfire_choices":[{"floor":10,"key":"REST"},{"floor":12,"key":"REST"},{"floor":15,"key":"REST"}],"neow_cost":"TEN_PERCENT_HP_LOSS","seed_source_timestamp":1218995338958483,"circlet_count":0,"master_deck":["AscendersBane","Strike_B","Strike_B","Strike_B","Strike_B","Defend_B","Defend_B","Defend_B","Defend_B","Zap","Dualcast","All For One","Conserve Battery","Ball Lightning","White Noise","All For One","Conserve Battery","Gash","Gash","Self Repair","Pain"],"relics":["Cracked Core","Vajra","MawBank","Tiny Chest","Dream Catcher","PrismaticShard","WarpedTongs"],"potions_floor_usage":[8],"damage_taken":[{"damage":0,"enemies":"Cultist","floor":1,"turns":3},{"damage":0,"enemies":"Small Slimes","floor":2,"turns":3},{"damage":9,"enemies":"Jaw Worm","floor":4,"turns":4},{"damage":23,"enemies":"3 Sentries","floor":6,"turns":6},{"damage":9,"enemies":"2 Fungi Beasts","floor":7,"turns":4},{"damage":25,"enemies":"Lagavulin","floor":8,"turns":7},{"damage":73,"enemies":"The Guardian","floor":16,"turns":9}],"seed_played":"-6440457168719058252","potions_obtained":[{"floor":1,"key":"SneckoOil"},{"floor":6,"key":"SteroidPotion"},{"floor":8,"key":"Energy Potion"}],"is_trial":false,"path_per_floor":["M","M","?","M","$","E","M","E","T","R","?","R","$","?","R","B"],"character_chosen":"DEFECT","items_purchased":["Vajra","PrismaticShard"],"campfire_rested":3,"item_purchase_floors":[5,13],"current_hp_per_floor":[68,68,68,59,59,36,27,2,2,22,27,48,48,48,69,0],"gold":118,"neow_bonus":"THREE_RARE_CARDS","is_prod":false,"is_daily":false,"chose_seed":false,"campfire_upgraded":0,"win_rate":0,"timestamp":1556398237,"path_taken":["M","M","?","M","$","E","M","E","T","R","?","R","?","?","R","BOSS"],"build_version":"2019-01-23","purchased_purges":1,"victory":false,"max_hp_per_floor":[68,68,68,68,68,68,68,68,68,68,73,73,73,73,73,73],"card_choices":[{"not_picked":["Core Surge","Rainbow"],"picked":"All For One","floor":0},{"not_picked":["Rebound","Streamline"],"picked":"Conserve Battery","floor":1},{"not_picked":["Redo","Fusion"],"picked":"Ball Lightning","floor":2},{"not_picked":["Tempest","Streamline"],"picked":"White Noise","floor":4},{"not_picked":["Skim","Beam Cell"],"picked":"All For One","floor":6},{"not_picked":["Recycle","Chill"],"picked":"Conserve Battery","floor":7},{"not_picked":["Defragment","Go for the Eyes"],"picked":"Gash","floor":8},{"not_picked":["Conserve Battery","Chill"],"picked":"Gash","floor":10},{"not_picked":["Barrage","Hologram"],"picked":"Self Repair","floor":12}],"player_experience":330570,"relics_obtained":[{"floor":6,"key":"MawBank"},{"floor":8,"key":"Tiny Chest"},{"floor":9,"key":"Dream Catcher"}],"event_choices":[{"damage_healed":0,"gold_gain":175,"player_choice":"AGREE","damage_taken":0,"max_hp_gain":0,"max_hp_loss":0,"event_name":"Liars Game","floor":3,"gold_loss":0,"cards_obtained":["Doubt"]},{"damage_healed":0,"gold_gain":0,"player_choice":"Donut","damage_taken":0,"max_hp_gain":5,"max_hp_loss":0,"event_name":"Big Fish","floor":11,"gold_loss":0},{"damage_healed":0,"gold_gain":0,"player_choice":"Rummage","damage_taken":0,"relics_obtained":["WarpedTongs"],"max_hp_gain":0,"max_hp_loss":0,"event_name":"Accursed Blacksmith","floor":14,"gold_loss":0,"cards_obtained":["Pain"]}],"is_beta":false,"boss_relics":[],"items_purged_floors":[5],"is_endless":false,"potions_floor_spawned":[1,6,8],"killed_by":"The Guardian","ascension_level":13}