{"gold_per_floor":[114,126,126,139,150,150,179,209,221,233,21,21,54,54,54,133,133,151,151,151,166,177,177,177],"floor_reached":24,"playtime":1001,"items_purged":[],"score":412,"play_id":"404b2eb2-9d2f-41e5-9549-58de2d436183","local_time":"20190824140711","is_ascension_mode":true,"campfire_choices":[{"data":"Loop","floor":6,"key":"SMITH"},{"data":"Sunder","floor":10,"key":"SMITH"},{"data":"Blizzard","floor":12,"key":"SMITH"},{"floor":15,"key":"REST"},{"floor":23,"key":"REST"}],"neow_cost":"NONE","seed_source_timestamp":877368302368400,"circlet_count":0,"master_deck":["AscendersBane","Strike_B","Defend_B","Defend_B","Defend_B","Defend_B","Dualcast","Machine Learning+1","Cold Snap+1","Chaos+1","Conserve Battery","Loop+1","Sunder+1","Coolheaded","Blizzard+1","Glacier","Electrodynamics","Coolheaded","Writhe","Hologram","Conserve Battery"],"relics":["Astrolabe","MawBank","Question Card","OrangePellets","Ginger","Velvet Choker","Pear","MutagenicStrength"],"potions_floor_usage":[16,21,24],"damage_taken":[{"damage":0,"enemies":"Cultist","floor":1,"turns":4},{"damage":5,"enemies":"Small Slimes","floor":2,"turns":4},{"damage":6,"enemies":"2 Louse","floor":4,"turns":3},{"damage":6,"enemies":"Large Slime","floor":5,"turns":6},{"damage":2,"enemies":"Lagavulin","floor":7,"turns":7},{"damage":0,"enemies":"Looter","floor":8,"turns":5},{"damage":14,"enemies":"3 Sentries","floor":13,"turns":7},{"damage":10,"enemies":"The Guardian","floor":16,"turns":10},{"damage":0,"enemies":"Spheric Guardian","floor":18,"turns":6},{"damage":23,"enemies":"Shell Parasite","floor":21,"turns":5},{"damage":36,"enemies":"Shelled Parasite and Fungi","floor":22,"turns":6},{"damage":53,"enemies":"Slavers","floor":24,"turns":2}],"seed_played":"5154636252591276007","potions_obtained":[{"floor":2,"key":"Weak Potion"},{"floor":4,"key":"SmokeBomb"},{"floor":8,"key":"AttackPotion"},{"floor":13,"key":"Block Potion"},{"floor":21,"key":"Ancient Potion"},{"floor":22,"key":"Regen Potion"}],"is_trial":false,"path_per_floor":["M","M","?","M","M","R","E","M","T","R","$","R","E","$","R","B",null,"M","?","?","M","M","R","E"],"character_chosen":"DEFECT","items_purchased":["OrangePellets"],"campfire_rested":2,"item_purchase_floors":[11],"current_hp_per_floor":[64,59,59,53,47,47,45,45,45,45,45,45,31,31,52,42,64,64,74,74,51,15,39,0],"gold":177,"neow_bonus":"BOSS_RELIC","is_prod":false,"is_daily":false,"chose_seed":false,"campfire_upgraded":3,"win_rate":0,"timestamp":1566680831,"path_taken":["M","M","?","M","M","R","E","?","T","R","?","R","E","$","R","BOSS","M","?","?","M","M","R","E"],"build_version":"2019-07-17","purchased_purges":0,"victory":false,"max_hp_per_floor":[71,71,71,71,71,71,71,71,71,71,71,71,71,71,71,71,71,71,81,81,81,81,81,81],"card_choices":[{"not_picked":["Barrage","Turbo"],"picked":"Conserve Battery","floor":1},{"not_picked":["Redo","Melter"],"picked":"Loop","floor":2},{"not_picked":["Darkness","Recycle"],"picked":"Sunder","floor":4},{"not_picked":["Ball Lightning","Gash"],"picked":"Coolheaded","floor":5},{"not_picked":["Rebound","Sunder"],"picked":"Blizzard","floor":7},{"not_picked":["Blizzard","Redo","Rebound"],"picked":"SKIP","floor":8},{"not_picked":["Compile Driver","FTL","Thunder Strike"],"picked":"Glacier","floor":13},{"not_picked":["Hyperbeam","Buffer","Machine Learning"],"picked":"Electrodynamics","floor":16},{"not_picked":["Melter","Compile Driver","Ball Lightning+1"],"picked":"Coolheaded","floor":18},{"not_picked":["Redo","Beam Cell","Sweeping Beam"],"picked":"Hologram","floor":21},{"not_picked":["Auto Shields","Double Energy","Chaos"],"picked":"Conserve Battery","floor":22}],"player_experience":745533,"relics_obtained":[{"floor":7,"key":"MawBank"},{"floor":9,"key":"Question Card"},{"floor":13,"key":"Ginger"}],"event_choices":[{"cards_removed":["Zap"],"damage_healed":0,"gold_gain":0,"player_choice":"Offered Basic","damage_taken":0,"max_hp_gain":0,"max_hp_loss":0,"event_name":"Bonfire Elementals","floor":3,"gold_loss":0},{"damage_healed":0,"gold_gain":0,"player_choice":"Opened","damage_taken":0,"relics_obtained":["Pear"],"max_hp_gain":0,"max_hp_loss":0,"event_name":"The Mausoleum","floor":19,"gold_loss":0,"cards_obtained":["Writhe"]},{"damage_healed":0,"gold_gain":0,"player_choice":"Inject Mutagens","damage_taken":0,"relics_obtained":["MutagenicStrength"],"max_hp_gain":0,"max_hp_loss":0,"event_name":"Drug Dealer","floor":20,"gold_loss":0}],"is_beta":false,"boss_relics":[{"not_picked":["Black Star","Pandora\u0027s Box"],"picked":"Velvet Choker"}],"items_purged_floors":[],"is_endless":false,"potions_floor_spawned":[2,4,8,13,21,22],"killed_by":"Slavers","ascension_level":20}