{"gold_per_floor":[115,115,125,125,144,173,193,227,227,245,210,210,229,257,257,353,353,371,222,137,137,152,182,195,195,195,120,154,154,167,193,193,193],"floor_reached":33,"playtime":1868,"items_purged":["Strike_B","Strike_B"],"score":439,"play_id":"6ef178d2-ab3c-4e09-8dda-6b715368b56a","local_time":"20190403193604","is_ascension_mode":true,"campfire_choices":[{"data":"White Noise","floor":12,"key":"SMITH"},{"floor":15,"key":"REST"},{"data":"Genetic Algorithm","floor":25,"key":"SMITH"},{"floor":32,"key":"REST"}],"neow_cost":"NONE","seed_source_timestamp":347379867011265,"circlet_count":0,"master_deck":["Defend_B","Defend_B","Defend_B","Defend_B","Zap+1","Dualcast","Melter","Steam","Cold Snap","Core Surge","Sweeping Beam","White Noise+1","Ball Lightning","Capacitor","Go for the Eyes","Seek","Genetic Algorithm+1","Cold Snap","Self Repair","Self Repair","Auto Shields+1","Cold Snap","Fission+1","Genetic Algorithm+1","Genetic Algorithm+1","Fission+1"],"relics":["Cracked Core","PreservedInsect","Smiling Mask","Bag of Marbles","Question Card","Empty Cage","Happy Flower","Bottled Lightning","Ornamental Fan","Toxic Egg 2","Bottled Tornado","Gremlin Horn"],"potions_floor_usage":[10,14,16,23,33,33],"damage_taken":[{"damage":7,"enemies":"Jaw Worm","floor":1,"turns":5},{"damage":4,"enemies":"Small Slimes","floor":3,"turns":3},{"damage":1,"enemies":"2 Louse","floor":5,"turns":2},{"damage":21,"enemies":"3 Sentries","floor":6,"turns":8},{"damage":0,"enemies":"Exordium Wildlife","floor":7,"turns":3},{"damage":11,"enemies":"Gremlin Nob","floor":8,"turns":3},{"damage":10,"enemies":"Gremlin Gang","floor":10,"turns":3},{"damage":7,"enemies":"Large Slime","floor":13,"turns":3},{"damage":21,"enemies":"Lagavulin","floor":14,"turns":4},{"damage":2,"enemies":"Hexaghost","floor":16,"turns":9},{"damage":8,"enemies":"3 Byrds","floor":18,"turns":5},{"damage":9,"enemies":"Chosen","floor":22,"turns":3},{"damage":1,"enemies":"Gremlin Leader","floor":23,"turns":6},{"damage":13,"enemies":"Snecko","floor":24,"turns":7},{"damage":26,"enemies":"Book of Stabbing","floor":28,"turns":5},{"damage":8,"enemies":"Cultist and Chosen","floor":30,"turns":6},{"damage":43,"enemies":"Slavers","floor":31,"turns":8},{"damage":42,"enemies":"Automaton","floor":33,"turns":6}],"seed_played":"-698441683721419374","potions_obtained":[{"floor":1,"key":"Swift Potion"},{"floor":5,"key":"SkillPotion"},{"floor":13,"key":"Strength Potion"},{"floor":14,"key":"SpeedPotion"},{"floor":22,"key":"Swift Potion"},{"floor":24,"key":"Strength Potion"},{"floor":30,"key":"FocusPotion"}],"is_trial":false,"path_per_floor":["M","?","M","?","M","E","M","E","T","M","?","R","M","E","R","B",null,"M","$","?","T","M","E","M","R","T","$","E","?","M","E","R","B"],"character_chosen":"DEFECT","items_purchased":["Cold Snap","PowerPotion","Cold Snap"],"campfire_rested":2,"item_purchase_floors":[19,19,27],"current_hp_per_floor":[68,68,64,64,63,42,42,31,31,21,41,41,34,13,37,35,70,62,62,62,62,53,59,60,60,60,60,48,48,54,18,42,0],"gold":193,"neow_bonus":"TEN_PERCENT_HP_BONUS","is_prod":false,"is_daily":false,"chose_seed":false,"campfire_upgraded":2,"win_rate":0,"timestamp":1554345364,"path_taken":["M","?","M","?","M","E","M","E","T","M","?","R","M","E","R","BOSS","M","$","?","?","?","E","M","R","T","$","E","?","M","E","R","BOSS"],"build_version":"2019-01-23","purchased_purges":2,"victory":false,"max_hp_per_floor":[82,82,82,82,82,82,82,82,82,82,82,82,82,82,82,82,82,82,82,82,82,82,82,82,82,82,82,82,82,82,82,82,82],"card_choices":[{"not_picked":["Blizzard","Go for the Eyes"],"picked":"Melter","floor":1},{"not_picked":["Stack","Redo"],"picked":"Steam","floor":3},{"not_picked":["Coolheaded","Hologram"],"picked":"Cold Snap","floor":5},{"not_picked":["Steam Power","Coolheaded"],"picked":"Core Surge","floor":6},{"not_picked":["Redo","Scrape"],"picked":"Sweeping Beam","floor":7},{"not_picked":["Reboot","Consume"],"picked":"White Noise","floor":8},{"not_picked":["Redo","Loop"],"picked":"Ball Lightning","floor":10},{"not_picked":["Leap","Turbo"],"picked":"Capacitor","floor":13},{"not_picked":["Recycle","Rebound"],"picked":"Go for the Eyes","floor":14},{"not_picked":["Multi-Cast","Reboot","Rainbow"],"picked":"Seek","floor":16},{"not_picked":["Heatsinks","Stack","Capacitor"],"picked":"Genetic Algorithm","floor":18},{"not_picked":["Cold Snap","Steam","Double Energy+1"],"picked":"Self Repair","floor":22},{"not_picked":["Rip and Tear","Tempest","Beam Cell+1"],"picked":"Self Repair","floor":23},{"not_picked":["Streamline","Compile Driver","Stack+1"],"picked":"Auto Shields+1","floor":24},{"not_picked":["Gash","Rebound","Hologram+1"],"picked":"Fission+1","floor":28},{"not_picked":["Reprogram+1","Beam Cell","Redo+1"],"picked":"Genetic Algorithm+1","floor":30},{"not_picked":["Chill+1","Melter","Darkness+1"],"picked":"Fission+1","floor":31}],"player_experience":142784,"relics_obtained":[{"floor":6,"key":"PreservedInsect"},{"floor":8,"key":"Smiling Mask"},{"floor":9,"key":"Bag of Marbles"},{"floor":14,"key":"Question Card"},{"floor":21,"key":"Bottled Lightning"},{"floor":23,"key":"Ornamental Fan"},{"floor":26,"key":"Toxic Egg 2"},{"floor":28,"key":"Bottled Tornado"},{"floor":31,"key":"Gremlin Horn"}],"event_choices":[{"damage_healed":0,"gold_gain":0,"player_choice":"Grow","damage_taken":0,"max_hp_gain":0,"max_hp_loss":0,"event_name":"Living Wall","floor":2,"gold_loss":0,"cards_upgraded":["Zap"]},{"damage_healed":0,"gold_gain":0,"player_choice":"Ignored","damage_taken":0,"max_hp_gain":0,"max_hp_loss":0,"event_name":"Liars Game","floor":4,"gold_loss":0},{"damage_healed":20,"gold_gain":0,"player_choice":"Healed","damage_taken":0,"max_hp_gain":0,"max_hp_loss":0,"event_name":"The Cleric","floor":11,"gold_loss":35},{"damage_healed":0,"gold_gain":0,"player_choice":"Obtained Relic","damage_taken":0,"relics_obtained":["Happy Flower"],"max_hp_gain":0,"max_hp_loss":0,"event_name":"Addict","floor":20,"gold_loss":85},{"damage_healed":0,"gold_gain":0,"player_choice":"Copied","damage_taken":0,"max_hp_gain":0,"max_hp_loss":0,"event_name":"Duplicator","floor":29,"gold_loss":0,"cards_obtained":["Genetic Algorithm"]}],"is_beta":false,"boss_relics":[{"not_picked":["Lizard Tail","Snecko Eye"],"picked":"Empty Cage"}],"items_purged_floors":[19,27],"is_endless":false,"potions_floor_spawned":[1,5,13,14,22,24,30],"killed_by":"Automaton","ascension_level":7}