{"gold_per_floor":[113,113,129,18,18,52,52,71,71,71,89,123,147,147],"floor_reached":14,"playtime":411,"items_purged":[],"score":250,"play_id":"d1cee66e-fe91-4143-a87d-558488ee29f8","local_time":"20190829152540","is_ascension_mode":true,"campfire_choices":[{"data":"Go for the Eyes","floor":7,"key":"SMITH"},{"data":"Sunder","floor":10,"key":"SMITH"}],"neow_cost":"NONE","seed_source_timestamp":1314667527297300,"circlet_count":0,"master_deck":["AscendersBane","Strike_B","Strike_B","Strike_B","Strike_B","Defend_B","Defend_B","Defend_B","Defend_B","Zap","Dualcast","Doom and Gloom","Gash","Gash","Go for the Eyes+1","Sunder+1","Rebound","Leap"],"relics":["Cracked Core","NeowsBlessing","Golden Idol","Matryoshka","Dodecahedron","Potion Belt","Art of War","Smiling Mask"],"potions_floor_usage":[12,14],"damage_taken":[{"damage":0,"enemies":"Cultist","floor":1,"turns":1},{"damage":0,"enemies":"2 Louse","floor":3,"turns":1},{"damage":0,"enemies":"3 Sentries","floor":6,"turns":1},{"damage":6,"enemies":"Small Slimes","floor":8,"turns":4},{"damage":15,"enemies":"Red Slaver","floor":11,"turns":4},{"damage":8,"enemies":"Gremlin Nob","floor":12,"turns":3},{"damage":6,"enemies":"Looter","floor":13,"turns":2},{"damage":20,"enemies":"Lagavulin","floor":14,"turns":4}],"seed_played":"-5101210754729346089","potions_obtained":[{"floor":1,"key":"Energy Potion"},{"floor":13,"key":"Regen Potion"}],"is_trial":false,"path_per_floor":["M","?","M","$","?","E","R","M","T","R","M","E","M","E"],"character_chosen":"DEFECT","items_purchased":["Gash","Fire Potion"],"campfire_rested":0,"item_purchase_floors":[4,4],"current_hp_per_floor":[64,40,40,40,40,40,40,34,34,34,19,11,5,0],"gold":147,"neow_bonus":"THREE_ENEMY_KILL","is_prod":false,"is_daily":false,"chose_seed":false,"campfire_upgraded":2,"win_rate":0,"timestamp":1567117540,"path_taken":["M","?","M","$","?","E","R","M","T","R","M","E","M","E"],"build_version":"2019-07-17","purchased_purges":0,"victory":false,"max_hp_per_floor":[71,71,71,71,71,71,71,71,71,71,71,71,71,71],"card_choices":[{"not_picked":["Aggregate","Rebound"],"picked":"Doom and Gloom","floor":1},{"not_picked":["Streamline","Steam"],"picked":"Gash","floor":3},{"not_picked":["Redo","Cold Snap"],"picked":"Go for the Eyes","floor":6},{"not_picked":["Auto Shields","Turbo"],"picked":"Sunder","floor":8},{"not_picked":["Cold Snap","Consume"],"picked":"Rebound","floor":11},{"not_picked":["Steam Power","Sweeping Beam","Lockon"],"picked":"SKIP","floor":12},{"not_picked":["Hyperbeam","Streamline"],"picked":"Leap","floor":13}],"player_experience":756713,"relics_obtained":[{"floor":5,"key":"Matryoshka"},{"floor":6,"key":"Dodecahedron"},{"floor":9,"key":"Potion Belt"},{"floor":9,"key":"Art of War"},{"floor":12,"key":"Smiling Mask"}],"event_choices":[{"damage_healed":0,"gold_gain":0,"player_choice":"Take Damage","damage_taken":24,"relics_obtained":["Golden Idol"],"max_hp_gain":0,"max_hp_loss":0,"event_name":"Golden Idol","floor":2,"gold_loss":0},{"damage_healed":0,"gold_gain":0,"player_choice":"Relic","damage_taken":0,"max_hp_gain":0,"max_hp_loss":0,"event_name":"Wheel of Change","floor":5,"gold_loss":0}],"is_beta":false,"boss_relics":[],"items_purged_floors":[],"is_endless":false,"potions_floor_spawned":[1,13],"killed_by":"Lagavulin","ascension_level":20}