{"gold_per_floor":[110,180,199,218,229,259,274,274,274,290,43,43,108,124,124,199,199,209,209,223,223,223],"floor_reached":22,"playtime":694,"items_purged":["Regret"],"score":446,"play_id":"f7d9cebd-eca2-42fd-a6cd-e384ea08c86c","local_time":"20190816121135","is_ascension_mode":true,"campfire_choices":[{"data":"Self Repair","floor":12,"key":"SMITH"},{"floor":15,"key":"REST"}],"neow_cost":"NONE","seed_source_timestamp":179537883307800,"circlet_count":0,"master_deck":["AscendersBane","Strike_B","Strike_B","Strike_B","Strike_B","Defend_B","Defend_B","Defend_B","Defend_B","Zap","Dualcast","Buffer","Sunder","Conserve Battery","Doom and Gloom","Rainbow","Cold Snap","Redo","Normality","Self Repair+1","Redo","Conserve Battery","Electrodynamics","Conserve Battery","Seek"],"relics":["Cracked Core","Mummified Hand","Bronze Scales","Orichalcum","Tiny Chest","Cursed Key","Nloth\u0027s Gift"],"potions_floor_usage":[6,13,16],"damage_taken":[{"damage":1,"enemies":"Cultist","floor":1,"turns":3},{"damage":7,"enemies":"Jaw Worm","floor":3,"turns":3},{"damage":0,"enemies":"Small Slimes","floor":4,"turns":2},{"damage":0,"enemies":"2 Fungi Beasts","floor":5,"turns":2},{"damage":13,"enemies":"3 Sentries","floor":6,"turns":5},{"damage":16,"enemies":"Lots of Slimes","floor":7,"turns":3},{"damage":15,"enemies":"Exordium Wildlife","floor":10,"turns":5},{"damage":0,"enemies":"Gremlin Nob","floor":13,"turns":4},{"damage":1,"enemies":"2 Fungi Beasts","floor":14,"turns":2},{"damage":27,"enemies":"Hexaghost","floor":16,"turns":8},{"damage":10,"enemies":"Shell Parasite","floor":18,"turns":5},{"damage":18,"enemies":"3 Byrds","floor":20,"turns":2},{"damage":44,"enemies":"Snecko","floor":22,"turns":5}],"seed_played":"5229033526518858339","potions_obtained":[{"floor":4,"key":"Explosive Potion"},{"floor":5,"key":"Poison Potion"},{"floor":7,"key":"Weak Potion"},{"floor":13,"key":"LiquidBronze"},{"floor":20,"key":"Energy Potion"}],"is_trial":false,"path_per_floor":["M","T","M","M","M","E","M","?","T","M","$","R","E","M","R","B",null,"M","?","M","?","M"],"character_chosen":"DEFECT","items_purchased":["Orichalcum"],"campfire_rested":1,"item_purchase_floors":[11],"current_hp_per_floor":[63,63,56,56,56,43,27,27,27,12,12,12,22,21,42,25,60,60,60,52,32,0],"gold":223,"neow_bonus":"ONE_RANDOM_RARE_CARD","is_prod":false,"is_daily":false,"chose_seed":false,"campfire_upgraded":1,"win_rate":0,"timestamp":1565982695,"path_taken":["M","?","M","?","M","E","M","?","T","?","?","R","E","M","R","BOSS","M","?","?","?","M"],"build_version":"2019-07-17","purchased_purges":1,"victory":false,"max_hp_per_floor":[71,71,71,71,71,71,71,71,71,71,71,71,71,71,71,71,71,71,71,71,76,76],"card_choices":[{"not_picked":["Stack","Force Field","Blizzard"],"picked":"SKIP","floor":1},{"not_picked":["Go for the Eyes","FTL"],"picked":"Sunder","floor":3},{"not_picked":["Double Energy","Compile Driver"],"picked":"Conserve Battery","floor":4},{"not_picked":["Redo","Hologram"],"picked":"Doom and Gloom","floor":5},{"not_picked":["Redo","Gash"],"picked":"Rainbow","floor":6},{"not_picked":["Chill","Coolheaded"],"picked":"Cold Snap","floor":7},{"not_picked":["Turbo","Steam"],"picked":"Self Repair","floor":10},{"not_picked":["Darkness","Turbo"],"picked":"Redo","floor":13},{"not_picked":["Stack","Barrage"],"picked":"Conserve Battery","floor":14},{"not_picked":["Rainbow","Buffer"],"picked":"Electrodynamics","floor":16},{"not_picked":["Streamline","Turbo"],"picked":"Conserve Battery","floor":18},{"not_picked":["Redo","Compile Driver"],"picked":"Seek","floor":20}],"player_experience":730625,"relics_obtained":[{"floor":2,"key":"Mummified Hand"},{"floor":6,"key":"Lantern"},{"floor":9,"key":"Bronze Scales"},{"floor":13,"key":"Tiny Chest"}],"event_choices":[{"damage_healed":0,"gold_gain":0,"player_choice":"3 cards matched","damage_taken":0,"max_hp_gain":0,"max_hp_loss":0,"event_name":"Match and Keep!","floor":8,"gold_loss":0,"cards_obtained":["Redo","Regret","Normality"]},{"damage_healed":0,"gold_gain":0,"player_choice":"Traded Relic","damage_taken":0,"relics_obtained":["Nloth\u0027s Gift"],"max_hp_gain":0,"max_hp_loss":0,"event_name":"N\u0027loth","floor":19,"relics_lost":["Lantern"],"gold_loss":0},{"damage_healed":0,"gold_gain":0,"player_choice":"Shed Blood","damage_taken":25,"max_hp_gain":5,"max_hp_loss":0,"event_name":"Forgotten Altar","floor":21,"gold_loss":0}],"is_beta":false,"boss_relics":[{"not_picked":["Astrolabe","Empty Cage"],"picked":"Cursed Key"}],"items_purged_floors":[11],"is_endless":false,"potions_floor_spawned":[4,5,7,10,13,14,20],"killed_by":"Snecko","ascension_level":20}