{"gold_per_floor":[113,38,38,56,26,355,373,388,468,494,504,536,556,556,556,654,654,673,691,61,61,80,98,98,98],"floor_reached":25,"playtime":729,"items_purged":["Injury"],"score":600,"play_id":"48ddd01a-6a2e-4365-a264-26fb979389d4","local_time":"20190714132240","is_ascension_mode":true,"campfire_choices":[{"floor":15,"key":"REST"},{"floor":24,"key":"REST"}],"neow_cost":"NONE","seed_source_timestamp":269142453627222,"circlet_count":0,"master_deck":["AscendersBane","Strike_B","Strike_B","Strike_B","Defend_B","Defend_B","Defend_B","Defend_B","Zap","Dualcast","Ball Lightning","Ball Lightning","Beam Cell","Gash","Conserve Battery","Ball Lightning","Cold Snap","Compile Driver","Electrodynamics","Leap","Meteor Strike","Gash","Self Repair","Auto Shields+1"],"relics":["Cracked Core","NeowsBlessing","CultistMask","Old Coin","The Courier","Anchor","Orichalcum","Golden Idol","Sozu","Regal Pillow","Letter Opener","Torii"],"potions_floor_usage":[25],"damage_taken":[{"damage":0,"enemies":"Small Slimes","floor":1,"turns":1},{"damage":0,"enemies":"2 Louse","floor":4,"turns":1},{"damage":0,"enemies":"Gremlin Nob","floor":6,"turns":1},{"damage":0,"enemies":"Cultist","floor":7,"turns":3},{"damage":10,"enemies":"Lots of Slimes","floor":8,"turns":4},{"damage":30,"enemies":"3 Sentries","floor":10,"turns":6},{"damage":0,"enemies":"3 Louse","floor":11,"turns":2},{"damage":8,"enemies":"Gremlin Nob","floor":12,"turns":3},{"damage":7,"enemies":"Large Slime","floor":13,"turns":4},{"damage":0,"enemies":"Slime Boss","floor":16,"turns":6},{"damage":0,"enemies":"Chosen","floor":18,"turns":4},{"damage":25,"enemies":"3 Byrds","floor":19,"turns":4},{"damage":33,"enemies":"Snake Plant","floor":22,"turns":5},{"damage":19,"enemies":"Snecko","floor":23,"turns":4},{"damage":67,"enemies":"Gremlin Leader","floor":25,"turns":7}],"seed_played":"-9122741132002576482","potions_obtained":[{"floor":4,"key":"SneckoOil"},{"floor":7,"key":"EssenceOfSteel"},{"floor":10,"key":"Dexterity Potion"},{"floor":12,"key":"Block Potion"}],"is_trial":false,"path_per_floor":["M","?","?","M","$","E","M","M","T","E","M","E","M","?","R","B",null,"M","M","$","?","M","M","R","E"],"character_chosen":"DEFECT","items_purchased":["Beam Cell","Regal Pillow","Letter Opener","Torii"],"campfire_rested":2,"item_purchase_floors":[5,20,20,20],"current_hp_per_floor":[64,64,64,64,64,64,64,54,54,24,24,16,9,9,30,30,61,61,36,36,50,24,12,48,0],"gold":98,"neow_bonus":"THREE_ENEMY_KILL","is_prod":false,"is_daily":false,"chose_seed":false,"campfire_upgraded":0,"win_rate":0,"timestamp":1563135760,"path_taken":["M","?","?","?","$","E","M","M","T","E","M","E","?","?","R","BOSS","M","M","$","?","M","M","R","E"],"build_version":"2019-07-05","purchased_purges":1,"victory":false,"max_hp_per_floor":[71,71,71,71,71,71,71,71,71,71,71,71,71,71,71,71,71,71,71,71,71,71,71,71,71],"card_choices":[{"not_picked":["Turbo","Darkness"],"picked":"Ball Lightning","floor":1},{"not_picked":["Rebound","Double Energy"],"picked":"Ball Lightning","floor":4},{"not_picked":["Rebound","Streamline"],"picked":"Gash","floor":6},{"not_picked":["FTL","Barrage"],"picked":"Conserve Battery","floor":7},{"not_picked":["Reprogram","Cold Snap"],"picked":"Ball Lightning","floor":8},{"not_picked":["Gash","Sunder"],"picked":"Cold Snap","floor":10},{"not_picked":["Steam","Go for the Eyes"],"picked":"Compile Driver","floor":11},{"not_picked":["Consume","Streamline"],"picked":"Electrodynamics","floor":12},{"not_picked":["Beam Cell","Aggregate"],"picked":"Leap","floor":13},{"not_picked":["Machine Learning","Hyperbeam"],"picked":"Meteor Strike","floor":16},{"not_picked":["Static Discharge","Turbo"],"picked":"Gash","floor":18},{"not_picked":["Ball Lightning","Fusion"],"picked":"Self Repair","floor":19},{"not_picked":["Steam Power","Rip and Tear","Steam"],"picked":"SKIP","floor":22},{"not_picked":["Go for the Eyes","Machine Learning"],"picked":"Auto Shields+1","floor":23}],"player_experience":667669,"relics_obtained":[{"floor":6,"key":"Old Coin"},{"floor":9,"key":"The Courier"},{"floor":10,"key":"Anchor"},{"floor":12,"key":"Orichalcum"}],"event_choices":[{"cards_removed":["Strike_B"],"damage_healed":0,"gold_gain":0,"player_choice":"Card Removal","damage_taken":0,"max_hp_gain":0,"max_hp_loss":0,"event_name":"The Cleric","floor":2,"gold_loss":75},{"damage_healed":0,"gold_gain":0,"player_choice":"Trade","damage_taken":0,"relics_obtained":["CultistMask"],"max_hp_gain":0,"max_hp_loss":0,"event_name":"FaceTrader","floor":3,"gold_loss":0},{"damage_healed":0,"gold_gain":0,"player_choice":"Take Wound","damage_taken":0,"relics_obtained":["Golden Idol"],"max_hp_gain":0,"max_hp_loss":0,"event_name":"Golden Idol","floor":14,"gold_loss":0,"cards_obtained":["Injury"]},{"damage_healed":14,"gold_gain":0,"player_choice":"Heal","damage_taken":0,"max_hp_gain":0,"max_hp_loss":0,"event_name":"The Library","floor":21,"gold_loss":0}],"is_beta":false,"boss_relics":[{"not_picked":["Pandora\u0027s Box","Coffee Dripper"],"picked":"Sozu"}],"items_purged_floors":[20],"is_endless":false,"potions_floor_spawned":[4,7,10,12,16,19],"killed_by":"Gremlin Leader","ascension_level":20}