{"gold_per_floor":[112,128,141,141,141,141,141,172,172,191,191,201,201,224,224,320,320,296,135,135],"floor_reached":20,"playtime":529,"items_purged":["Injury"],"score":348,"play_id":"4a0207c6-7827-4027-bedf-f77c51bdea4e","local_time":"20191021172436","is_ascension_mode":true,"campfire_choices":[{"data":"Zap","floor":6,"key":"SMITH"},{"floor":11,"key":"REST"},{"data":"Defragment","floor":15,"key":"SMITH"}],"neow_cost":"NONE","seed_source_timestamp":779885742499600,"circlet_count":0,"master_deck":["AscendersBane","Strike_B","Strike_B","Strike_B","Strike_B","Defend_B","Defend_B","Defend_B","Defend_B","Zap+1","Dualcast","Go for the Eyes+1","Undo","Loop","Defragment+1","Ball Lightning","Ball Lightning","Coolheaded","Creative AI","Heatsinks","Defragment"],"relics":["Cracked Core","NeowsBlessing","Mummified Hand","Blue Candle","Golden Idol","Sozu"],"potions_floor_usage":[16,16],"damage_taken":[{"damage":0,"enemies":"Cultist","floor":1,"turns":1},{"damage":0,"enemies":"Small Slimes","floor":2,"turns":1},{"damage":0,"enemies":"2 Louse","floor":3,"turns":1},{"damage":50,"enemies":"3 Sentries","floor":8,"turns":13},{"damage":8,"enemies":"Large Slime","floor":10,"turns":6},{"damage":0,"enemies":"Blue Slaver","floor":12,"turns":3},{"damage":6,"enemies":"Looter","floor":14,"turns":3},{"damage":17,"enemies":"Slime Boss","floor":16,"turns":8},{"damage":29,"enemies":"2 Thieves","floor":18,"turns":4},{"damage":49,"enemies":"Masked Bandits","floor":20,"turns":3}],"seed_played":"-2319714226916245733","potions_obtained":[{"floor":1,"key":"Dexterity Potion"},{"floor":10,"key":"PowerPotion"},{"floor":14,"key":"Poison Potion"}],"is_trial":false,"path_per_floor":["M","M","M","?","?","R","?","E","T","M","R","M","?","M","R","B",null,"M","$","?"],"character_chosen":"DEFECT","items_purchased":["Defragment"],"campfire_rested":1,"item_purchase_floors":[19],"current_hp_per_floor":[64,64,64,64,64,64,69,19,19,11,33,33,33,27,27,10,60,31,31,0],"gold":135,"neow_bonus":"THREE_ENEMY_KILL","is_prod":false,"is_daily":false,"chose_seed":false,"campfire_upgraded":2,"win_rate":0,"timestamp":1571703876,"path_taken":["M","M","?","?","?","R","?","E","T","M","R","M","?","M","R","BOSS","M","$","?"],"build_version":"2019-07-17","purchased_purges":1,"victory":false,"max_hp_per_floor":[71,71,71,71,71,71,76,76,76,76,76,76,76,76,76,76,76,76,76,76],"card_choices":[{"not_picked":["Skim","Leap"],"picked":"Go for the Eyes","floor":1},{"not_picked":["Steam","Storm"],"picked":"Undo","floor":2},{"not_picked":["Blizzard","Turbo"],"picked":"Loop","floor":3},{"not_picked":["Reprogram","Coolheaded"],"picked":"Defragment","floor":8},{"not_picked":["Coolheaded","Chaos"],"picked":"Ball Lightning","floor":10},{"not_picked":["Reinforced Body","Thunder Strike"],"picked":"Ball Lightning","floor":12},{"not_picked":["Melter","Undo"],"picked":"Coolheaded","floor":14},{"not_picked":["Buffer","Hyperbeam"],"picked":"Creative AI","floor":16},{"not_picked":["Streamline","Rebound"],"picked":"Heatsinks","floor":18}],"player_experience":879949,"relics_obtained":[{"floor":8,"key":"Mummified Hand"},{"floor":9,"key":"Blue Candle"}],"event_choices":[{"damage_healed":0,"gold_gain":0,"player_choice":"Grow","damage_taken":0,"max_hp_gain":0,"max_hp_loss":0,"event_name":"Living Wall","floor":4,"gold_loss":0,"cards_upgraded":["Go for the Eyes"]},{"damage_healed":0,"gold_gain":0,"player_choice":"Leave","damage_taken":0,"max_hp_gain":0,"max_hp_loss":0,"event_name":"The Cleric","floor":5,"gold_loss":0},{"damage_healed":0,"gold_gain":0,"player_choice":"Donut","damage_taken":0,"max_hp_gain":5,"max_hp_loss":0,"event_name":"Big Fish","floor":7,"gold_loss":0},{"damage_healed":0,"gold_gain":0,"player_choice":"Take Wound","damage_taken":0,"relics_obtained":["Golden Idol"],"max_hp_gain":0,"max_hp_loss":0,"event_name":"Golden Idol","floor":13,"gold_loss":0,"cards_obtained":["Injury"]},{"damage_healed":0,"gold_gain":0,"player_choice":"Fought Bandits","damage_taken":0,"max_hp_gain":0,"max_hp_loss":0,"event_name":"Masked Bandits","floor":20,"gold_loss":0}],"is_beta":false,"boss_relics":[{"not_picked":["Tiny House","Black Star"],"picked":"Sozu"}],"items_purged_floors":[19],"is_endless":false,"potions_floor_spawned":[1,10,14],"killed_by":"Masked Bandits","ascension_level":20}