{"gold_per_floor":[115,135,135,115,128,163,182,31,81,81,145,176,156],"floor_reached":13,"playtime":416,"items_purged":["Strike_B"],"score":186,"play_id":"10d95561-3fb7-4a22-bd2e-4045d739c841","local_time":"20190722202344","is_ascension_mode":true,"campfire_choices":[],"neow_cost":"NONE","seed_source_timestamp":985921642491767,"circlet_count":0,"master_deck":["AscendersBane","Strike_B","Strike_B","Strike_B","Defend_B","Defend_B","Defend_B","Defend_B","Zap","Dualcast","Sweeping Beam","Glacier","Gash","Conserve Battery","Ball Lightning","White Noise+1","Capacitor","Sweeping Beam+1"],"relics":["Nuclear Battery","Pear","Vajra","Blood Vial","Molten Egg 2"],"potions_floor_usage":[6,11],"damage_taken":[{"damage":6,"enemies":"Jaw Worm","floor":1,"turns":5},{"damage":0,"enemies":"2 Louse","floor":2,"turns":2},{"damage":2,"enemies":"Cultist","floor":5,"turns":5},{"damage":6,"enemies":"3 Sentries","floor":6,"turns":6},{"damage":4,"enemies":"Blue Slaver","floor":7,"turns":5},{"damage":35,"enemies":"Gremlin Nob","floor":11,"turns":5},{"damage":21,"enemies":"Gremlin Nob","floor":12,"turns":5},{"damage":11,"enemies":"Looter","floor":13,"turns":1}],"seed_played":"8824096347895755180","potions_obtained":[{"floor":1,"key":"AttackPotion"},{"floor":4,"key":"Explosive Potion"},{"floor":6,"key":"LiquidBronze"}],"is_trial":false,"path_per_floor":["M","M","?","?","M","E","M","$","T","?","?","E","M"],"character_chosen":"DEFECT","items_purchased":["White Noise"],"campfire_rested":0,"item_purchase_floors":[8],"current_hp_per_floor":[58,58,63,63,61,65,61,61,61,61,26,7,0],"gold":156,"neow_bonus":"BOSS_RELIC","is_prod":false,"is_daily":false,"chose_seed":false,"campfire_upgraded":0,"win_rate":0,"timestamp":1563852224,"path_taken":["M","M","?","?","?","E","M","$","T","?","?","E","M"],"build_version":"2019-07-17","purchased_purges":1,"victory":false,"max_hp_per_floor":[71,71,76,76,76,86,86,86,86,86,86,86,86],"card_choices":[{"not_picked":["White Noise","Compile Driver"],"picked":"Sweeping Beam","floor":1},{"not_picked":["Melter","Beam Cell"],"picked":"Glacier","floor":2},{"not_picked":["Hello World","Skim"],"picked":"Gash","floor":5},{"not_picked":["Reboot","Melter"],"picked":"Conserve Battery","floor":6},{"not_picked":["Beam Cell","Heatsinks"],"picked":"Ball Lightning","floor":7},{"not_picked":["Barrage","Hello World"],"picked":"Capacitor","floor":11},{"not_picked":["Coolheaded","Heatsinks"],"picked":"Sweeping Beam","floor":12}],"player_experience":699743,"relics_obtained":[{"floor":6,"key":"Pear"},{"floor":9,"key":"Vajra"},{"floor":11,"key":"Blood Vial"},{"floor":12,"key":"Molten Egg 2"}],"event_choices":[{"damage_healed":0,"gold_gain":0,"player_choice":"Donut","damage_taken":0,"max_hp_gain":5,"max_hp_loss":0,"event_name":"Big Fish","floor":3,"gold_loss":0},{"damage_healed":0,"gold_gain":0,"player_choice":"Bought 1 Potion","damage_taken":0,"max_hp_gain":0,"max_hp_loss":0,"event_name":"The Woman in Blue","floor":4,"gold_loss":0},{"damage_healed":0,"gold_gain":0,"player_choice":"Grow","damage_taken":0,"max_hp_gain":0,"max_hp_loss":0,"event_name":"Living Wall","floor":10,"gold_loss":0,"cards_upgraded":["White Noise"]},{"damage_healed":0,"gold_gain":0,"player_choice":"Searched \u00272\u0027 times","damage_taken":0,"max_hp_gain":0,"max_hp_loss":0,"event_name":"Dead Adventurer","floor":11,"gold_loss":0}],"is_beta":false,"boss_relics":[],"items_purged_floors":[8],"is_endless":false,"potions_floor_spawned":[1,6],"killed_by":"Looter","ascension_level":20}