{"gold_per_floor":[211,230,39,50,70,101,119,147,147,176,176,192,222,172,172,274,274,286,306,306,325,335,335,366,366,411,186,201,227,227,253,253,354,354,366,380,380,33,50,64,99,119,119,150,163,179,179,120,120,140,140,140,23,55,55],"floor_reached":56,"playtime":5785,"items_purged":["Pain","Strike_B"],"score":1710,"play_id":"e2a8b012-1566-4c81-b785-58e4b79e821c","local_time":"20190404104714","is_ascension_mode":true,"campfire_choices":[{"data":"Defragment","floor":11.0,"key":"SMITH"},{"data":"Loop","floor":15.0,"key":"SMITH"},{"data":"Echo Form","floor":23.0,"key":"SMITH"},{"floor":30,"key":"REST"},{"data":"Amplify","floor":32,"key":"SMITH"},{"floor":49,"key":"RECALL"},{"data":"Fission","floor":52,"key":"SMITH"}],"neow_cost":"NONE","seed_source_timestamp":0,"circlet_count":0,"master_deck":["Strike_B","Strike_B","Defend_B","Defend_B","Defend_B","Defend_B","Zap","Dualcast","Glacier","Cold Snap","Coolheaded","Self Repair","Biased Cognition","Cold Snap","Conserve Battery","Defragment+1","Fission+1","Loop+1","Echo Form+1","Doom and Gloom+1","Loop","Conserve Battery+1","Undo","Leap+1","Defragment+1","Injury","Redo+1","White Noise+1","Amplify+1","Echo Form","Conserve Battery+1","Self Repair","Compile Driver+1","Double Energy","Creative AI","Coolheaded+1","Glacier","Glacier+1","Master of Strategy","Mind Blast+1","Magnetism","Defragment","Undo","Glacier","Force Field+1"],"special_seed":0,"relics":["Cracked Core","Ancient Tea Set","Lantern","Bronze Scales","Art of War","The Courier","Cursed Key","WarpedTongs","Darkstone Periapt","Runic Capacitor","Symbiotic Virus","Calipers","Black Star","Molten Egg 2","Shuriken","Nunchaku","Pen Nib","Ginger","Dodecahedron","Gremlin Horn"],"potions_floor_usage":[55,55,55],"damage_taken":[{"damage":4.0,"enemies":"Small Slimes","floor":1.0,"turns":3.0},{"damage":0.0,"enemies":"Cultist","floor":2.0,"turns":5.0},{"damage":5.0,"enemies":"Jaw Worm","floor":4.0,"turns":4.0},{"damage":2.0,"enemies":"Exordium Thugs","floor":5.0,"turns":6.0},{"damage":11.0,"enemies":"Lagavulin","floor":6.0,"turns":9.0},{"damage":4.0,"enemies":"Blue Slaver","floor":7.0,"turns":7.0},{"damage":23.0,"enemies":"Gremlin Nob","floor":8.0,"turns":5.0},{"damage":16.0,"enemies":"Lagavulin","floor":10.0,"turns":10.0},{"damage":2.0,"enemies":"Looter","floor":12.0,"turns":3.0},{"damage":6.0,"enemies":"3 Sentries","floor":13.0,"turns":9.0},{"damage":6.0,"enemies":"Hexaghost","floor":16.0,"turns":13.0},{"damage":14.0,"enemies":"2 Thieves","floor":18.0,"turns":4.0},{"damage":6.0,"enemies":"Chosen","floor":19.0,"turns":5.0},{"damage":7.0,"enemies":"Snecko","floor":21.0,"turns":7.0},{"damage":13.0,"enemies":"Snake Plant","floor":22.0,"turns":8.0},{"damage":50.0,"enemies":"Gremlin Leader","floor":24.0,"turns":13.0},{"damage":0.0,"enemies":"Centurion and Healer","floor":28.0,"turns":10.0},{"damage":30.0,"enemies":"Slavers","floor":29.0,"turns":10.0},{"damage":0,"enemies":"Book of Stabbing","floor":31,"turns":8},{"damage":4,"enemies":"Automaton","floor":33,"turns":8},{"damage":42,"enemies":"3 Darklings","floor":35,"turns":13},{"damage":9,"enemies":"Orb Walker","floor":36,"turns":8},{"damage":0,"enemies":"Maw","floor":39,"turns":7},{"damage":6,"enemies":"4 Shapes","floor":40,"turns":10},{"damage":13,"enemies":"Reptomancer","floor":41,"turns":15},{"damage":1,"enemies":"3 Darklings","floor":42,"turns":5},{"damage":21,"enemies":"Nemesis","floor":44,"turns":9},{"damage":0,"enemies":"Writhing Mass","floor":45,"turns":9},{"damage":10,"enemies":"Spire Growth","floor":46,"turns":7},{"damage":24,"enemies":"Donu and Deca","floor":50,"turns":16},{"damage":20,"enemies":"Shield and Spear","floor":54,"turns":9},{"damage":38,"enemies":"The Heart","floor":55,"turns":11}],"seed_played":"-7278138510791025376","potions_obtained":[{"floor":1.0,"key":"Dexterity Potion"},{"floor":7.0,"key":"LiquidBronze"},{"floor":10.0,"key":"FocusPotion"},{"floor":13.0,"key":"FocusPotion"},{"floor":16.0,"key":"AttackPotion"},{"floor":24.0,"key":"SteroidPotion"},{"floor":29.0,"key":"Poison Potion"},{"floor":31,"key":"LiquidBronze"},{"floor":39,"key":"FocusPotion"}],"is_trial":false,"path_per_floor":["M","M","$","M","M","E","M","E","T","E","R","M","E","?","R","B",null,"M","M","?","M","M","R","E","?","T","$","M","E","R","E","R","B",null,"M","M","?","$","M","M","E","M","T","E","M","M","?","$","R","B",null,"R","$","E","B",null],"character_chosen":"DEFECT","items_purchased":["Fruit Juice","Coolheaded","Self Repair","Runic Capacitor","Molten Egg 2","Self Repair","Defragment","Undo","Glacier"],"campfire_rested":1,"item_purchase_floors":[3,3,3,27,38,38,48,53,53],"current_hp_per_floor":[64,64,64,71,76,72,75,59,59,50,50,55,56,56,56,57,74,67,68,68,80,67,67,37,37,43,43,50,40,65,85,85,81,85,73,86,86,86,86,80,86,86,86,86,86,86,76,76,76,80,85,85,85,65,41],"gold":55,"neow_bonus":"HUNDRED_GOLD","is_prod":false,"is_daily":false,"chose_seed":false,"campfire_upgraded":5,"win_rate":0,"timestamp":1554400034,"path_taken":["M","M","$","M","M","E","M","E","T","E","R","M","E","?","R","BOSS","M","M","?","?","M","R","E","?","T","?","M","E","R","E","R","BOSS","M","M","?","$","M","M","E","M","T","E","M","M","?","?","R","BOSS","R","$","E","BOSS"],"build_version":"2019-01-23","purchased_purges":2,"victory":true,"max_hp_per_floor":[75,75,75,80,80,80,80,80,80,80,80,80,80,80,80,80,80,80,80,80,80,80,80,80,80,86,86,86,86,86,86,86,86,86,86,86,86,86,86,86,86,86,86,86,86,86,86,86,86,86,86,86,86,86,86],"card_choices":[{"not_picked":["Self Repair","Aggregate"],"picked":"Glacier","floor":1.0},{"not_picked":["Beam Cell","Redo"],"picked":"Cold Snap","floor":2.0},{"not_picked":["Steam","Storm"],"picked":"Biased Cognition","floor":4.0},{"not_picked":["Aggregate","Beam Cell"],"picked":"Cold Snap","floor":5.0},{"not_picked":["Steam","Coolheaded","Chaos"],"picked":"SKIP","floor":6.0},{"not_picked":["Go for the Eyes","Steam"],"picked":"Conserve Battery","floor":7.0},{"not_picked":["Compile Driver","Ball Lightning"],"picked":"Defragment","floor":8.0},{"not_picked":["Compile Driver","Go for the Eyes","Doom and Gloom"],"picked":"SKIP","floor":10.0},{"not_picked":["Steam Power","Fusion"],"picked":"Fission","floor":12.0},{"not_picked":["Steam","Thunder Strike"],"picked":"Loop","floor":13.0},{"not_picked":["Meteor Strike","Core Surge"],"picked":"Echo Form","floor":16.0},{"not_picked":["Go for the Eyes","Beam Cell"],"picked":"Doom and Gloom+1","floor":18.0},{"not_picked":["Steam","Sweeping Beam"],"picked":"Loop","floor":19.0},{"not_picked":["Steam","Chill+1"],"picked":"Conserve Battery+1","floor":21.0},{"not_picked":["Redo+1","Stack"],"picked":"Undo","floor":22.0},{"not_picked":["Recycle","Rebound"],"picked":"Leap+1","floor":24.0},{"not_picked":["Reinforced Body","Turbo"],"picked":"Redo+1","floor":28.0},{"not_picked":["Rip and Tear","Streamline"],"picked":"White Noise+1","floor":29.0},{"not_picked":["Cold Snap","Ball Lightning"],"picked":"Amplify","floor":31},{"not_picked":["Amplify","Hyperbeam"],"picked":"Echo Form","floor":33},{"not_picked":["Sweeping Beam+1","BootSequence"],"picked":"Conserve Battery+1","floor":35},{"not_picked":["Cold Snap+1","Steam+1","Leap"],"picked":"SKIP","floor":36},{"not_picked":["Leap+1","Gash+1"],"picked":"Compile Driver+1","floor":39},{"not_picked":["Compile Driver+1","Steam+1"],"picked":"Double Energy","floor":40},{"not_picked":["Leap","Streamline+1"],"picked":"Creative AI","floor":41},{"not_picked":["Rip and Tear+1","Go for the Eyes+1"],"picked":"Coolheaded+1","floor":42},{"not_picked":["Streamline+1","Reinforced Body"],"picked":"Glacier","floor":44},{"not_picked":["Beam Cell+1","Streamline+1","Go for the Eyes+1"],"picked":"SKIP","floor":45},{"not_picked":["Reprogram","Skim+1"],"picked":"Glacier+1","floor":46},{"not_picked":["Good Instincts","Apotheosis"],"picked":"Master of Strategy","floor":47},{"not_picked":["Good Instincts","Impatience"],"picked":"Mind Blast+1","floor":47},{"not_picked":["PanicButton","Purity"],"picked":"Magnetism","floor":47},{"not_picked":["White Noise+1","Melter+1"],"picked":"Force Field+1","floor":54}],"player_experience":147972,"relics_obtained":[{"floor":6.0,"key":"Ancient Tea Set"},{"floor":8.0,"key":"Lantern"},{"floor":9.0,"key":"Bronze Scales"},{"floor":10.0,"key":"Art of War"},{"floor":13.0,"key":"The Courier"},{"floor":24.0,"key":"Darkstone Periapt"},{"floor":29.0,"key":"Symbiotic Virus"},{"floor":31,"key":"Calipers"},{"floor":41,"key":"Shuriken"},{"floor":41,"key":"Nunchaku"},{"floor":44,"key":"Pen Nib"},{"floor":44,"key":"Ginger"},{"floor":54,"key":"Dodecahedron"},{"floor":54,"key":"Gremlin Horn"}],"event_choices":[{"cards_removed":["Strike_B"],"damage_healed":0.0,"max_hp_gain":0.0,"max_hp_loss":0.0,"gold_gain":0.0,"event_name":"The Cleric","player_choice":"Card Removal","floor":14.0,"gold_loss":50.0,"damage_taken":0.0},{"damage_healed":0.0,"max_hp_gain":0.0,"max_hp_loss":0.0,"gold_gain":0.0,"event_name":"Accursed Blacksmith","player_choice":"Rummage","floor":20.0,"gold_loss":0.0,"damage_taken":0.0,"relics_obtained":["WarpedTongs"],"cards_obtained":["Pain"]},{"damage_healed":0.0,"max_hp_gain":0.0,"max_hp_loss":0.0,"gold_gain":0.0,"event_name":"Duplicator","player_choice":"Copied","floor":25.0,"gold_loss":0.0,"damage_taken":0.0,"cards_obtained":["Defragment"]},{"damage_healed":0,"gold_gain":0,"player_choice":"Ignored","damage_taken":0,"max_hp_gain":0,"max_hp_loss":0,"event_name":"Tomb of Lord Red Mask","floor":37,"gold_loss":0},{"damage_healed":0,"gold_gain":0,"player_choice":"Memory 3","damage_taken":10,"max_hp_gain":0,"max_hp_loss":0,"event_name":"SensoryStone","floor":47,"gold_loss":0}],"is_beta":false,"boss_relics":[{"not_picked":["Runic Dome","Tiny House"],"picked":"Cursed Key"},{"not_picked":["Empty Cage","Coffee Dripper"],"picked":"Black Star"}],"items_purged_floors":[27,38],"is_endless":false,"potions_floor_spawned":[1,7,10,12,13,16,24,29,31,33,36,39,44,45],"ascension_level":7}