{"gold_per_floor":[110,110,120,137,149,149,160,192,218,230,230],"floor_reached":11,"playtime":415,"items_purged":[],"score":154,"play_id":"4526af08-c5f7-47b8-9794-21c5ef680be1","local_time":"20190605211030","is_ascension_mode":true,"campfire_choices":[{"data":"Zap","floor":6,"key":"SMITH"}],"neow_cost":"NONE","seed_source_timestamp":1860115223802469,"circlet_count":0,"master_deck":["AscendersBane","Strike_B","Strike_B","Strike_B","Strike_B","Defend_B","Defend_B","Defend_B","Defend_B","Zap+1","Dualcast","Amplify","Beam Cell","Genetic Algorithm","Glacier","Genetic Algorithm","Capacitor","Fusion","All For One"],"relics":["Cracked Core","Dodecahedron","Smiling Mask"],"potions_floor_usage":[8,8],"damage_taken":[{"damage":1,"enemies":"2 Louse","floor":1,"turns":2},{"damage":1,"enemies":"Cultist","floor":3,"turns":3},{"damage":7,"enemies":"Small Slimes","floor":4,"turns":4},{"damage":1,"enemies":"Blue Slaver","floor":5,"turns":5},{"damage":11,"enemies":"Looter","floor":7,"turns":2},{"damage":19,"enemies":"3 Sentries","floor":8,"turns":11},{"damage":10,"enemies":"Red Slaver","floor":10,"turns":6},{"damage":28,"enemies":"Gremlin Nob","floor":11,"turns":3}],"seed_played":"-3614642817799301234","potions_obtained":[{"floor":2,"key":"SkillPotion"},{"floor":2,"key":"SkillPotion"},{"floor":7,"key":"Fire Potion"},{"floor":8,"key":"SteroidPotion"}],"is_trial":false,"path_per_floor":["M","?","M","M","M","R","M","E","T","M","E"],"character_chosen":"DEFECT","items_purchased":[],"campfire_rested":0,"item_purchase_floors":[],"current_hp_per_floor":[63,63,62,55,54,54,43,24,24,14,0],"gold":230,"neow_bonus":"ONE_RANDOM_RARE_CARD","is_prod":false,"is_daily":false,"chose_seed":false,"campfire_upgraded":1,"win_rate":0,"timestamp":1559794230,"path_taken":["M","?","M","M","M","R","M","E","T","M","E"],"build_version":"2019-01-23","purchased_purges":0,"victory":false,"max_hp_per_floor":[71,71,71,71,71,71,71,71,71,71,71],"card_choices":[{"not_picked":["Leap","Double Energy"],"picked":"Beam Cell","floor":1},{"not_picked":["Redo","Sweeping Beam"],"picked":"Genetic Algorithm","floor":3},{"not_picked":["Loop","Ball Lightning"],"picked":"Glacier","floor":4},{"not_picked":["Darkness","Hologram"],"picked":"Genetic Algorithm","floor":5},{"not_picked":["Go for the Eyes","Ball Lightning"],"picked":"Capacitor","floor":7},{"not_picked":["Sweeping Beam","Double Energy"],"picked":"Fusion","floor":8},{"not_picked":["Steam Power","Redo"],"picked":"All For One","floor":10}],"player_experience":583789,"relics_obtained":[{"floor":8,"key":"Dodecahedron"},{"floor":9,"key":"Smiling Mask"}],"event_choices":[{"damage_healed":0,"gold_gain":0,"player_choice":"Got Potions","damage_taken":0,"max_hp_gain":0,"max_hp_loss":0,"event_name":"Lab","floor":2,"gold_loss":0}],"is_beta":false,"boss_relics":[],"items_purged_floors":[],"is_endless":false,"potions_floor_spawned":[3,4,7,8],"killed_by":"Gremlin Nob","ascension_level":20}