{"gold_per_floor":[111,111,36,54,122,122,152,180,204,217,236,253,280,280,280,358,358,370,385,385,401,451,451],"floor_reached":23,"playtime":934,"items_purged":[],"score":452,"play_id":"1d80f886-8ce9-4a9c-b451-e0ae5a152d7f","local_time":"20191024154415","is_ascension_mode":true,"campfire_choices":[{"data":"Zap","floor":6,"key":"SMITH"},{"floor":15,"key":"REST"}],"neow_cost":"NONE","seed_source_timestamp":1032659596208900,"circlet_count":0,"master_deck":["AscendersBane","Strike_B+1","Strike_B+1","Strike_B+1","Defend_B+1","Defend_B+1","Defend_B+1","Defend_B+1","Zap+1","Dualcast","Rebound+1","Hologram","Capacitor+1","Ball Lightning","Heatsinks+1","Leap","Conserve Battery","Creative AI+1","Defragment+1"],"relics":["Cracked Core","NeowsBlessing","Frozen Egg 2","Ice Cream","Happy Flower","Juzu Bracelet","Centennial Puzzle","Snecko Eye"],"potions_floor_usage":[11,13,16,23,23],"damage_taken":[{"damage":0,"enemies":"Cultist","floor":1,"turns":1},{"damage":0,"enemies":"2 Louse","floor":4,"turns":1},{"damage":0,"enemies":"3 Sentries","floor":8,"turns":1},{"damage":0,"enemies":"Small Slimes","floor":10,"turns":2},{"damage":12,"enemies":"Exordium Thugs","floor":11,"turns":3},{"damage":1,"enemies":"Exordium Wildlife","floor":12,"turns":3},{"damage":11,"enemies":"Gremlin Nob","floor":13,"turns":3},{"damage":17,"enemies":"The Guardian","floor":16,"turns":10},{"damage":28,"enemies":"3 Byrds","floor":18,"turns":6},{"damage":23,"enemies":"Shell Parasite","floor":19,"turns":8},{"damage":10,"enemies":"Snecko","floor":21,"turns":6},{"damage":4,"enemies":"Book of Stabbing","floor":23,"turns":4}],"seed_played":"3757331562602483954","potions_obtained":[{"floor":4,"key":"Swift Potion"},{"floor":8,"key":"Fire Potion"},{"floor":13,"key":"Fire Potion"},{"floor":19,"key":"AttackPotion"},{"floor":21,"key":"Block Potion"}],"is_trial":false,"path_per_floor":["M","?","?","M","?","R","?","E","T","M","M","M","E","?","R","B",null,"M","M","?","M","?","E"],"character_chosen":"DEFECT","items_purchased":[],"campfire_rested":1,"item_purchase_floors":[],"current_hp_per_floor":[64,64,64,64,64,64,64,64,64,64,52,51,40,29,50,33,62,34,11,11,1,1,0],"gold":451,"neow_bonus":"THREE_ENEMY_KILL","is_prod":false,"is_daily":false,"chose_seed":false,"campfire_upgraded":1,"win_rate":0,"timestamp":1571957055,"path_taken":["M","?","?","M","?","R","?","E","T","M","M","M","E","?","R","BOSS","M","M","?","M","?","E"],"build_version":"2019-07-17","purchased_purges":0,"victory":false,"max_hp_per_floor":[71,71,71,71,71,71,71,71,71,71,71,71,71,71,71,71,71,71,71,71,71,71,71],"card_choices":[{"not_picked":["Leap","Loop"],"picked":"Rebound","floor":1},{"not_picked":["Sweeping Beam","Leap"],"picked":"Hologram","floor":4},{"not_picked":["Streamline","BootSequence"],"picked":"Capacitor+1","floor":8},{"not_picked":["Coolheaded","Hologram"],"picked":"Ball Lightning","floor":10},{"not_picked":["Coolheaded","Gash"],"picked":"Heatsinks+1","floor":11},{"not_picked":["Seek","Sweeping Beam"],"picked":"Leap","floor":12},{"not_picked":["Beam Cell","Steam"],"picked":"Conserve Battery","floor":13},{"not_picked":["Multi-Cast","Hyperbeam"],"picked":"Creative AI+1","floor":16},{"not_picked":["Beam Cell","Steam","Streamline"],"picked":"SKIP","floor":18},{"not_picked":["Lockon","Redo"],"picked":"Defragment+1","floor":19},{"not_picked":["Reprogram","Ball Lightning","Beam Cell"],"picked":"SKIP","floor":21}],"player_experience":896792,"relics_obtained":[{"floor":8,"key":"Ice Cream"},{"floor":9,"key":"Happy Flower"},{"floor":13,"key":"Juzu Bracelet"}],"event_choices":[{"damage_healed":0,"gold_gain":0,"player_choice":"Grow","damage_taken":0,"max_hp_gain":0,"max_hp_loss":0,"event_name":"Living Wall","floor":2,"gold_loss":0,"cards_upgraded":["Rebound"]},{"cards_removed":["Strike_B"],"damage_healed":0,"gold_gain":0,"player_choice":"Card Removal","damage_taken":0,"max_hp_gain":0,"max_hp_loss":0,"event_name":"The Cleric","floor":3,"gold_loss":75},{"damage_healed":0,"gold_gain":68,"player_choice":"Gained Gold","damage_taken":0,"max_hp_gain":0,"max_hp_loss":0,"event_name":"Golden Wing","floor":5,"gold_loss":0},{"damage_healed":0,"gold_gain":30,"player_choice":"Searched \u00272\u0027 times","damage_taken":0,"relics_obtained":["Frozen Egg 2"],"max_hp_gain":0,"max_hp_loss":0,"event_name":"Dead Adventurer","floor":7,"gold_loss":0},{"damage_healed":0,"gold_gain":0,"player_choice":"Success","damage_taken":11,"relics_obtained":["Centennial Puzzle"],"max_hp_gain":0,"max_hp_loss":0,"event_name":"Scrap Ooze","floor":14,"gold_loss":0},{"damage_healed":0,"gold_gain":0,"player_choice":"Simplicity","damage_taken":0,"max_hp_gain":0,"max_hp_loss":0,"event_name":"Back to Basics","floor":20,"gold_loss":0,"cards_upgraded":["Strike_B","Strike_B","Strike_B","Defend_B","Defend_B","Defend_B","Defend_B"]},{"damage_healed":0,"gold_gain":50,"player_choice":"Stole From Cult","damage_taken":0,"max_hp_gain":0,"max_hp_loss":0,"event_name":"Nest","floor":22,"gold_loss":0}],"is_beta":false,"boss_relics":[{"not_picked":["Ectoplasm","Fusion Hammer"],"picked":"Snecko Eye"}],"items_purged_floors":[],"is_endless":false,"potions_floor_spawned":[4,8,13,19,21],"killed_by":"Book of Stabbing","ascension_level":20}