{"gold_per_floor":[119,136,136,147,160,185,185,200,200,200,213,33,48,63,63,63],"floor_reached":16,"playtime":472,"items_purged":["Pain"],"score":212,"play_id":"3f141682-eb95-4522-afb8-557204c1cd82","local_time":"20191015101655","is_ascension_mode":true,"campfire_choices":[{"floor":7,"key":"REST"},{"data":"Defragment","floor":15,"key":"SMITH"}],"neow_cost":"NONE","seed_source_timestamp":235852094903900,"circlet_count":0,"master_deck":["AscendersBane","Strike_B","Strike_B","Strike_B","Strike_B","Defend_B","Defend_B","Defend_B","Defend_B","Zap","Dualcast","Conserve Battery","Rebound","FTL","Zap","Gash","Cold Snap","Gash","Sunder","Steam","Conserve Battery","Defragment+1","Conserve Battery"],"relics":["Cracked Core","NeowsBlessing","Orichalcum","Matryoshka","WarpedTongs"],"potions_floor_usage":[6,8,16,16],"damage_taken":[{"damage":0,"enemies":"Cultist","floor":1,"turns":1},{"damage":0,"enemies":"2 Louse","floor":2,"turns":1},{"damage":0,"enemies":"Small Slimes","floor":4,"turns":1},{"damage":11,"enemies":"Blue Slaver","floor":5,"turns":3},{"damage":37,"enemies":"Gremlin Nob","floor":6,"turns":4},{"damage":2,"enemies":"3 Louse","floor":8,"turns":3},{"damage":11,"enemies":"Red Slaver","floor":11,"turns":3},{"damage":4,"enemies":"Gremlin Gang","floor":13,"turns":4},{"damage":2,"enemies":"Blue Slaver","floor":14,"turns":4},{"damage":21,"enemies":"Slime Boss","floor":16,"turns":3}],"seed_played":"8590609481823624838","potions_obtained":[{"floor":1,"key":"GamblersBrew"},{"floor":2,"key":"Swift Potion"},{"floor":11,"key":"Block Potion"},{"floor":14,"key":"Swift Potion"}],"is_trial":false,"path_per_floor":["M","M","?","M","M","E","R","M","T","?","M","$","M","M","R","B"],"character_chosen":"DEFECT","items_purchased":["Conserve Battery","Defragment"],"campfire_rested":1,"item_purchase_floors":[12,12],"current_hp_per_floor":[64,64,64,64,53,16,37,35,35,35,24,24,20,18,18,0],"gold":63,"neow_bonus":"THREE_ENEMY_KILL","is_prod":false,"is_daily":false,"chose_seed":false,"campfire_upgraded":1,"win_rate":0,"timestamp":1571159815,"path_taken":["M","?","?","?","M","E","R","M","T","?","?","?","M","M","R","BOSS"],"build_version":"2019-07-17","purchased_purges":1,"victory":false,"max_hp_per_floor":[71,71,71,71,71,71,71,71,71,71,71,71,71,71,71,71],"card_choices":[{"not_picked":["Chaos","Steam"],"picked":"Conserve Battery","floor":1},{"not_picked":["Leap","Scrape"],"picked":"Rebound","floor":2},{"not_picked":["Conserve Battery","Meteor Strike"],"picked":"Gash","floor":4},{"not_picked":["Steam","Barrage"],"picked":"Cold Snap","floor":5},{"not_picked":["Rebound","Leap"],"picked":"Gash","floor":6},{"not_picked":["Blizzard","Rebound"],"picked":"Sunder","floor":8},{"not_picked":["Tempest","Double Energy"],"picked":"Steam","floor":11},{"not_picked":["Scrape","Cold Snap"],"picked":"Conserve Battery","floor":13},{"not_picked":["Cold Snap","Turbo","Melter"],"picked":"SKIP","floor":14}],"player_experience":855219,"relics_obtained":[{"floor":6,"key":"Orichalcum"},{"floor":9,"key":"Matryoshka"}],"event_choices":[{"damage_healed":0,"gold_gain":0,"player_choice":"2 cards matched","damage_taken":0,"max_hp_gain":0,"max_hp_loss":0,"event_name":"Match and Keep!","floor":3,"gold_loss":0,"cards_obtained":["FTL","Zap"]},{"damage_healed":0,"gold_gain":0,"player_choice":"Rummage","damage_taken":0,"relics_obtained":["WarpedTongs"],"max_hp_gain":0,"max_hp_loss":0,"event_name":"Accursed Blacksmith","floor":10,"gold_loss":0,"cards_obtained":["Pain"]}],"is_beta":false,"boss_relics":[],"items_purged_floors":[12],"is_endless":false,"potions_floor_spawned":[1,2,5,11,14],"killed_by":"Slime Boss","ascension_level":20}