{"gold_per_floor":[113,132,146,296,181,181,181,181,263,263,277,295,307,341,341,341],"floor_reached":16,"playtime":458,"items_purged":["Doubt"],"score":204,"play_id":"219bf75a-2e2a-4467-aa98-f13bac05e861","local_time":"20190910222729","is_ascension_mode":true,"campfire_choices":[{"data":"Sunder","floor":6,"key":"SMITH"},{"data":"Zap","floor":8,"key":"SMITH"},{"data":"Dualcast","floor":10,"key":"SMITH"},{"floor":15,"key":"REST"}],"neow_cost":"NONE","seed_source_timestamp":2376729400443000,"circlet_count":0,"master_deck":["AscendersBane","Strike_B","Strike_B","Strike_B","Strike_B","Defend_B","Defend_B","Defend_B","Defend_B","Zap+1","Dualcast+1","Gash","Ball Lightning","Gash","Sunder+1","Clumsy","Reinforced Body","Capacitor","Conserve Battery"],"relics":["Cursed Key","Unceasing Top","Tiny Chest","Gremlin Horn"],"potions_floor_usage":[14,16],"damage_taken":[{"damage":2,"enemies":"2 Louse","floor":1,"turns":3},{"damage":7,"enemies":"Jaw Worm","floor":2,"turns":4},{"damage":6,"enemies":"Cultist","floor":3,"turns":4},{"damage":8,"enemies":"Large Slime","floor":11,"turns":4},{"damage":11,"enemies":"Blue Slaver","floor":12,"turns":3},{"damage":7,"enemies":"Lots of Slimes","floor":13,"turns":4},{"damage":25,"enemies":"3 Sentries","floor":14,"turns":8},{"damage":37,"enemies":"Hexaghost","floor":16,"turns":8}],"seed_played":"3042957448568436112","potions_obtained":[{"floor":3,"key":"Regen Potion"},{"floor":11,"key":"Poison Potion"},{"floor":14,"key":"Explosive Potion"}],"is_trial":false,"path_per_floor":["M","M","M","?","$","R","?","R","T","R","M","M","M","E","R","B"],"character_chosen":"DEFECT","items_purchased":["Sunder"],"campfire_rested":1,"item_purchase_floors":[5],"current_hp_per_floor":[62,55,49,49,49,49,49,49,49,49,41,30,23,13,34,0],"gold":341,"neow_bonus":"BOSS_RELIC","is_prod":false,"is_daily":false,"chose_seed":false,"campfire_upgraded":3,"win_rate":0,"timestamp":1568179649,"path_taken":["M","M","M","?","$","R","?","R","T","R","M","M","M","E","R","BOSS"],"build_version":"2019-07-17","purchased_purges":1,"victory":false,"max_hp_per_floor":[71,71,71,71,71,71,71,71,71,71,71,71,71,71,71,71],"card_choices":[{"not_picked":["Beam Cell","Scrape"],"picked":"Gash","floor":1},{"not_picked":["Double Energy","Go for the Eyes"],"picked":"Ball Lightning","floor":2},{"not_picked":["Compile Driver","Go for the Eyes"],"picked":"Gash","floor":3},{"not_picked":["Melter","Double Energy","Blizzard"],"picked":"SKIP","floor":11},{"not_picked":["Redo","Aggregate"],"picked":"Reinforced Body","floor":12},{"not_picked":["Streamline","Coolheaded"],"picked":"Capacitor","floor":13},{"not_picked":["Leap","Biased Cognition"],"picked":"Conserve Battery","floor":14}],"player_experience":802574,"relics_obtained":[{"floor":9,"key":"Tiny Chest"},{"floor":14,"key":"Gremlin Horn"}],"event_choices":[{"damage_healed":0,"gold_gain":150,"player_choice":"AGREE","damage_taken":0,"max_hp_gain":0,"max_hp_loss":0,"event_name":"Liars Game","floor":4,"gold_loss":0,"cards_obtained":["Doubt"]},{"damage_healed":0,"gold_gain":0,"player_choice":"Searched \u00271\u0027 times","damage_taken":0,"relics_obtained":["Unceasing Top"],"max_hp_gain":0,"max_hp_loss":0,"event_name":"Dead Adventurer","floor":7,"gold_loss":0}],"is_beta":false,"boss_relics":[],"items_purged_floors":[5],"is_endless":false,"potions_floor_spawned":[3,11,14],"killed_by":"Hexaghost","ascension_level":20}