{"gold_per_floor":[109,109,109,69,69,69,101,101,101,135,145,163,188,188,188,281,281,296,296,116,137,137,137,152,173,226,226],"floor_reached":27,"playtime":715,"items_purged":["Strike_B"],"score":558,"play_id":"c812bee2-87b2-4626-960a-d63d33a1cc6a","local_time":"20191012115726","is_ascension_mode":true,"campfire_choices":[{"data":"Sunder","floor":6,"key":"SMITH"},{"data":"Sweeping Beam","floor":8,"key":"SMITH"},{"floor":15,"key":"REST"},{"floor":23,"key":"REST"}],"neow_cost":"NONE","seed_source_timestamp":124989679159300,"circlet_count":0,"master_deck":["AscendersBane","Strike_B","Strike_B","Strike_B","Defend_B+1","Defend_B","Defend_B","Zap","Dualcast+1","Leap","Sunder+1","Sweeping Beam+1","Beam Cell","Gash","Creative AI","Injury","Echo Form","Defragment","Sunder+1","Ball Lightning","Defragment","Writhe","Glacier","Self Repair"],"relics":["Cracked Core","NeowsBlessing","Letter Opener","Kunai","Art of War","Mercury Hourglass","Golden Idol","Eternal Feather","Mummified Hand","Blood Vial"],"potions_floor_usage":[16,27,27],"damage_taken":[{"damage":0,"enemies":"Jaw Worm","floor":1,"turns":1},{"damage":0,"enemies":"Lagavulin","floor":7,"turns":1},{"damage":0,"enemies":"Gremlin Nob","floor":10,"turns":1},{"damage":0,"enemies":"2 Louse","floor":11,"turns":2},{"damage":2,"enemies":"Small Slimes","floor":12,"turns":2},{"damage":18,"enemies":"Lagavulin","floor":13,"turns":6},{"damage":22,"enemies":"Slime Boss","floor":16,"turns":8},{"damage":32,"enemies":"3 Byrds","floor":18,"turns":4},{"damage":22,"enemies":"2 Thieves","floor":21,"turns":3},{"damage":2,"enemies":"3 Cultists","floor":24,"turns":4},{"damage":19,"enemies":"Snake Plant","floor":25,"turns":3},{"damage":23,"enemies":"Masked Bandits","floor":27,"turns":2}],"seed_played":"-3408720120188251791","potions_obtained":[{"floor":7,"key":"LiquidBronze"},{"floor":10,"key":"SkillPotion"},{"floor":11,"key":"Strength Potion"},{"floor":13,"key":"AttackPotion"},{"floor":18,"key":"FearPotion"}],"is_trial":false,"path_per_floor":["M","?","?","$","?","R","E","R","T","E","M","M","E","?","R","B",null,"M","?","$","M","?","R","M","M","T","?"],"character_chosen":"DEFECT","items_purchased":["Sunder","Ball Lightning","Defragment"],"campfire_rested":2,"item_purchase_floors":[4,20,20],"current_hp_per_floor":[64,57,62,62,39,39,39,39,39,39,39,37,19,19,41,19,62,30,30,30,8,8,42,40,21,21,0],"gold":226,"neow_bonus":"THREE_ENEMY_KILL","is_prod":false,"is_daily":false,"chose_seed":false,"campfire_upgraded":2,"win_rate":0,"timestamp":1570906646,"path_taken":["M","?","?","$","?","R","E","R","T","E","M","M","E","?","R","BOSS","M","?","$","?","?","R","M","M","T","?"],"build_version":"2019-07-17","purchased_purges":1,"victory":false,"max_hp_per_floor":[71,71,76,76,76,76,76,76,76,76,76,76,76,76,76,76,76,76,76,76,76,76,76,76,76,76,76],"card_choices":[{"not_picked":["Steam","Go for the Eyes"],"picked":"Leap","floor":1},{"not_picked":["Static Discharge","Lockon"],"picked":"Sweeping Beam","floor":7},{"not_picked":["Chaos","Steam Power"],"picked":"Beam Cell","floor":10},{"not_picked":["Sweeping Beam","Skim","Aggregate"],"picked":"SKIP","floor":11},{"not_picked":["Blizzard","Turbo"],"picked":"Gash","floor":12},{"not_picked":["Barrage","Streamline"],"picked":"Creative AI","floor":13},{"not_picked":["Seek","Thunder Strike"],"picked":"Echo Form","floor":16},{"not_picked":["Steam","Blizzard"],"picked":"Defragment","floor":18},{"not_picked":["Streamline","Heatsinks","Sunder"],"picked":"SKIP","floor":21},{"not_picked":["Defragment","Hologram"],"picked":"Glacier","floor":24},{"not_picked":["Loop+1","Stack"],"picked":"Self Repair","floor":25}],"player_experience":847428,"relics_obtained":[{"floor":7,"key":"Letter Opener"},{"floor":9,"key":"Kunai"},{"floor":10,"key":"Art of War"},{"floor":13,"key":"Mercury Hourglass"},{"floor":26,"key":"Blood Vial"}],"event_choices":[{"cards_removed":["Defend_B"],"damage_healed":0,"gold_gain":0,"player_choice":"Card Removal","damage_taken":7,"max_hp_gain":0,"max_hp_loss":0,"event_name":"Golden Wing","floor":2,"gold_loss":0},{"damage_healed":0,"gold_gain":0,"player_choice":"Donut","damage_taken":0,"max_hp_gain":5,"max_hp_loss":0,"event_name":"Big Fish","floor":3,"gold_loss":0},{"damage_healed":0,"gold_gain":0,"player_choice":"Entered Light","damage_taken":23,"max_hp_gain":0,"max_hp_loss":0,"event_name":"Shining Light","floor":5,"gold_loss":0,"cards_upgraded":["Defend_B","Dualcast"]},{"damage_healed":0,"gold_gain":0,"player_choice":"Take Wound","damage_taken":0,"relics_obtained":["Golden Idol"],"max_hp_gain":0,"max_hp_loss":0,"event_name":"Golden Idol","floor":14,"gold_loss":0,"cards_obtained":["Injury"]},{"damage_healed":0,"gold_gain":0,"player_choice":"Copied","damage_taken":0,"max_hp_gain":0,"max_hp_loss":0,"event_name":"Duplicator","floor":19,"gold_loss":0,"cards_obtained":["Sunder"]},{"damage_healed":0,"gold_gain":0,"player_choice":"Opened","damage_taken":0,"relics_obtained":["Mummified Hand"],"max_hp_gain":0,"max_hp_loss":0,"event_name":"The Mausoleum","floor":22,"gold_loss":0,"cards_obtained":["Writhe"]},{"damage_healed":0,"gold_gain":0,"player_choice":"Fought Bandits","damage_taken":0,"max_hp_gain":0,"max_hp_loss":0,"event_name":"Masked Bandits","floor":27,"gold_loss":0}],"is_beta":false,"boss_relics":[{"not_picked":["Tiny House","White Beast Statue"],"picked":"Eternal Feather"}],"items_purged_floors":[20],"is_endless":false,"potions_floor_spawned":[7,10,11,13,18],"killed_by":"Masked Bandits","ascension_level":20}