{"gold_per_floor":[160,180,180,35,54,113,125,197,244,244],"floor_reached":10,"playtime":464,"items_purged":[],"score":78,"play_id":"b1299996-1cca-42a3-b8a5-917b547759c3","local_time":"20190915062234","is_ascension_mode":true,"campfire_choices":[],"neow_cost":"NONE","seed_source_timestamp":102786283413900,"circlet_count":0,"master_deck":["Strike_P","Strike_P","Strike_P","Strike_P","Defend_P","Defend_P","Defend_P","Defend_P","Eruption+1","Vigilance","Devotion","Protect","BowlingBash"],"special_seed":0,"relics":["Tiny House","Incense Burner","Anchor","Tiny Chest","Kunai","Blood Vial"],"potions_floor_usage":[],"damage_taken":[{"damage":0.0,"enemies":"Cultist","floor":1.0,"turns":4.0},{"damage":8.0,"enemies":"Jaw Worm","floor":2.0,"turns":6.0},{"damage":0.0,"enemies":"2 Louse","floor":5.0,"turns":3.0},{"damage":36,"enemies":"Gremlin Nob","floor":6,"turns":6},{"damage":0,"enemies":"Exordium Wildlife","floor":7,"turns":3},{"damage":20,"enemies":"3 Sentries","floor":10,"turns":2}],"seed_played":"-3248163461828621577","potions_obtained":[{"floor":0.0,"key":"LiquidBronze"},{"floor":1.0,"key":"LiquidBronze"},{"floor":6,"key":"Weak Potion"}],"is_trial":false,"path_per_floor":["M","M","?","$","M","E","M","T","T","E"],"character_chosen":"WATCHER","items_purchased":["Anchor"],"campfire_rested":0,"item_purchase_floors":[4],"current_hp_per_floor":[70,62,50,50,50,14,14,14,14,0],"gold":244,"neow_bonus":"BOSS_RELIC","is_prod":false,"is_daily":false,"chose_seed":false,"campfire_upgraded":0,"win_rate":0,"timestamp":1568521354,"path_taken":["M","?","?","$","M","E","M","?","T","E"],"build_version":"2019-09-12","purchased_purges":0,"victory":false,"max_hp_per_floor":[70,70,70,70,70,70,70,70,70,70],"card_choices":[{"not_picked":["ThirdEye","Swivel"],"picked":"Devotion","floor":0.0},{"not_picked":["CleanseEvil","EmptyFist","ClearTheMind"],"picked":"SKIP","floor":1.0},{"not_picked":["Weave","CrushJoints"],"picked":"Protect","floor":2.0},{"not_picked":["JustLucky","EmptyMind","FlyingSleeves"],"picked":"SKIP","floor":5.0},{"not_picked":["Sanctity","ReachHeaven","EmptyMind"],"picked":"SKIP","floor":6},{"not_picked":["Crescendo","MentalFortress"],"picked":"BowlingBash","floor":7}],"player_experience":455024,"relics_obtained":[{"floor":6,"key":"Tiny Chest"},{"floor":8,"key":"Kunai"},{"floor":9,"key":"Blood Vial"}],"event_choices":[{"damage_healed":0.0,"max_hp_gain":0.0,"max_hp_loss":0.0,"gold_gain":0.0,"event_name":"Scrap Ooze","player_choice":"Success","floor":3.0,"gold_loss":0.0,"damage_taken":12.0,"relics_obtained":["Incense Burner"]}],"is_beta":true,"boss_relics":[],"items_purged_floors":[],"is_endless":false,"potions_floor_spawned":[1,6],"killed_by":"3 Sentries","ascension_level":3}