{"gold_per_floor":[116,41,53,53,70,95,108,138,138,152,172,205,94,94],"floor_reached":14,"playtime":497,"items_purged":["Strike_B"],"score":202,"play_id":"0842277d-a281-4503-8528-cecdbef338c4","local_time":"20190511182441","is_ascension_mode":true,"campfire_choices":[],"neow_cost":"NONE","seed_source_timestamp":2445069181674595,"circlet_count":0,"master_deck":["AscendersBane","Strike_B","Strike_B","Defend_B+1","Defend_B","Defend_B","Defend_B+1","Zap+1","Dualcast","Compile Driver","Sweeping Beam","Ball Lightning","Melter","Conserve Battery","Leap","Self Repair"],"relics":["Cracked Core","Art of War","Oddly Smooth Stone","War Paint","Darkstone Periapt"],"potions_floor_usage":[8,10],"damage_taken":[{"damage":0,"enemies":"Cultist","floor":1,"turns":4},{"damage":0,"enemies":"2 Louse","floor":3,"turns":2},{"damage":0,"enemies":"Small Slimes","floor":5,"turns":3},{"damage":8,"enemies":"Gremlin Nob","floor":6,"turns":3},{"damage":7,"enemies":"3 Louse","floor":7,"turns":2},{"damage":4,"enemies":"3 Sentries","floor":8,"turns":4},{"damage":11,"enemies":"Gremlin Gang","floor":10,"turns":3},{"damage":6,"enemies":"Exordium Wildlife","floor":11,"turns":3},{"damage":20,"enemies":"Gremlin Nob","floor":12,"turns":4},{"damage":10,"enemies":"Lagavulin","floor":14,"turns":4}],"seed_played":"-146814681848145279","potions_obtained":[{"floor":6,"key":"AttackPotion"},{"floor":7,"key":"LiquidBronze"},{"floor":10,"key":"Explosive Potion"},{"floor":12,"key":"Explosive Potion"}],"is_trial":false,"path_per_floor":["M","?","M","?","M","E","M","E","T","M","M","E","$","E"],"character_chosen":"DEFECT","items_purchased":["Self Repair"],"campfire_rested":0,"item_purchase_floors":[13],"current_hp_per_floor":[64,64,64,64,64,56,49,45,45,34,28,8,8,0],"gold":94,"neow_bonus":"RANDOM_COMMON_RELIC","is_prod":false,"is_daily":false,"chose_seed":false,"campfire_upgraded":0,"win_rate":0,"timestamp":1557624281,"path_taken":["M","?","M","?","M","E","M","E","T","M","M","E","$","E"],"build_version":"2019-01-23","purchased_purges":1,"victory":false,"max_hp_per_floor":[71,71,71,71,71,71,71,71,71,71,71,71,71,71],"card_choices":[{"not_picked":["Rebound","Tempest"],"picked":"Compile Driver","floor":1},{"not_picked":["Force Field","Redo"],"picked":"Sweeping Beam","floor":3},{"not_picked":["White Noise","Self Repair"],"picked":"Ball Lightning","floor":5},{"not_picked":["Storm","Rebound"],"picked":"Melter","floor":6},{"not_picked":["Streamline","Sweeping Beam","Stack"],"picked":"SKIP","floor":7},{"not_picked":["Reinforced Body","Multi-Cast","Redo"],"picked":"SKIP","floor":8},{"not_picked":["Compile Driver","Sweeping Beam","Tempest"],"picked":"SKIP","floor":10},{"not_picked":["Streamline","Sweeping Beam"],"picked":"Conserve Battery","floor":11},{"not_picked":["Multi-Cast","Compile Driver"],"picked":"Leap","floor":12}],"player_experience":478446,"relics_obtained":[{"floor":6,"key":"Oddly Smooth Stone"},{"floor":8,"key":"War Paint"},{"floor":12,"key":"Darkstone Periapt"}],"event_choices":[{"cards_removed":["Strike_B"],"damage_healed":0,"gold_gain":0,"player_choice":"Card Removal","damage_taken":0,"max_hp_gain":0,"max_hp_loss":0,"event_name":"The Cleric","floor":2,"gold_loss":75},{"damage_healed":0,"gold_gain":0,"player_choice":"Grow","damage_taken":0,"max_hp_gain":0,"max_hp_loss":0,"event_name":"Living Wall","floor":4,"gold_loss":0,"cards_upgraded":["Zap"]}],"is_beta":false,"boss_relics":[],"items_purged_floors":[13],"is_endless":false,"potions_floor_spawned":[6,7,10,12],"killed_by":"Lagavulin","ascension_level":16}