{"gold_per_floor":[109,123,138,157,172,172,190,225,274,290,316,316,326,343,343,415,415,431,442,442],"floor_reached":20,"playtime":700,"items_purged":[],"score":384,"play_id":"d8b32def-be75-4298-a36b-b81599c47f50","local_time":"20190719115321","is_ascension_mode":true,"campfire_choices":[{"floor":6,"key":"REST"},{"floor":12,"key":"REST"},{"floor":15,"key":"REST"}],"neow_cost":"NONE","seed_source_timestamp":695813659149952,"circlet_count":0,"master_deck":["AscendersBane","Strike_B","Strike_B","Strike_B","Strike_B","Defend_B","Defend_B","Defend_B","Defend_B","Zap","Dualcast","Ball Lightning","Coolheaded","Ball Lightning","Melter","All For One","Go for the Eyes","FTL","Gash","Gash","Hologram","Electrodynamics","Gash","Conserve Battery","Defragment","Chill","All For One","Static Discharge","Melter+1"],"relics":["Orrery","Smiling Mask","Vajra","Darkstone Periapt","Busted Crown"],"potions_floor_usage":[8,11,11],"damage_taken":[{"damage":1,"enemies":"Cultist","floor":1,"turns":4},{"damage":5,"enemies":"Small Slimes","floor":2,"turns":3},{"damage":0,"enemies":"2 Louse","floor":3,"turns":3},{"damage":19,"enemies":"Large Slime","floor":4,"turns":4},{"damage":17,"enemies":"Looter","floor":5,"turns":3},{"damage":11,"enemies":"2 Fungi Beasts","floor":7,"turns":3},{"damage":12,"enemies":"3 Sentries","floor":8,"turns":2},{"damage":6,"enemies":"Exordium Wildlife","floor":10,"turns":2},{"damage":8,"enemies":"Gremlin Nob","floor":11,"turns":3},{"damage":0,"enemies":"Large Slime","floor":13,"turns":3},{"damage":11,"enemies":"Blue Slaver","floor":14,"turns":4},{"damage":33,"enemies":"The Guardian","floor":16,"turns":7},{"damage":26,"enemies":"3 Byrds","floor":18,"turns":3},{"damage":0,"enemies":"Spheric Guardian","floor":19,"turns":3},{"damage":42,"enemies":"Snecko","floor":20,"turns":4}],"seed_played":"-1537480161940352979","potions_obtained":[{"floor":2,"key":"Explosive Potion"},{"floor":4,"key":"Swift Potion"},{"floor":8,"key":"Poison Potion"}],"is_trial":false,"path_per_floor":["M","M","M","M","M","R","M","E","T","M","E","R","M","M","R","B",null,"M","M","M"],"character_chosen":"DEFECT","items_purchased":[],"campfire_rested":3,"item_purchase_floors":[],"current_hp_per_floor":[63,58,58,39,22,43,32,20,20,14,6,27,27,16,37,4,54,28,28,0],"gold":442,"neow_bonus":"BOSS_RELIC","is_prod":false,"is_daily":false,"chose_seed":false,"campfire_upgraded":0,"win_rate":0,"timestamp":1563562401,"path_taken":["M","M","M","M","?","R","M","E","T","M","E","R","M","M","R","BOSS","M","M","M"],"build_version":"2019-07-17","purchased_purges":0,"victory":false,"max_hp_per_floor":[71,71,71,71,71,71,71,71,71,71,71,71,71,71,71,71,71,71,71,71],"card_choices":[{"not_picked":["Turbo","Gash"],"picked":"Ball Lightning","floor":0},{"not_picked":["Loop","Doom and Gloom"],"picked":"Coolheaded","floor":0},{"not_picked":["Go for the Eyes","Coolheaded"],"picked":"Ball Lightning","floor":0},{"not_picked":["Skim","Turbo"],"picked":"Melter","floor":0},{"not_picked":["Double Energy","Consume"],"picked":"All For One","floor":0},{"not_picked":["Cold Snap","Fusion"],"picked":"Go for the Eyes","floor":1},{"not_picked":["Skim","Beam Cell"],"picked":"FTL","floor":2},{"not_picked":["Leap","Turbo"],"picked":"Gash","floor":3},{"not_picked":["Tempest","Beam Cell"],"picked":"Gash","floor":4},{"not_picked":["Coolheaded","Redo"],"picked":"Hologram","floor":5},{"not_picked":["Tempest","Scrape"],"picked":"Electrodynamics","floor":7},{"not_picked":["Reboot","Leap"],"picked":"Gash","floor":8},{"not_picked":["FTL","Doom and Gloom"],"picked":"Conserve Battery","floor":10},{"not_picked":["Redo","Recycle","Sweeping Beam"],"picked":"SKIP","floor":11},{"not_picked":["Genetic Algorithm","Blizzard"],"picked":"Defragment","floor":13},{"not_picked":["Rip and Tear","Tempest"],"picked":"Chill","floor":14},{"not_picked":["Thunder Strike","Seek"],"picked":"All For One","floor":16},{"not_picked":[],"picked":"Static Discharge","floor":18},{"not_picked":[],"picked":"Melter+1","floor":19}],"player_experience":692632,"relics_obtained":[{"floor":8,"key":"Smiling Mask"},{"floor":9,"key":"Vajra"},{"floor":11,"key":"Darkstone Periapt"}],"event_choices":[],"is_beta":false,"boss_relics":[{"not_picked":["White Beast Statue","Runic Dome"],"picked":"Busted Crown"}],"items_purged_floors":[],"is_endless":false,"potions_floor_spawned":[2,4,7,8,10],"killed_by":"Snecko","ascension_level":20}