{"gold_per_floor":[110,110,120,136,108,118,118,149,174,174,194,249,278,33,33,110,110,129,145,164,164],"floor_reached":21,"playtime":663,"items_purged":[],"score":382,"play_id":"0782e2aa-6779-449d-8bce-654aa2565552","local_time":"20190829164818","is_ascension_mode":true,"campfire_choices":[{"data":"Rainbow","floor":7,"key":"SMITH"},{"floor":10,"key":"REST"},{"floor":15,"key":"REST"}],"neow_cost":"NONE","seed_source_timestamp":1319374050317300,"circlet_count":0,"master_deck":["AscendersBane","Strike_B","Strike_B+1","Strike_B+1","Strike_B","Defend_B","Defend_B","Defend_B","Defend_B","Zap+1","Dualcast","Barrage+1","Doom and Gloom","Sweeping Beam","Conserve Battery","Rainbow+1","Echo Form","FTL","Genetic Algorithm","Ball Lightning","Undo","Hyperbeam","Parasite","Leap","Sunder+1"],"relics":["Cracked Core","Whetstone","Bronze Scales","Anchor","Omamori","Oddly Smooth Stone","Calling Bell","Smiling Mask","Mummified Hand","Girya"],"potions_floor_usage":[12,13],"damage_taken":[{"damage":2,"enemies":"Small Slimes","floor":1,"turns":3},{"damage":0,"enemies":"Cultist","floor":3,"turns":4},{"damage":3,"enemies":"2 Louse","floor":4,"turns":2},{"damage":24,"enemies":"Exordium Wildlife","floor":6,"turns":4},{"damage":8,"enemies":"3 Sentries","floor":8,"turns":4},{"damage":0,"enemies":"Lots of Slimes","floor":11,"turns":1},{"damage":8,"enemies":"Gremlin Nob","floor":12,"turns":3},{"damage":14,"enemies":"Gremlin Nob","floor":13,"turns":3},{"damage":46,"enemies":"The Guardian","floor":16,"turns":9},{"damage":0,"enemies":"Chosen","floor":18,"turns":5},{"damage":12,"enemies":"2 Thieves","floor":19,"turns":2},{"damage":34,"enemies":"Shelled Parasite and Fungi","floor":20,"turns":4},{"damage":10,"enemies":"Snecko","floor":21,"turns":3}],"seed_played":"-1944185817142031105","potions_obtained":[{"floor":6,"key":"Explosive Potion"},{"floor":11,"key":"Poison Potion"},{"floor":13,"key":"SneckoOil"},{"floor":16,"key":"EssenceOfSteel"},{"floor":19,"key":"Strength Potion"}],"is_trial":false,"path_per_floor":["M","?","M","M","$","M","R","E","T","R","M","?","E","$","R","B",null,"M","M","M","M"],"character_chosen":"DEFECT","items_purchased":["Conserve Battery","Oddly Smooth Stone","Undo"],"campfire_rested":2,"item_purchase_floors":[5,14,14],"current_hp_per_floor":[62,62,62,59,59,35,35,27,27,48,48,40,26,26,47,1,54,54,42,8,0],"gold":164,"neow_bonus":"UPGRADE_CARD","is_prod":false,"is_daily":false,"chose_seed":false,"campfire_upgraded":1,"win_rate":0,"timestamp":1567122498,"path_taken":["M","?","?","M","$","M","R","E","T","R","?","?","E","?","R","BOSS","M","?","M","M"],"build_version":"2019-07-17","purchased_purges":0,"victory":false,"max_hp_per_floor":[71,71,71,71,71,71,71,71,71,71,71,71,71,71,71,71,71,71,71,71,71],"card_choices":[{"not_picked":["Steam","Turbo"],"picked":"Barrage","floor":1},{"not_picked":["Compile Driver","Steam"],"picked":"Doom and Gloom","floor":3},{"not_picked":["Rebound","Stack"],"picked":"Sweeping Beam","floor":4},{"not_picked":["Turbo","Hologram"],"picked":"Rainbow","floor":6},{"not_picked":["Hologram","Rebound"],"picked":"Echo Form","floor":8},{"not_picked":["Steam","Beam Cell"],"picked":"FTL","floor":11},{"not_picked":["Go for the Eyes","Streamline"],"picked":"Genetic Algorithm","floor":12},{"not_picked":["Aggregate","Creative AI"],"picked":"Ball Lightning","floor":13},{"not_picked":["Meteor Strike","Amplify"],"picked":"Hyperbeam","floor":16},{"not_picked":["Chill","Beam Cell","Go for the Eyes"],"picked":"SKIP","floor":18},{"not_picked":["Cold Snap","Double Energy"],"picked":"Leap","floor":19},{"not_picked":["Rainbow","Recycle"],"picked":"Sunder+1","floor":20}],"player_experience":759646,"relics_obtained":[{"floor":8,"key":"Whetstone"},{"floor":9,"key":"Bronze Scales"},{"floor":12,"key":"Anchor"},{"floor":13,"key":"Omamori"},{"floor":17,"key":"Smiling Mask"},{"floor":17,"key":"Mummified Hand"},{"floor":17,"key":"Girya"}],"event_choices":[{"damage_healed":0,"gold_gain":0,"player_choice":"Upgraded","damage_taken":0,"max_hp_gain":0,"max_hp_loss":0,"event_name":"Upgrade Shrine","floor":2,"gold_loss":0,"cards_upgraded":["Barrage"]},{"damage_healed":0,"gold_gain":30,"player_choice":"Searched \u00272\u0027 times","damage_taken":0,"max_hp_gain":0,"max_hp_loss":0,"event_name":"Dead Adventurer","floor":12,"gold_loss":0}],"is_beta":false,"boss_relics":[{"not_picked":["Pandora\u0027s Box","Eternal Feather"],"picked":"Calling Bell"}],"items_purged_floors":[],"is_endless":false,"potions_floor_spawned":[6,11,13,16,19],"killed_by":"Snecko","ascension_level":20}