{"gold_per_floor":[110,129,279,291,309,309,158,183,183,183,208,208,241,259,259,355,355,371,41,56,56,56,56],"floor_reached":23,"playtime":655,"items_purged":["Doubt","Injury"],"score":402,"play_id":"6c171d5b-9ed8-4205-9bf7-06f00ba77e39","local_time":"20190823223317","is_ascension_mode":true,"campfire_choices":[{"data":"Zap","floor":6,"key":"SMITH"},{"data":"Barrage","floor":12,"key":"SMITH"},{"data":"Static Discharge","floor":15,"key":"SMITH"}],"neow_cost":"NONE","seed_source_timestamp":821679943689200,"circlet_count":0,"master_deck":["AscendersBane","Strike_B","Strike_B","Strike_B","Strike_B","Defend_B","Defend_B","Defend_B","Defend_B","Zap+1","Dualcast","Compile Driver","Ball Lightning","Conserve Battery","Ball Lightning","Self Repair","Genetic Algorithm","Barrage+1","Static Discharge+1","Sunder","All For One","Conserve Battery","Glacier","Shame"],"relics":["Cracked Core","Strawberry","Dream Catcher","Cables","Golden Idol","Incense Burner","Runic Dome","OrangePellets","Juzu Bracelet","FaceOfCleric"],"potions_floor_usage":[8,16,23],"damage_taken":[{"damage":7,"enemies":"Jaw Worm","floor":1,"turns":5},{"damage":11,"enemies":"2 Louse","floor":2,"turns":3},{"damage":0,"enemies":"Cultist","floor":4,"turns":3},{"damage":10,"enemies":"Large Slime","floor":5,"turns":4},{"damage":23,"enemies":"3 Sentries","floor":8,"turns":7},{"damage":1,"enemies":"Looter","floor":11,"turns":3},{"damage":11,"enemies":"Gremlin Nob","floor":13,"turns":3},{"damage":17,"enemies":"3 Louse","floor":14,"turns":3},{"damage":17,"enemies":"Hexaghost","floor":16,"turns":7},{"damage":16,"enemies":"Spheric Guardian","floor":18,"turns":4},{"damage":32,"enemies":"2 Thieves","floor":20,"turns":4},{"damage":32,"enemies":"Gremlin Leader","floor":23,"turns":5}],"seed_played":"2781360843654688904","potions_obtained":[{"floor":2,"key":"SpeedPotion"},{"floor":5,"key":"Regen Potion"},{"floor":8,"key":"LiquidBronze"},{"floor":14,"key":"PowerPotion"}],"is_trial":false,"path_per_floor":["M","M","?","M","M","R","$","E","T","?","M","R","E","M","R","B",null,"M","$","M","?","?","E"],"character_chosen":"DEFECT","items_purchased":["Self Repair","OrangePellets"],"campfire_rested":0,"item_purchase_floors":[7,19],"current_hp_per_floor":[64,53,53,53,43,43,43,42,42,42,48,48,37,27,27,17,63,54,54,29,29,29,0],"gold":56,"neow_bonus":"RANDOM_COMMON_RELIC","is_prod":false,"is_daily":false,"chose_seed":false,"campfire_upgraded":3,"win_rate":0,"timestamp":1566624797,"path_taken":["M","M","?","M","M","R","$","E","T","?","M","R","E","M","R","BOSS","M","$","M","?","?","E"],"build_version":"2019-07-17","purchased_purges":2,"victory":false,"max_hp_per_floor":[78,78,78,78,78,78,78,78,78,78,78,78,78,78,78,78,78,78,78,78,78,78,78],"card_choices":[{"not_picked":["Steam","Coolheaded"],"picked":"Compile Driver","floor":1},{"not_picked":["Leap","White Noise"],"picked":"Ball Lightning","floor":2},{"not_picked":["Coolheaded","Hello World"],"picked":"Conserve Battery","floor":4},{"not_picked":["Reboot","Go for the Eyes"],"picked":"Ball Lightning","floor":5},{"not_picked":["Gash","Auto Shields"],"picked":"Genetic Algorithm","floor":8},{"not_picked":["Go for the Eyes","Fusion"],"picked":"Barrage","floor":11},{"not_picked":["Beam Cell","Compile Driver"],"picked":"Static Discharge","floor":13},{"not_picked":["Blizzard","Redo"],"picked":"Sunder","floor":14},{"not_picked":["Hyperbeam","Machine Learning"],"picked":"All For One","floor":16},{"not_picked":["Lockon","Sweeping Beam"],"picked":"Conserve Battery","floor":18},{"not_picked":["Fusion","Conserve Battery"],"picked":"Glacier","floor":20}],"player_experience":743148,"relics_obtained":[{"floor":8,"key":"Dream Catcher"},{"floor":9,"key":"Cables"},{"floor":13,"key":"Incense Burner"}],"event_choices":[{"damage_healed":0,"gold_gain":150,"player_choice":"AGREE","damage_taken":0,"max_hp_gain":0,"max_hp_loss":0,"event_name":"Liars Game","floor":3,"gold_loss":0,"cards_obtained":["Doubt"]},{"damage_healed":0,"gold_gain":0,"player_choice":"Take Wound","damage_taken":0,"relics_obtained":["Golden Idol"],"max_hp_gain":0,"max_hp_loss":0,"event_name":"Golden Idol","floor":10,"gold_loss":0,"cards_obtained":["Injury"]},{"damage_healed":0,"gold_gain":0,"player_choice":"Stole Relic","damage_taken":0,"relics_obtained":["Juzu Bracelet"],"max_hp_gain":0,"max_hp_loss":0,"event_name":"Addict","floor":21,"gold_loss":0,"cards_obtained":["Shame"]},{"damage_healed":0,"gold_gain":0,"player_choice":"Trade","damage_taken":0,"relics_obtained":["FaceOfCleric"],"max_hp_gain":0,"max_hp_loss":0,"event_name":"FaceTrader","floor":22,"gold_loss":0}],"is_beta":false,"boss_relics":[{"not_picked":["Lizard Tail","Orrery"],"picked":"Runic Dome"}],"items_purged_floors":[7,19],"is_endless":false,"potions_floor_spawned":[2,5,8,14],"killed_by":"Gremlin Leader","ascension_level":20}