{"gold_per_floor":[111,111,61,37,52,52,86,86,86,96,96,131,141,141,141,236,236,251,268,285,215,234,234],"floor_reached":23,"playtime":972,"items_purged":[],"score":283,"play_id":"7dc8fad4-e903-4814-8440-1e1cf15fdc0e","local_time":"20190327153005","is_ascension_mode":true,"campfire_choices":[{"data":"Redo","floor":6,"key":"SMITH"},{"data":"Streamline","floor":8,"key":"SMITH"},{"data":"Zap","floor":11,"key":"SMITH"},{"data":"Gash","floor":15,"key":"SMITH"}],"neow_cost":"NONE","seed_source_timestamp":569450843554641,"circlet_count":0,"master_deck":["Strike_B","Strike_B","Defend_B","Defend_B+1","Defend_B","Defend_B","Zap+1","Dualcast+1","Rebound","Redo+1","Glacier","Streamline+1","Leap","Gash+1","Gash","Steam Power","Machine Learning","Coolheaded+1","Self Repair+1","Heatsinks","Defragment"],"relics":["FrozenCore","NeowsBlessing","Centennial Puzzle","Dream Catcher","Oddly Smooth Stone"],"potions_floor_usage":[20,23],"damage_taken":[{"damage":0,"enemies":"Cultist","floor":1,"turns":1},{"damage":0,"enemies":"Small Slimes","floor":5,"turns":1},{"damage":0,"enemies":"Gremlin Nob","floor":7,"turns":1},{"damage":0,"enemies":"Jaw Worm","floor":10,"turns":2},{"damage":4,"enemies":"Lagavulin","floor":12,"turns":7},{"damage":0,"enemies":"2 Fungi Beasts","floor":13,"turns":2},{"damage":16,"enemies":"Slime Boss","floor":16,"turns":10},{"damage":13,"enemies":"3 Byrds","floor":18,"turns":7},{"damage":6,"enemies":"2 Thieves","floor":19,"turns":5},{"damage":18,"enemies":"Cultist and Chosen","floor":20,"turns":6},{"damage":6,"enemies":"Snecko","floor":22,"turns":9},{"damage":33,"enemies":"Book of Stabbing","floor":23,"turns":9}],"seed_played":"-688255300319095702","potions_obtained":[{"floor":5,"key":"FairyPotion"},{"floor":7,"key":"Ancient Potion"},{"floor":13,"key":"PowerPotion"},{"floor":19,"key":"Block Potion"},{"floor":20,"key":"Dexterity Potion"}],"is_trial":false,"path_per_floor":["M","?","?","$","M","R","E","R","T","M","R","E","M","?","R","B",null,"M","M","M","$","M","E"],"character_chosen":"DEFECT","items_purchased":["Redo","Heatsinks"],"campfire_rested":0,"item_purchase_floors":[4,21],"current_hp_per_floor":[75,60,60,60,60,60,60,60,60,60,60,56,56,56,56,40,66,53,47,29,29,33,0],"gold":234,"neow_bonus":"THREE_ENEMY_KILL","is_prod":false,"is_daily":false,"chose_seed":false,"campfire_upgraded":4,"win_rate":0,"timestamp":1553725805,"path_taken":["M","?","?","?","M","R","E","R","T","M","R","E","M","?","R","BOSS","M","M","M","$","M","E"],"build_version":"2019-01-23","purchased_purges":0,"victory":false,"max_hp_per_floor":[75,75,75,75,75,75,75,75,75,75,75,75,75,75,75,75,75,75,75,75,75,75,75],"card_choices":[{"not_picked":["Leap","Streamline"],"picked":"Rebound","floor":1},{"not_picked":["Turbo","Hologram"],"picked":"Glacier","floor":5},{"not_picked":["Stack","Skim"],"picked":"Streamline","floor":7},{"not_picked":["Streamline","Scrape"],"picked":"Leap","floor":10},{"not_picked":["White Noise","Heatsinks"],"picked":"Gash","floor":12},{"not_picked":["Leap","Genetic Algorithm"],"picked":"Gash","floor":13},{"not_picked":["Buffer","Reboot"],"picked":"Machine Learning","floor":16},{"not_picked":["Force Field","Stack+1","Scrape"],"picked":"SKIP","floor":18},{"not_picked":["Force Field","Rebound+1"],"picked":"Coolheaded+1","floor":19},{"not_picked":["Redo+1","Steam"],"picked":"Self Repair+1","floor":20},{"not_picked":["Beam Cell","Glacier"],"picked":"Defragment","floor":22}],"player_experience":86282,"relics_obtained":[{"floor":7,"key":"Centennial Puzzle"},{"floor":9,"key":"Dream Catcher"},{"floor":12,"key":"Oddly Smooth Stone"}],"event_choices":[{"damage_healed":0,"gold_gain":0,"player_choice":"Entered Light","damage_taken":15,"max_hp_gain":0,"max_hp_loss":0,"event_name":"Shining Light","floor":2,"gold_loss":0,"cards_upgraded":["Dualcast","Defend_B"]},{"cards_removed":["Strike_B"],"damage_healed":0,"gold_gain":0,"player_choice":"Card Removal","damage_taken":0,"max_hp_gain":0,"max_hp_loss":0,"event_name":"The Cleric","floor":3,"gold_loss":50},{"damage_healed":0,"gold_gain":0,"cards_transformed":["Strike_B"],"player_choice":"Transformed","damage_taken":0,"max_hp_gain":0,"max_hp_loss":0,"event_name":"Transmorgrifier","floor":14,"gold_loss":0,"cards_obtained":["Steam Power"]}],"is_beta":false,"boss_relics":[{"not_picked":["Runic Dome","Runic Pyramid"],"picked":"FrozenCore"}],"items_purged_floors":[],"is_endless":false,"potions_floor_spawned":[5,7,13,19,20],"killed_by":"Book of Stabbing","ascension_level":5}