{"gold_per_floor":[116,116,116,116,126,160,160,180,180,180,210,210,210,222,222,299,299,312,323,323,5,5,32,32],"floor_reached":24,"playtime":650,"items_purged":["Defend_B"],"score":474,"play_id":"88fcdd57-eb13-49f7-8f1c-8f1b74b092bd","local_time":"20190828193550","is_ascension_mode":true,"campfire_choices":[{"data":"Strike_B","floor":7,"key":"PURGE"},{"floor":13,"key":"REST"},{"data":"Strike_B","floor":15,"key":"PURGE"}],"neow_cost":"NONE","seed_source_timestamp":1243038579357100,"circlet_count":0,"master_deck":["AscendersBane","Strike_B+1","Defend_B","Defend_B","Defend_B","Zap+1","Gash","Coolheaded","FTL+1","Hologram","Gash","All For One","BootSequence","Coolheaded","Self Repair"],"relics":["Cracked Core","NeowsBlessing","Peace Pipe","Sundial","Pantograph","Mercury Hourglass","Meat on the Bone","Inserter","Vajra","Regal Pillow"],"potions_floor_usage":[16,19,23],"damage_taken":[{"damage":0,"enemies":"Jaw Worm","floor":1,"turns":1},{"damage":0,"enemies":"Small Slimes","floor":5,"turns":1},{"damage":0,"enemies":"3 Sentries","floor":6,"turns":1},{"damage":0,"enemies":"2 Louse","floor":8,"turns":3},{"damage":6,"enemies":"Large Slime","floor":14,"turns":5},{"damage":18,"enemies":"The Guardian","floor":16,"turns":9},{"damage":4,"enemies":"Spheric Guardian","floor":18,"turns":3},{"damage":18,"enemies":"3 Byrds","floor":19,"turns":4},{"damage":39,"enemies":"Slavers","floor":23,"turns":5},{"damage":27,"enemies":"Snake Plant","floor":24,"turns":2}],"seed_played":"8927361630781838500","potions_obtained":[{"floor":5,"key":"Explosive Potion"},{"floor":14,"key":"Poison Potion"},{"floor":16,"key":"Block Potion"}],"is_trial":false,"path_per_floor":["M","?","?","?","M","E","R","M","T","?","?","T","R","M","R","B",null,"M","M","?","$","?","E","M"],"character_chosen":"DEFECT","items_purchased":["Vajra","Self Repair"],"campfire_rested":1,"item_purchase_floors":[21,21],"current_hp_per_floor":[64,57,57,31,31,31,31,31,31,10,10,10,31,37,37,44,64,60,42,42,42,42,22,0],"gold":32,"neow_bonus":"THREE_ENEMY_KILL","is_prod":false,"is_daily":false,"chose_seed":false,"campfire_upgraded":0,"win_rate":0,"timestamp":1567046150,"path_taken":["M","?","?","?","?","E","R","M","T","?","?","?","R","M","R","BOSS","M","M","?","$","?","E","?"],"build_version":"2019-07-17","purchased_purges":1,"victory":false,"max_hp_per_floor":[71,71,71,71,71,71,71,71,71,71,71,71,71,71,71,71,71,71,71,71,71,71,71,71],"card_choices":[{"not_picked":["Leap","Double Energy"],"picked":"Gash","floor":1},{"not_picked":["Tempest","Sweeping Beam"],"picked":"Coolheaded","floor":5},{"not_picked":["Force Field","Compile Driver"],"picked":"FTL","floor":6},{"not_picked":["Lockon","Genetic Algorithm"],"picked":"Hologram","floor":8},{"not_picked":["Leap","Steam"],"picked":"Gash","floor":14},{"not_picked":["Fission","Buffer"],"picked":"All For One","floor":16},{"not_picked":["Capacitor","Streamline"],"picked":"BootSequence","floor":18},{"not_picked":["Leap","Beam Cell"],"picked":"Coolheaded","floor":19},{"not_picked":["Stack","Steam","Hyperbeam"],"picked":"SKIP","floor":23}],"player_experience":755523,"relics_obtained":[{"floor":6,"key":"Sundial"},{"floor":9,"key":"Pantograph"},{"floor":12,"key":"Meat on the Bone"},{"floor":23,"key":"Regal Pillow"}],"event_choices":[{"cards_removed":["Strike_B"],"damage_healed":0,"gold_gain":0,"player_choice":"Card Removal","damage_taken":7,"max_hp_gain":0,"max_hp_loss":0,"event_name":"Golden Wing","floor":2,"gold_loss":0},{"damage_healed":0,"gold_gain":0,"player_choice":"Grow","damage_taken":0,"max_hp_gain":0,"max_hp_loss":0,"event_name":"Living Wall","floor":3,"gold_loss":0,"cards_upgraded":["Zap"]},{"damage_healed":0,"gold_gain":0,"player_choice":"Success","damage_taken":26,"relics_obtained":["Peace Pipe"],"max_hp_gain":0,"max_hp_loss":0,"event_name":"Scrap Ooze","floor":4,"gold_loss":0},{"damage_healed":0,"gold_gain":0,"player_choice":"Entered Light","damage_taken":21,"max_hp_gain":0,"max_hp_loss":0,"event_name":"Shining Light","floor":10,"gold_loss":0,"cards_upgraded":["FTL","Strike_B"]},{"damage_healed":0,"gold_gain":30,"player_choice":"Searched \u00272\u0027 times","damage_taken":0,"relics_obtained":["Mercury Hourglass"],"max_hp_gain":0,"max_hp_loss":0,"event_name":"Dead Adventurer","floor":11,"gold_loss":0},{"cards_removed":["Dualcast"],"damage_healed":0,"gold_gain":0,"player_choice":"Elegance","damage_taken":0,"max_hp_gain":0,"max_hp_loss":0,"event_name":"Back to Basics","floor":20,"gold_loss":0},{"damage_healed":0,"gold_gain":0,"player_choice":"Ignored","damage_taken":0,"max_hp_gain":0,"max_hp_loss":0,"event_name":"N\u0027loth","floor":22,"gold_loss":0}],"is_beta":false,"boss_relics":[{"not_picked":["Eternal Feather","Velvet Choker"],"picked":"Inserter"}],"items_purged_floors":[21],"is_endless":false,"potions_floor_spawned":[5,14,16],"killed_by":"Snake Plant","ascension_level":20}