{"gold_per_floor":[115,131,131,131,56,56,66,97,97,97,123,123,123,138,138,138],"floor_reached":16,"playtime":468,"items_purged":["Strike_B"],"score":216,"play_id":"bbd89d99-6790-4dc3-8d1e-e1e355b41e43","local_time":"20190925181437","is_ascension_mode":true,"campfire_choices":[{"data":"Hologram","floor":6,"key":"SMITH"},{"floor":10,"key":"REST"},{"floor":13,"key":"REST"},{"data":"Zap","floor":15,"key":"SMITH"}],"neow_cost":"TEN_PERCENT_HP_LOSS","seed_source_timestamp":1271317480003400,"circlet_count":0,"master_deck":["AscendersBane","Strike_B","Strike_B","Defend_B","Defend_B","Defend_B","Defend_B","Zap+1","Dualcast","All For One","Gash","Ball Lightning","Hologram+1","Auto Shields","Reinforced Body","Gash+1","Go for the Eyes+1"],"relics":["Cracked Core","Cables","Bag of Marbles","The Courier","Molten Egg 2","Torii"],"potions_floor_usage":[11],"damage_taken":[{"damage":2,"enemies":"Jaw Worm","floor":1,"turns":3},{"damage":2,"enemies":"Cultist","floor":2,"turns":4},{"damage":8,"enemies":"Small Slimes","floor":7,"turns":3},{"damage":19,"enemies":"3 Sentries","floor":8,"turns":6},{"damage":31,"enemies":"Lagavulin","floor":11,"turns":6},{"damage":0,"enemies":"Exordium Wildlife","floor":14,"turns":3},{"damage":25,"enemies":"The Guardian","floor":16,"turns":4}],"seed_played":"2872716462346628786","potions_obtained":[{"floor":1,"key":"Strength Potion"},{"floor":8,"key":"Weak Potion"},{"floor":14,"key":"Ancient Potion"}],"is_trial":false,"path_per_floor":["M","M","?","?","$","R","M","E","T","R","E","T","R","M","R","B"],"character_chosen":"DEFECT","items_purchased":[],"campfire_rested":2,"item_purchase_floors":[],"current_hp_per_floor":[62,60,42,42,42,42,34,15,15,34,3,3,22,22,22,0],"gold":138,"neow_bonus":"THREE_RARE_CARDS","is_prod":false,"is_daily":false,"chose_seed":false,"campfire_upgraded":2,"win_rate":0,"timestamp":1569460477,"path_taken":["M","M","?","?","$","R","?","E","T","R","E","?","R","M","R","BOSS"],"build_version":"2019-07-17","purchased_purges":1,"victory":false,"max_hp_per_floor":[64,64,64,64,64,64,64,64,64,64,64,64,64,64,64,64],"card_choices":[{"not_picked":["Echo Form","Machine Learning"],"picked":"All For One","floor":0},{"not_picked":["Double Energy","Streamline"],"picked":"Gash","floor":1},{"not_picked":["Conserve Battery","Sweeping Beam"],"picked":"Ball Lightning","floor":2},{"not_picked":["Loop","White Noise"],"picked":"Auto Shields","floor":7},{"not_picked":["Rip and Tear","Redo"],"picked":"Reinforced Body","floor":8},{"not_picked":["Rebound","Cold Snap"],"picked":"Gash","floor":11},{"not_picked":["Lockon+1","Rip and Tear+1"],"picked":"Go for the Eyes+1","floor":14}],"player_experience":804746,"relics_obtained":[{"floor":8,"key":"Bag of Marbles"},{"floor":9,"key":"The Courier"},{"floor":11,"key":"Molten Egg 2"},{"floor":12,"key":"Torii"}],"event_choices":[{"damage_healed":0,"gold_gain":0,"player_choice":"Success","damage_taken":18,"relics_obtained":["Cables"],"max_hp_gain":0,"max_hp_loss":0,"event_name":"Scrap Ooze","floor":3,"gold_loss":0},{"damage_healed":0,"gold_gain":0,"cards_transformed":["Strike_B"],"player_choice":"Transformed","damage_taken":0,"max_hp_gain":0,"max_hp_loss":0,"event_name":"Transmorgrifier","floor":4,"gold_loss":0,"cards_obtained":["Hologram"]}],"is_beta":false,"boss_relics":[],"items_purged_floors":[5],"is_endless":false,"potions_floor_spawned":[1,8,14],"killed_by":"The Guardian","ascension_level":20}