{"gold_per_floor":[118,130,130,95,16,48,48,73,98,108,139,151,162,191,191,264,264,276,294,314,314,584,584],"floor_reached":23,"playtime":946,"items_purged":[],"score":492,"play_id":"ee86e6a1-f532-43c1-90b6-fd5a277cc878","local_time":"20190711172142","is_ascension_mode":true,"campfire_choices":[{"data":"Defragment","floor":7,"key":"SMITH"},{"data":"Static Discharge","floor":15,"key":"SMITH"}],"neow_cost":"NONE","seed_source_timestamp":24067587864958,"circlet_count":0,"master_deck":["AscendersBane","Strike_B","Strike_B","Strike_B","Defend_B","Defend_B","Defend_B","Defend_B","Zap","Dualcast","Sweeping Beam","Static Discharge+1","Defragment+1","Gash","Coolheaded+1","Redo+1","Conserve Battery+1","Cold Snap","Coolheaded+1","Darkness+1","Creative AI","Chill+1","Coolheaded+1","Self Repair","Ghostly+1","Ghostly+1","Ghostly+1"],"relics":["Cracked Core","NeowsBlessing","Bag of Marbles","Toxic Egg 2","Blood Vial","Dead Branch","Meat on the Bone","Nuclear Battery"],"potions_floor_usage":[11,13,14],"damage_taken":[{"damage":0,"enemies":"2 Louse","floor":1,"turns":1},{"damage":0,"enemies":"Jaw Worm","floor":2,"turns":1},{"damage":0,"enemies":"Gremlin Nob","floor":6,"turns":1},{"damage":25,"enemies":"3 Sentries","floor":8,"turns":5},{"damage":5,"enemies":"Small Slimes","floor":10,"turns":3},{"damage":23,"enemies":"Gremlin Nob","floor":11,"turns":4},{"damage":0,"enemies":"Exordium Wildlife","floor":12,"turns":4},{"damage":0,"enemies":"Lots of Slimes","floor":13,"turns":3},{"damage":13,"enemies":"3 Sentries","floor":14,"turns":7},{"damage":27,"enemies":"Slime Boss","floor":16,"turns":8},{"damage":0,"enemies":"Spheric Guardian","floor":18,"turns":10},{"damage":12,"enemies":"Shell Parasite","floor":19,"turns":6},{"damage":0,"enemies":"Snecko","floor":20,"turns":6},{"damage":15,"enemies":"Book of Stabbing","floor":23,"turns":5}],"seed_played":"476202705279859747","potions_obtained":[{"floor":6,"key":"Regen Potion"},{"floor":10,"key":"Ancient Potion"},{"floor":12,"key":"AttackPotion"},{"floor":13,"key":"Regen Potion"},{"floor":19,"key":"SteroidPotion"}],"is_trial":false,"path_per_floor":["M","M","?","?","$","E","R","E","T","M","E","M","M","E","R","B",null,"M","M","M","?","?","E"],"character_chosen":"DEFECT","items_purchased":["Defragment"],"campfire_rested":0,"item_purchase_floors":[5],"current_hp_per_floor":[64,64,57,71,71,71,71,46,46,43,34,36,38,42,42,29,61,63,53,55,35,11,0],"gold":584,"neow_bonus":"THREE_ENEMY_KILL","is_prod":false,"is_daily":false,"chose_seed":false,"campfire_upgraded":2,"win_rate":0,"timestamp":1562890902,"path_taken":["M","M","?","?","$","E","R","E","T","M","E","?","M","E","R","BOSS","M","M","M","?","?","E"],"build_version":"2019-07-05","purchased_purges":0,"victory":false,"max_hp_per_floor":[71,71,71,71,71,71,71,71,71,71,71,71,71,71,71,71,71,71,71,71,35,35,35],"card_choices":[{"not_picked":["Leap","Stack"],"picked":"Sweeping Beam","floor":1},{"not_picked":["Hello World","Leap"],"picked":"Static Discharge","floor":2},{"not_picked":["Conserve Battery","Reprogram"],"picked":"Gash","floor":6},{"not_picked":["Reprogram","Compile Driver"],"picked":"Coolheaded","floor":8},{"not_picked":["Streamline","Reboot+1"],"picked":"Redo+1","floor":10},{"not_picked":["Melter","Reboot+1"],"picked":"Conserve Battery+1","floor":11},{"not_picked":["Turbo+1","FTL"],"picked":"Cold Snap","floor":12},{"not_picked":["Gash","Consume+1"],"picked":"Coolheaded+1","floor":13},{"not_picked":["Blizzard","Sunder"],"picked":"Darkness+1","floor":14},{"not_picked":["Meteor Strike","Core Surge"],"picked":"Creative AI","floor":16},{"not_picked":["Cold Snap+1","Consume+1"],"picked":"Chill+1","floor":18},{"not_picked":["Streamline","Ball Lightning"],"picked":"Coolheaded+1","floor":19},{"not_picked":["Glacier+1","Conserve Battery+1"],"picked":"Self Repair","floor":20}],"player_experience":651305,"relics_obtained":[{"floor":6,"key":"Bag of Marbles"},{"floor":8,"key":"Toxic Egg 2"},{"floor":9,"key":"Blood Vial"},{"floor":11,"key":"Dead Branch"},{"floor":14,"key":"Meat on the Bone"}],"event_choices":[{"cards_removed":["Strike_B"],"damage_healed":0,"gold_gain":0,"player_choice":"Card Removal","damage_taken":7,"max_hp_gain":0,"max_hp_loss":0,"event_name":"Golden Wing","floor":3,"gold_loss":0},{"damage_healed":17,"gold_gain":0,"player_choice":"Healed","damage_taken":0,"max_hp_gain":0,"max_hp_loss":0,"event_name":"The Cleric","floor":4,"gold_loss":35},{"damage_healed":0,"gold_gain":0,"player_choice":"Became a Ghost","damage_taken":0,"max_hp_gain":0,"max_hp_loss":36,"event_name":"Ghosts","floor":21,"gold_loss":0,"cards_obtained":["Ghostly","Ghostly","Ghostly"]},{"damage_healed":0,"gold_gain":270,"player_choice":"GOLD GOLD GOLD ","damage_taken":24,"max_hp_gain":0,"max_hp_loss":0,"event_name":"Knowing Skull","floor":22,"potions_obtained":[],"gold_loss":0,"cards_obtained":[]}],"is_beta":false,"boss_relics":[{"not_picked":["Runic Pyramid","Philosopher\u0027s Stone"],"picked":"Nuclear Battery"}],"items_purged_floors":[],"is_endless":false,"potions_floor_spawned":[6,10,12,13,19],"killed_by":"Book of Stabbing","ascension_level":20}