{"gold_per_floor":[116,191,466,481,43,77,77,94,118,118,118,148,148,94,94,168,168,182,195,101,101],"floor_reached":21,"playtime":524,"items_purged":["Regret"],"score":420,"play_id":"0cfccb76-c174-49e8-9f1c-39bf1689d149","local_time":"20190717133736","is_ascension_mode":true,"campfire_choices":[{"data":"Static Discharge","floor":7,"key":"SMITH"},{"data":"Fusion","floor":10,"key":"SMITH"},{"floor":13,"key":"REST"},{"data":"Capacitor","floor":15,"key":"SMITH"}],"neow_cost":"NONE","seed_source_timestamp":529443917380675,"circlet_count":0,"master_deck":["AscendersBane","Strike_B","Strike_B","Strike_B","Strike_B","Defend_B","Defend_B","Defend_B","Defend_B","Zap","Dualcast","Cold Snap","Sweeping Beam","Static Discharge+1","Gash","Fusion+1","Capacitor+1","Ball Lightning","Buffer","Beam Cell+1","Lockon+1","Undo","Conserve Battery"],"relics":["Cracked Core","NeowsBlessing","Medical Kit","Bronze Scales","Orichalcum","Question Card","Bag of Marbles","Nuclear Battery"],"potions_floor_usage":[12,12],"damage_taken":[{"damage":0,"enemies":"Jaw Worm","floor":1,"turns":1},{"damage":0,"enemies":"2 Louse","floor":4,"turns":1},{"damage":0,"enemies":"3 Sentries","floor":6,"turns":1},{"damage":0,"enemies":"Cultist","floor":8,"turns":3},{"damage":24,"enemies":"Lagavulin","floor":12,"turns":5},{"damage":38,"enemies":"Slime Boss","floor":16,"turns":9},{"damage":19,"enemies":"2 Thieves","floor":18,"turns":3},{"damage":17,"enemies":"Spheric Guardian","floor":19,"turns":5},{"damage":28,"enemies":"Cultist and Chosen","floor":21,"turns":5}],"seed_played":"2235831132054364079","potions_obtained":[{"floor":4,"key":"Energy Potion"},{"floor":12,"key":"Poison Potion"}],"is_trial":false,"path_per_floor":["M","?","?","M","$","E","R","M","T","R","?","E","R","$","R","B",null,"M","M","$","M"],"character_chosen":"DEFECT","items_purchased":["Medical Kit","Static Discharge","AttackPotion","Ball Lightning","Undo","Conserve Battery"],"campfire_rested":1,"item_purchase_floors":[5,5,5,14,20,20],"current_hp_per_floor":[64,53,53,53,53,53,53,53,53,53,48,24,45,45,45,7,55,36,19,19,0],"gold":101,"neow_bonus":"THREE_ENEMY_KILL","is_prod":false,"is_daily":false,"chose_seed":false,"campfire_upgraded":3,"win_rate":0,"timestamp":1563395856,"path_taken":["M","?","?","?","?","E","R","M","T","R","?","E","R","$","R","BOSS","M","M","$","M"],"build_version":"2019-07-05","purchased_purges":1,"victory":false,"max_hp_per_floor":[71,71,71,71,71,71,71,71,71,71,71,71,71,71,71,71,71,71,71,71,71],"card_choices":[{"not_picked":["Reinforced Body","Coolheaded"],"picked":"Cold Snap","floor":1},{"not_picked":["Undo","Redo"],"picked":"Sweeping Beam","floor":4},{"not_picked":["Go for the Eyes","Compile Driver"],"picked":"Gash","floor":6},{"not_picked":["Lockon","Rip and Tear"],"picked":"Fusion","floor":8},{"not_picked":["Force Field","Stack","Reprogram"],"picked":"Capacitor","floor":12},{"not_picked":["Thunder Strike","Reboot","Machine Learning"],"picked":"Buffer","floor":16},{"not_picked":["Chaos","FTL","Rebound"],"picked":"Beam Cell+1","floor":18},{"not_picked":["Turbo","Redo","Streamline+1"],"picked":"Lockon+1","floor":19}],"player_experience":680137,"relics_obtained":[{"floor":6,"key":"Bronze Scales"},{"floor":9,"key":"Orichalcum"},{"floor":12,"key":"Bag of Marbles"}],"event_choices":[{"damage_healed":0,"gold_gain":75,"player_choice":"Gather Gold","damage_taken":11,"max_hp_gain":0,"max_hp_loss":0,"event_name":"World of Goop","floor":2,"gold_loss":0},{"damage_healed":0,"gold_gain":275,"player_choice":"Desecrate","damage_taken":0,"max_hp_gain":0,"max_hp_loss":0,"event_name":"Golden Shrine","floor":3,"gold_loss":0,"cards_obtained":["Regret"]},{"damage_healed":0,"gold_gain":0,"player_choice":"Success","damage_taken":5,"relics_obtained":["Question Card"],"max_hp_gain":0,"max_hp_loss":0,"event_name":"Scrap Ooze","floor":11,"gold_loss":0}],"is_beta":false,"boss_relics":[{"not_picked":["Coffee Dripper","Empty Cage"],"picked":"Nuclear Battery"}],"items_purged_floors":[5],"is_endless":false,"potions_floor_spawned":[4,12],"killed_by":"Cultist and Chosen","ascension_level":20}