{"gold_per_floor":[115,85,95,95,95,95,138,239,239,259,278,149,170,203,203,203],"floor_reached":16,"playtime":1178,"items_purged":[],"score":270,"play_id":"398ef70c-b8d2-4880-b889-c0179096ca84","local_time":"20190910225634","is_ascension_mode":true,"campfire_choices":[{"data":"Seek","floor":6,"key":"SMITH"},{"data":"Coolheaded","floor":15,"key":"SMITH"}],"neow_cost":"NONE","seed_source_timestamp":2377755869428000,"circlet_count":0,"master_deck":["AscendersBane","Strike_B","Strike_B","Strike_B","Strike_B","Defend_B","Defend_B","Defend_B","Defend_B","Zap","Dualcast","Cold Snap","Seek+1","Coolheaded+1","Self Repair","Conserve Battery","Cold Snap","BootSequence","Undo","Gash","Sunder"],"relics":["Cracked Core","NeowsBlessing","Golden Idol","Art of War","Tiny Chest","Gambling Chip","Bottled Tornado"],"potions_floor_usage":[8,8,14,16,16],"damage_taken":[{"damage":0,"enemies":"2 Louse","floor":1,"turns":1},{"damage":0,"enemies":"Cultist","floor":3,"turns":1},{"damage":0,"enemies":"Gremlin Nob","floor":7,"turns":1},{"damage":9,"enemies":"3 Sentries","floor":8,"turns":10},{"damage":3,"enemies":"Small Slimes","floor":10,"turns":6},{"damage":7,"enemies":"3 Louse","floor":11,"turns":6},{"damage":6,"enemies":"Large Slime","floor":13,"turns":11},{"damage":21,"enemies":"Lagavulin","floor":14,"turns":11},{"damage":43,"enemies":"The Guardian","floor":16,"turns":14}],"seed_played":"-3625688040232683973","potions_obtained":[{"floor":2,"key":"Explosive Potion"},{"floor":2,"key":"SkillPotion"},{"floor":8,"key":"Weak Potion"},{"floor":10,"key":"Block Potion"},{"floor":14,"key":"Regen Potion"}],"is_trial":false,"path_per_floor":["M","?","M","?","?","R","E","?","T","M","M","$","M","E","R","B"],"character_chosen":"DEFECT","items_purchased":["BootSequence","Undo"],"campfire_rested":0,"item_purchase_floors":[12,12],"current_hp_per_floor":[64,64,64,40,45,45,45,36,36,40,40,40,41,27,27,0],"gold":203,"neow_bonus":"THREE_ENEMY_KILL","is_prod":false,"is_daily":false,"chose_seed":false,"campfire_upgraded":2,"win_rate":0,"timestamp":1568181394,"path_taken":["M","?","?","?","?","R","E","?","T","M","M","$","M","E","R","BOSS"],"build_version":"2019-07-17","purchased_purges":0,"victory":false,"max_hp_per_floor":[71,71,71,71,76,76,76,76,76,76,76,76,76,76,76,76],"card_choices":[{"not_picked":["Stack","Leap"],"picked":"Cold Snap","floor":1},{"not_picked":["BootSequence","Stack"],"picked":"Seek","floor":3},{"not_picked":["Static Discharge","Leap"],"picked":"Coolheaded","floor":7},{"not_picked":["Go for the Eyes","Compile Driver"],"picked":"Self Repair","floor":8},{"not_picked":["Recycle","Steam"],"picked":"Conserve Battery","floor":10},{"not_picked":["Beam Cell","Turbo"],"picked":"Cold Snap","floor":11},{"not_picked":["Rebound","Hyperbeam"],"picked":"Gash","floor":13},{"not_picked":["Auto Shields","Meteor Strike"],"picked":"Sunder","floor":14}],"player_experience":803568,"relics_obtained":[{"floor":7,"key":"Art of War"},{"floor":8,"key":"Tiny Chest"},{"floor":9,"key":"Gambling Chip"},{"floor":14,"key":"Bottled Tornado"}],"event_choices":[{"damage_healed":0,"gold_gain":0,"player_choice":"Bought 2 Potions","damage_taken":0,"max_hp_gain":0,"max_hp_loss":0,"event_name":"The Woman in Blue","floor":2,"gold_loss":0},{"damage_healed":0,"gold_gain":0,"player_choice":"Take Damage","damage_taken":24,"relics_obtained":["Golden Idol"],"max_hp_gain":0,"max_hp_loss":0,"event_name":"Golden Idol","floor":4,"gold_loss":0},{"damage_healed":0,"gold_gain":0,"player_choice":"Donut","damage_taken":0,"max_hp_gain":5,"max_hp_loss":0,"event_name":"Big Fish","floor":5,"gold_loss":0},{"damage_healed":0,"gold_gain":0,"player_choice":"Searched \u00271\u0027 times","damage_taken":0,"max_hp_gain":0,"max_hp_loss":0,"event_name":"Dead Adventurer","floor":8,"gold_loss":0}],"is_beta":false,"boss_relics":[],"items_purged_floors":[],"is_endless":false,"potions_floor_spawned":[8,10,11,14],"killed_by":"The Guardian","ascension_level":20}