{"gold_per_floor":[119,119,194,208,308,308,345,159,159,159,179,207,207,236,236,321,321,321,334,114,134,134,134,134],"floor_reached":24,"playtime":671,"items_purged":[],"score":333,"play_id":"940830fb-2c46-432f-baaf-d681c8bb91c7","local_time":"20191026112840","is_ascension_mode":true,"campfire_choices":[{"data":"Dualcast","floor":6.0,"key":"SMITH"},{"floor":10.0,"key":"REST"},{"floor":15.0,"key":"REST"},{"floor":23,"key":"REST"}],"neow_cost":"NONE","seed_source_timestamp":8787617876500,"circlet_count":0,"master_deck":["AscendersBane","Strike_B+1","Strike_B+1","Strike_B+1","Strike_B+1","Defend_B+1","Defend_B+1","Defend_B+1","Defend_B+1","Zap+1","Dualcast+1","Static Discharge","Rebound","Rip and Tear","Cold Snap","Steam","Redo","Cold Snap","Multi-Cast","Loop"],"special_seed":0,"relics":["Cracked Core","CeramicFish","Medical Kit","Letter Opener","Philosopher\u0027s Stone","Runic Capacitor"],"potions_floor_usage":[],"damage_taken":[{"damage":3.0,"enemies":"2 Louse","floor":1.0,"turns":2.0},{"damage":4.0,"enemies":"Jaw Worm","floor":4.0,"turns":3.0},{"damage":34.0,"enemies":"Gremlin Nob","floor":7.0,"turns":4.0},{"damage":14.0,"enemies":"Small Slimes","floor":11.0,"turns":2.0},{"damage":0.0,"enemies":"3 Louse","floor":12.0,"turns":2.0},{"damage":0.0,"enemies":"Large Slime","floor":14.0,"turns":4.0},{"damage":20.0,"enemies":"Hexaghost","floor":16.0,"turns":10.0},{"damage":0.0,"enemies":"3 Byrds","floor":18.0,"turns":1.0},{"damage":16.0,"enemies":"Spheric Guardian","floor":19.0,"turns":4.0},{"damage":45.0,"enemies":"Centurion and Healer","floor":21.0,"turns":11.0},{"damage":28,"enemies":"Gremlin Leader","floor":24,"turns":3}],"seed_played":"-2360781652033903409","potions_obtained":[{"floor":1.0,"key":"SmokeBomb"},{"floor":11.0,"key":"AttackPotion"},{"floor":16.0,"key":"EssenceOfSteel"},{"floor":21.0,"key":"BlessingOfTheForge"}],"is_trial":false,"path_per_floor":["M","?","?","M","?","R","E","$","T","R","M","M","?","M","R","B",null,"M","M","$","M","?","R","E"],"character_chosen":"DEFECT","items_purchased":["Cold Snap","Medical Kit","Loop","Runic Capacitor"],"campfire_rested":3,"item_purchase_floors":[8,8,20,20],"current_hp_per_floor":[68,52,41,37,37,37,3,3,3,26,12,12,12,12,35,15,62,62,46,46,1,1,24,0],"gold":134,"neow_bonus":"TEN_PERCENT_HP_BONUS","is_prod":false,"is_daily":false,"chose_seed":false,"campfire_upgraded":1,"win_rate":0,"timestamp":1572082120,"path_taken":["M","?","?","M","?","R","E","$","T","R","M","?","?","M","R","BOSS","M","M","$","M","?","R","E"],"build_version":"2019-10-25-V3","purchased_purges":0,"victory":false,"max_hp_per_floor":[78,78,78,78,78,78,78,78,78,78,78,78,78,78,78,78,78,78,78,78,78,78,78,78],"card_choices":[{"not_picked":["Storm","Go for the Eyes"],"picked":"Static Discharge","floor":1.0},{"not_picked":["Stack","Aggregate"],"picked":"Rebound","floor":4.0},{"not_picked":["Redo","Tempest"],"picked":"Rip and Tear","floor":7.0},{"not_picked":["Beam Cell","Leap"],"picked":"Steam","floor":11.0},{"not_picked":["Reinforced Body","Go for the Eyes"],"picked":"Redo","floor":12.0},{"not_picked":["Machine Learning","Redo"],"picked":"Cold Snap","floor":14.0},{"not_picked":["Meteor Strike","Buffer"],"picked":"Multi-Cast","floor":16.0},{"not_picked":["Hologram","Turbo","Gash"],"picked":"SKIP","floor":19.0},{"not_picked":["Sweeping Beam","Redo","Force Field"],"picked":"SKIP","floor":21.0}],"player_experience":540660,"relics_obtained":[{"floor":7.0,"key":"CeramicFish"},{"floor":9.0,"key":"Letter Opener"}],"event_choices":[{"damage_healed":0.0,"max_hp_gain":0.0,"max_hp_loss":0.0,"gold_gain":0.0,"event_name":"Shining Light","player_choice":"Entered Light","floor":2.0,"gold_loss":0.0,"damage_taken":16.0,"cards_upgraded":["Strike_B","Zap"]},{"damage_healed":0.0,"max_hp_gain":0.0,"max_hp_loss":0.0,"gold_gain":75.0,"event_name":"World of Goop","player_choice":"Gather Gold","floor":3.0,"gold_loss":0.0,"damage_taken":11.0},{"damage_healed":0.0,"max_hp_gain":0.0,"max_hp_loss":0.0,"gold_gain":100.0,"event_name":"Golden Shrine","player_choice":"Pray","floor":5.0,"gold_loss":0.0,"damage_taken":0.0},{"damage_healed":0.0,"max_hp_gain":0.0,"max_hp_loss":0.0,"gold_gain":0.0,"event_name":"Golden Wing","player_choice":"Ignored","floor":13.0,"gold_loss":0.0,"damage_taken":0.0},{"damage_healed":0,"gold_gain":0,"player_choice":"Simplicity","damage_taken":0,"max_hp_gain":0,"max_hp_loss":0,"event_name":"Back to Basics","floor":22,"gold_loss":0,"cards_upgraded":["Strike_B","Strike_B","Strike_B","Defend_B","Defend_B","Defend_B","Defend_B"]}],"is_beta":true,"boss_relics":[{"not_picked":["Runic Pyramid","Fusion Hammer"],"picked":"Philosopher\u0027s Stone"}],"items_purged_floors":[],"is_endless":false,"potions_floor_spawned":[1,11,16,21],"killed_by":"Gremlin Leader","ascension_level":14}