{"gold_per_floor":[119,194,209,209,219,219,248,100,100,131,181,181,194,209,209,209],"floor_reached":16,"playtime":604,"items_purged":[],"score":270,"play_id":"ac066e93-91e7-4bca-a6e1-c2522da1a799","local_time":"20190718110327","is_ascension_mode":true,"campfire_choices":[{"data":"Dualcast","floor":6,"key":"SMITH"},{"data":"Self Repair","floor":12,"key":"SMITH"},{"data":"Gash","floor":15,"key":"SMITH"}],"neow_cost":"NONE","seed_source_timestamp":606515284591632,"circlet_count":0,"master_deck":["AscendersBane","Strike_B","Strike_B","Strike_B","Strike_B","Defend_B","Defend_B","Defend_B","Defend_B","Zap+1","Dualcast+1","Leap","Chill","Ball Lightning","Gash+1","Self Repair+1","Conserve Battery","Ball Lightning","Rebound","White Noise"],"relics":["Runic Pyramid","Peace Pipe","Nunchaku","Potion Belt"],"potions_floor_usage":[10,14,16],"damage_taken":[{"damage":2,"enemies":"Jaw Worm","floor":1,"turns":4},{"damage":13,"enemies":"Small Slimes","floor":3,"turns":5},{"damage":0,"enemies":"Cultist","floor":5,"turns":4},{"damage":2,"enemies":"3 Sentries","floor":7,"turns":8},{"damage":0,"enemies":"Lagavulin","floor":10,"turns":7},{"damage":2,"enemies":"2 Fungi Beasts","floor":13,"turns":3},{"damage":12,"enemies":"Large Slime","floor":14,"turns":5},{"damage":53,"enemies":"Hexaghost","floor":16,"turns":9}],"seed_played":"5835960626592131003","potions_obtained":[{"floor":3,"key":"SkillPotion"},{"floor":7,"key":"EssenceOfSteel"},{"floor":14,"key":"AttackPotion"}],"is_trial":false,"path_per_floor":["M","?","M","?","M","R","E","$","T","E","?","R","M","M","R","B"],"character_chosen":"DEFECT","items_purchased":["Self Repair","Conserve Battery"],"campfire_rested":0,"item_purchase_floors":[8,8],"current_hp_per_floor":[62,51,38,38,38,38,36,36,36,43,43,43,51,49,49,0],"gold":209,"neow_bonus":"BOSS_RELIC","is_prod":false,"is_daily":false,"chose_seed":false,"campfire_upgraded":3,"win_rate":0,"timestamp":1563473007,"path_taken":["M","?","M","?","M","R","E","$","T","E","?","R","?","M","R","BOSS"],"build_version":"2019-07-17","purchased_purges":0,"victory":false,"max_hp_per_floor":[71,71,71,71,71,71,71,71,71,71,71,71,71,71,71,71],"card_choices":[{"not_picked":["Redo","Turbo"],"picked":"Leap","floor":1},{"not_picked":["Undo","Force Field"],"picked":"Chill","floor":3},{"not_picked":["Gash","Cold Snap"],"picked":"Ball Lightning","floor":5},{"not_picked":["White Noise","Force Field"],"picked":"Gash","floor":7},{"not_picked":["Leap","Chill"],"picked":"Ball Lightning","floor":10},{"not_picked":["Double Energy","Beam Cell"],"picked":"Rebound","floor":13},{"not_picked":["Conserve Battery","Coolheaded"],"picked":"White Noise","floor":14}],"player_experience":687279,"relics_obtained":[{"floor":7,"key":"Peace Pipe"},{"floor":9,"key":"Nunchaku"},{"floor":10,"key":"Potion Belt"}],"event_choices":[{"damage_healed":0,"gold_gain":75,"player_choice":"Gather Gold","damage_taken":11,"max_hp_gain":0,"max_hp_loss":0,"event_name":"World of Goop","floor":2,"gold_loss":0},{"damage_healed":0,"gold_gain":0,"player_choice":"Grow","damage_taken":0,"max_hp_gain":0,"max_hp_loss":0,"event_name":"Living Wall","floor":4,"gold_loss":0,"cards_upgraded":["Zap"]},{"damage_healed":0,"gold_gain":50,"player_choice":"Pray","damage_taken":0,"max_hp_gain":0,"max_hp_loss":0,"event_name":"Golden Shrine","floor":11,"gold_loss":0}],"is_beta":false,"boss_relics":[],"items_purged_floors":[],"is_endless":false,"potions_floor_spawned":[3,7,14],"killed_by":"Hexaghost","ascension_level":20}