{"gold_per_floor":[110,130,10,21,41,41,76,76,76,94,128,142,142,317,317,415,415,433,449,449,463,463,463,481,481,530,129,147,163,163],"floor_reached":30,"playtime":1808,"items_purged":["Strike_B","Doubt"],"score":294,"play_id":"d2d8d551-1be2-4428-81f6-0bcfcb334c47","local_time":"20191019111340","is_ascension_mode":false,"campfire_choices":[{"data":"Coolheaded","floor":6,"key":"SMITH"},{"data":"Creative AI","floor":8,"key":"SMITH"},{"floor":15,"key":"REST"},{"floor":23,"key":"REST"},{"data":"Coolheaded","floor":25,"key":"SMITH"}],"neow_cost":"NONE","seed_source_timestamp":815712357815300,"circlet_count":0,"master_deck":["Strike_B","Strike_B","Strike_B+1","Defend_B","Defend_B","Defend_B","Defend_B","Zap","Dualcast","Steam","Gash","Gash+1","Gash","Coolheaded+1","Creative AI+1","Steam","Reboot","Gash","Undo","Scrape","Coolheaded+1","Go for the Eyes+1","Chill","Gash"],"relics":["Cracked Core","Darkstone Periapt","Cables","Bottled Flame","Orrery","Ancient Tea Set","Mango"],"potions_floor_usage":[11,19,30],"damage_taken":[{"damage":0,"enemies":"Cultist","floor":1,"turns":3},{"damage":0,"enemies":"Small Slimes","floor":2,"turns":3},{"damage":5,"enemies":"Jaw Worm","floor":4,"turns":3},{"damage":2,"enemies":"3 Louse","floor":5,"turns":3},{"damage":4,"enemies":"Lagavulin","floor":7,"turns":6},{"damage":7,"enemies":"Blue Slaver","floor":10,"turns":4},{"damage":6,"enemies":"3 Sentries","floor":11,"turns":5},{"damage":4,"enemies":"Exordium Thugs","floor":12,"turns":5},{"damage":30,"enemies":"The Guardian","floor":16,"turns":11},{"damage":8,"enemies":"Spheric Guardian","floor":18,"turns":4},{"damage":14,"enemies":"3 Byrds","floor":19,"turns":4},{"damage":0,"enemies":"Cultist and Chosen","floor":21,"turns":5},{"damage":6,"enemies":"Sentry and Sphere","floor":24,"turns":7},{"damage":0,"enemies":"3 Cultists","floor":28,"turns":5},{"damage":24,"enemies":"Snecko","floor":29,"turns":7},{"damage":56,"enemies":"Slavers","floor":30,"turns":5}],"seed_played":"5252286329951279204","potions_obtained":[{"floor":4,"key":"Fire Potion"},{"floor":7,"key":"Ancient Potion"},{"floor":12,"key":"Explosive Potion"},{"floor":19,"key":"SteroidPotion"},{"floor":24,"key":"Strength Potion"},{"floor":28,"key":"Poison Potion"}],"is_trial":false,"path_per_floor":["M","M","$","M","M","R","E","R","T","M","E","M","?","?","R","B",null,"M","M","?","M","?","R","M","R","T","$","M","M","E"],"character_chosen":"DEFECT","items_purchased":["Gash","Mango"],"campfire_rested":2,"item_purchase_floors":[3,27],"current_hp_per_floor":[75,75,75,70,68,68,64,64,64,57,51,47,32,38,62,32,81,73,59,59,59,44,69,63,63,63,77,77,53,0],"gold":163,"neow_bonus":"THREE_CARDS","is_prod":false,"is_daily":false,"chose_seed":false,"campfire_upgraded":3,"win_rate":0,"timestamp":1571498020,"path_taken":["M","?","$","M","M","R","E","R","T","M","E","M","?","?","R","BOSS","M","M","?","M","?","R","M","R","T","$","M","M","E"],"build_version":"2019-07-17","purchased_purges":2,"victory":false,"max_hp_per_floor":[75,75,75,75,75,75,75,75,75,75,75,75,75,81,81,81,81,81,81,81,81,86,86,86,86,86,100,100,100,100],"card_choices":[{"not_picked":["Stack","Redo"],"picked":"Steam","floor":0},{"not_picked":["Leap","Stack"],"picked":"Gash","floor":1},{"not_picked":["Coolheaded","Turbo"],"picked":"Gash","floor":2},{"not_picked":["Storm","Go for the Eyes","Stack"],"picked":"SKIP","floor":4},{"not_picked":["Loop","Defragment"],"picked":"Coolheaded","floor":5},{"not_picked":["Beam Cell","Go for the Eyes"],"picked":"Creative AI","floor":7},{"not_picked":["Barrage","Cold Snap"],"picked":"Steam","floor":10},{"not_picked":["Sweeping Beam","Thunder Strike","Steam"],"picked":"SKIP","floor":11},{"not_picked":["Compile Driver","Beam Cell","Doom and Gloom"],"picked":"SKIP","floor":12},{"not_picked":["Multi-Cast","Core Surge"],"picked":"Reboot","floor":16},{"not_picked":["Loop","Beam Cell"],"picked":"Gash","floor":17},{"not_picked":["Heatsinks","Creative AI"],"picked":"Undo","floor":17},{"not_picked":["Sweeping Beam","Hello World","Beam Cell"],"picked":"SKIP","floor":18},{"not_picked":["Sunder","Steam"],"picked":"Scrape","floor":19},{"not_picked":["Steam","Consume+1"],"picked":"Go for the Eyes+1","floor":21},{"not_picked":["Cold Snap","Sweeping Beam"],"picked":"Chill","floor":24},{"not_picked":["Force Field","Ball Lightning+1"],"picked":"Gash","floor":28},{"not_picked":["Steam","Redo","Sweeping Beam+1"],"picked":"SKIP","floor":29}],"player_experience":424244,"relics_obtained":[{"floor":7,"key":"Darkstone Periapt"},{"floor":9,"key":"Cables"},{"floor":11,"key":"Bottled Flame"},{"floor":26,"key":"Ancient Tea Set"}],"event_choices":[{"damage_healed":0,"gold_gain":0,"player_choice":"Entered Light","damage_taken":15,"max_hp_gain":0,"max_hp_loss":0,"event_name":"Shining Light","floor":13,"gold_loss":0,"cards_upgraded":["Strike_B","Gash"]},{"damage_healed":0,"gold_gain":175,"player_choice":"AGREE","damage_taken":0,"max_hp_gain":0,"max_hp_loss":0,"event_name":"Liars Game","floor":14,"gold_loss":0,"cards_obtained":["Doubt"]},{"damage_healed":0,"gold_gain":0,"player_choice":"Read","damage_taken":0,"max_hp_gain":0,"max_hp_loss":0,"event_name":"The Library","floor":20,"gold_loss":0,"cards_obtained":["Coolheaded"]},{"damage_healed":0,"gold_gain":0,"player_choice":"Shed Blood","damage_taken":20,"max_hp_gain":5,"max_hp_loss":0,"event_name":"Forgotten Altar","floor":22,"gold_loss":0}],"is_beta":false,"boss_relics":[{"not_picked":["White Beast Statue","Sozu"],"picked":"Orrery"}],"items_purged_floors":[3,27],"is_endless":false,"potions_floor_spawned":[4,7,12,19,24,28],"killed_by":"Slavers","ascension_level":0}