{"gold_per_floor":[118,268,268,15,25,25,60,60,60,72,104,104,104,119,119,119],"floor_reached":16,"playtime":465,"items_purged":["Doubt"],"score":216,"play_id":"9dcd9ff0-76a9-418f-a319-18370199662c","local_time":"20191011121759","is_ascension_mode":true,"campfire_choices":[{"data":"Zap","floor":6,"key":"SMITH"},{"floor":8,"key":"REST"},{"floor":15,"key":"REST"}],"neow_cost":"NONE","seed_source_timestamp":40073093985900,"circlet_count":0,"master_deck":["AscendersBane","Strike_B","Strike_B","Strike_B","Strike_B","Defend_B","Defend_B","Defend_B+1","Defend_B","Zap+1","Dualcast","Leap+1","Conserve Battery+1","Cold Snap","Conserve Battery","Go for the Eyes+1","Cold Snap+1","Melter+1"],"relics":["Cracked Core","Tiny Chest","Calipers","Molten Egg 2","Symbiotic Virus","Omamori"],"potions_floor_usage":[7],"damage_taken":[{"damage":9,"enemies":"Small Slimes","floor":1,"turns":3},{"damage":0,"enemies":"Jaw Worm","floor":5,"turns":4},{"damage":30,"enemies":"Gremlin Nob","floor":7,"turns":4},{"damage":2,"enemies":"Cultist","floor":10,"turns":4},{"damage":1,"enemies":"Lagavulin","floor":11,"turns":11},{"damage":0,"enemies":"Blue Slaver","floor":14,"turns":2},{"damage":45,"enemies":"Slime Boss","floor":16,"turns":9}],"seed_played":"8201329161530338811","potions_obtained":[{"floor":5,"key":"Swift Potion"},{"floor":10,"key":"SpeedPotion"}],"is_trial":false,"path_per_floor":["M","?","?","$","M","R","E","R","T","M","E","?","?","M","R","B"],"character_chosen":"DEFECT","items_purchased":["Tiny Chest","Conserve Battery"],"campfire_rested":2,"item_purchase_floors":[4,4],"current_hp_per_floor":[62,62,39,39,39,39,9,32,32,30,29,29,18,18,41,0],"gold":119,"neow_bonus":"TEN_PERCENT_HP_BONUS","is_prod":false,"is_daily":false,"chose_seed":false,"campfire_upgraded":1,"win_rate":0,"timestamp":1570821479,"path_taken":["M","?","?","?","M","R","E","R","T","?","E","?","?","M","R","BOSS"],"build_version":"2019-07-17","purchased_purges":1,"victory":false,"max_hp_per_floor":[78,78,78,78,78,78,78,78,78,78,78,78,78,78,78,78],"card_choices":[{"not_picked":["Go for the Eyes","Coolheaded"],"picked":"Leap","floor":1},{"not_picked":["Compile Driver","Gash"],"picked":"Cold Snap","floor":5},{"not_picked":["Undo","Auto Shields"],"picked":"Conserve Battery","floor":7},{"not_picked":["Stack","Genetic Algorithm"],"picked":"Go for the Eyes+1","floor":10},{"not_picked":["Skim","Reprogram"],"picked":"Cold Snap+1","floor":11},{"not_picked":["Coolheaded","Rebound+1"],"picked":"Melter+1","floor":14}],"player_experience":844213,"relics_obtained":[{"floor":7,"key":"Calipers"},{"floor":9,"key":"Molten Egg 2"},{"floor":11,"key":"Symbiotic Virus"}],"event_choices":[{"damage_healed":0,"gold_gain":150,"player_choice":"AGREE","damage_taken":0,"max_hp_gain":0,"max_hp_loss":0,"event_name":"Liars Game","floor":2,"gold_loss":0,"cards_obtained":["Doubt"]},{"damage_healed":0,"gold_gain":0,"player_choice":"Entered Light","damage_taken":23,"max_hp_gain":0,"max_hp_loss":0,"event_name":"Shining Light","floor":3,"gold_loss":0,"cards_upgraded":["Leap","Defend_B"]},{"damage_healed":0,"gold_gain":0,"player_choice":"Grow","damage_taken":0,"max_hp_gain":0,"max_hp_loss":0,"event_name":"Living Wall","floor":12,"gold_loss":0,"cards_upgraded":["Conserve Battery"]},{"damage_healed":0,"gold_gain":0,"player_choice":"Success","damage_taken":11,"relics_obtained":["Omamori"],"max_hp_gain":0,"max_hp_loss":0,"event_name":"Scrap Ooze","floor":13,"gold_loss":0}],"is_beta":false,"boss_relics":[],"items_purged_floors":[4],"is_endless":false,"potions_floor_spawned":[5,10],"killed_by":"Slime Boss","ascension_level":20}