{"gold_per_floor":[113,129,129,129,148,148,176,7,7,35,61,4,20,52,52,129,129,146,165,0,13,13,13,26,26,26,26],"floor_reached":27,"playtime":989,"items_purged":["Strike_B"],"score":532,"play_id":"d53d95a7-ba84-4d23-bbb0-92b1cbc9b54d","local_time":"20190711170544","is_ascension_mode":true,"campfire_choices":[{"data":"Barrage","floor":6,"key":"SMITH"},{"floor":15,"key":"REST"},{"floor":23,"key":"REST"},{"floor":25,"key":"REST"}],"neow_cost":"NONE","seed_source_timestamp":23066775375624,"circlet_count":0,"master_deck":["AscendersBane","Strike_B","Strike_B","Defend_B","Defend_B","Defend_B","Defend_B","Zap","Dualcast","Barrage+1","Cold Snap","FTL","Capacitor","Rebound","Sweeping Beam","Ball Lightning","Hologram","Streamline","Echo Form","Defragment","Capacitor","White Noise","Writhe","Consume"],"relics":["Cracked Core","NeowsBlessing","Ornamental Fan","Blood Vial","PreservedInsect","WingedGreaves","Oddly Smooth Stone","Anchor","Snecko Eye","Juzu Bracelet"],"potions_floor_usage":[7,7,10,14,16,27,27],"damage_taken":[{"damage":0,"enemies":"Jaw Worm","floor":1,"turns":1},{"damage":0,"enemies":"Small Slimes","floor":2,"turns":1},{"damage":0,"enemies":"Cultist","floor":5,"turns":1},{"damage":2,"enemies":"3 Sentries","floor":7,"turns":7},{"damage":19,"enemies":"Lagavulin","floor":10,"turns":4},{"damage":10,"enemies":"3 Sentries","floor":11,"turns":4},{"damage":10,"enemies":"Lots of Slimes","floor":13,"turns":4},{"damage":0,"enemies":"Gremlin Nob","floor":14,"turns":2},{"damage":32,"enemies":"Slime Boss","floor":16,"turns":10},{"damage":3,"enemies":"2 Thieves","floor":18,"turns":4},{"damage":18,"enemies":"Chosen","floor":19,"turns":5},{"damage":11,"enemies":"Snecko","floor":21,"turns":4},{"damage":43,"enemies":"Shelled Parasite and Fungi","floor":24,"turns":7},{"damage":52,"enemies":"Gremlin Leader","floor":27,"turns":6}],"seed_played":"6444350805372541434","potions_obtained":[{"floor":4,"key":"Fire Potion"},{"floor":4,"key":"GamblersBrew"},{"floor":5,"key":"EssenceOfSteel"},{"floor":7,"key":"FearPotion"},{"floor":11,"key":"SteroidPotion"},{"floor":13,"key":"Weak Potion"},{"floor":14,"key":"Weak Potion"},{"floor":19,"key":"Regen Potion"}],"is_trial":false,"path_per_floor":["M","M","?","?","M","R","E","$","T","E","E","$","M","E","R","B",null,"M","M","$","M","?","R","M","R","T","E"],"character_chosen":"DEFECT","items_purchased":["Blood Vial","Ball Lightning","Capacitor"],"campfire_rested":3,"item_purchase_floors":[8,12,20],"current_hp_per_floor":[64,64,57,57,57,57,55,55,55,38,30,30,22,24,45,15,57,56,40,40,31,31,52,11,32,32,0],"gold":26,"neow_bonus":"THREE_ENEMY_KILL","is_prod":false,"is_daily":false,"chose_seed":false,"campfire_upgraded":1,"win_rate":0,"timestamp":1562889944,"path_taken":["M","M","?","?","?","R","E","$","T","E","E","?","M","E","R","BOSS","M","M","$","M","?","R","?","R","T","E"],"build_version":"2019-07-05","purchased_purges":1,"victory":false,"max_hp_per_floor":[71,71,71,71,71,71,71,71,71,71,71,71,71,71,71,71,71,71,71,71,71,71,71,71,71,71,71],"card_choices":[{"not_picked":["Blizzard","Force Field"],"picked":"Barrage","floor":1},{"not_picked":["Compile Driver","Chill"],"picked":"Cold Snap","floor":2},{"not_picked":["Steam Power","Rip and Tear"],"picked":"FTL","floor":5},{"not_picked":["Barrage","Reboot"],"picked":"Capacitor","floor":7},{"not_picked":["Steam Power","Leap"],"picked":"Rebound","floor":10},{"not_picked":["Hologram","Double Energy"],"picked":"Sweeping Beam","floor":11},{"not_picked":["Compile Driver","Steam"],"picked":"Hologram","floor":13},{"not_picked":["Force Field","Hologram"],"picked":"Streamline","floor":14},{"not_picked":["Core Surge","Electrodynamics"],"picked":"Echo Form","floor":16},{"not_picked":["Barrage+1","Scrape"],"picked":"Defragment","floor":18},{"not_picked":["Rebound","Stack","Double Energy+1"],"picked":"SKIP","floor":19},{"not_picked":["Go for the Eyes","Lockon"],"picked":"White Noise","floor":21},{"not_picked":["Cold Snap","Auto Shields"],"picked":"Consume","floor":24}],"player_experience":650316,"relics_obtained":[{"floor":7,"key":"Ornamental Fan"},{"floor":9,"key":"PreservedInsect"},{"floor":10,"key":"WingedGreaves"},{"floor":11,"key":"Oddly Smooth Stone"},{"floor":14,"key":"Anchor"},{"floor":26,"key":"Juzu Bracelet"}],"event_choices":[{"cards_removed":["Strike_B"],"damage_healed":0,"gold_gain":0,"player_choice":"Card Removal","damage_taken":7,"max_hp_gain":0,"max_hp_loss":0,"event_name":"Golden Wing","floor":3,"gold_loss":0},{"damage_healed":0,"gold_gain":0,"player_choice":"Got Potions","damage_taken":0,"max_hp_gain":0,"max_hp_loss":0,"event_name":"Lab","floor":4,"gold_loss":0},{"damage_healed":0,"gold_gain":0,"player_choice":"1 cards matched","damage_taken":0,"max_hp_gain":0,"max_hp_loss":0,"event_name":"Match and Keep!","floor":22,"gold_loss":0,"cards_obtained":["Writhe"]}],"is_beta":false,"boss_relics":[{"not_picked":["Inserter","Coffee Dripper"],"picked":"Snecko Eye"}],"items_purged_floors":[20],"is_endless":false,"potions_floor_spawned":[5,7,11,13,14,19],"killed_by":"Gremlin Leader","ascension_level":20}