{"gold_per_floor":[116,135,135,135,285,326,326,349,349,393,408,250,271,160,160,253,553,574,574,187,168,17,17,17,17,17,37,78,78,78,78,78,78],"floor_reached":33,"playtime":806,"items_purged":["Doubt","Shame","Shame"],"score":552,"play_id":"f412f001-220b-484c-982b-739a07f74bb9","local_time":"20190620224634","is_ascension_mode":true,"campfire_choices":[{"floor":7,"key":"REST"},{"data":"Static Discharge","floor":15,"key":"SMITH"},{"floor":23,"key":"REST"},{"data":"Echo Form","floor":25,"key":"SMITH"},{"floor":29,"key":"REST"},{"data":"Ghostly","floor":32,"key":"SMITH"}],"neow_cost":"NONE","seed_source_timestamp":505016927626552,"circlet_count":0,"master_deck":["AscendersBane","Strike_B","Strike_B","Strike_B","Strike_B","Defend_B","Defend_B","Defend_B","Defend_B","Zap+1","Dualcast","Sweeping Beam","Sunder+1","Compile Driver","Beam Cell","Cold Snap","Cold Snap","Loop","FTL","Conserve Battery","Static Discharge+1","Echo Form+1","Injury","Ball Lightning+1","Self Repair","Cold Snap","Electrodynamics","Defragment","Ghostly+1","Ghostly","Ghostly"],"relics":["Cracked Core","NeowsBlessing","Golden Idol","Bottled Lightning","Juzu Bracelet","Calipers","Calling Bell","Omamori","Pear","Old Coin","Bag of Marbles","Orichalcum","Gremlin Horn","Question Card","Red Mask","Frozen Egg 2"],"potions_floor_usage":[10,16,21],"damage_taken":[{"damage":0,"enemies":"Cultist","floor":1,"turns":1},{"damage":0,"enemies":"2 Louse","floor":2,"turns":1},{"damage":0,"enemies":"3 Sentries","floor":6,"turns":1},{"damage":3,"enemies":"Small Slimes","floor":8,"turns":2},{"damage":4,"enemies":"Gremlin Nob","floor":10,"turns":3},{"damage":1,"enemies":"Looter","floor":11,"turns":2},{"damage":0,"enemies":"Gremlin Gang","floor":13,"turns":3},{"damage":15,"enemies":"Slime Boss","floor":16,"turns":6},{"damage":47,"enemies":"Shell Parasite","floor":18,"turns":5},{"damage":25,"enemies":"2 Thieves","floor":21,"turns":4},{"damage":19,"enemies":"Snake Plant","floor":27,"turns":2},{"damage":6,"enemies":"Masked Bandits","floor":28,"turns":2},{"damage":44,"enemies":"Automaton","floor":33,"turns":6}],"seed_played":"-6699404085915427098","potions_obtained":[{"floor":6,"key":"Poison Potion"},{"floor":11,"key":"Explosive Potion"},{"floor":28,"key":"Poison Potion"}],"is_trial":false,"path_per_floor":["M","M","?","?","?","E","R","M","T","E","M","$","M","$","R","B",null,"M","?","$","M","$","R","?","R","T","M","?","R","?","?","R","B"],"character_chosen":"DEFECT","items_purchased":["Loop","Conserve Battery","Static Discharge","Self Repair","Orichalcum","Regen Potion","Coolheaded"],"campfire_rested":3,"item_purchase_floors":[12,14,14,20,20,20,22],"current_hp_per_floor":[64,64,40,19,19,19,40,37,37,33,32,32,32,32,32,17,68,21,21,21,24,24,48,48,48,48,36,37,61,40,40,40,0],"gold":78,"neow_bonus":"THREE_ENEMY_KILL","is_prod":false,"is_daily":false,"chose_seed":false,"campfire_upgraded":3,"win_rate":0,"timestamp":1561095994,"path_taken":["M","M","?","?","?","E","R","M","T","E","M","$","M","$","R","BOSS","M","?","$","M","$","R","?","R","T","M","?","R","?","?","R","BOSS"],"build_version":"2019-01-23","purchased_purges":3,"victory":false,"max_hp_per_floor":[71,71,71,71,71,71,71,71,71,71,71,71,71,71,71,71,81,81,81,81,81,81,81,81,81,81,81,81,81,40,40,40,40],"card_choices":[{"not_picked":["Doom and Gloom","Coolheaded"],"picked":"Sweeping Beam","floor":1},{"not_picked":["Rebound","Leap"],"picked":"Sunder","floor":2},{"not_picked":["Steam","Stack"],"picked":"Compile Driver","floor":6},{"not_picked":["Aggregate","Streamline"],"picked":"Beam Cell","floor":8},{"not_picked":["Rebound","Chill"],"picked":"Cold Snap","floor":10},{"not_picked":["Meteor Strike","Gash"],"picked":"Cold Snap","floor":11},{"not_picked":["Blizzard","Reprogram"],"picked":"FTL","floor":13},{"not_picked":["Machine Learning","Hyperbeam"],"picked":"Echo Form","floor":16},{"not_picked":["Turbo","Barrage"],"picked":"Ball Lightning+1","floor":18},{"not_picked":["Redo","Compile Driver"],"picked":"Cold Snap","floor":21},{"not_picked":["Coolheaded","Static Discharge","Turbo"],"picked":"Electrodynamics","floor":27},{"not_picked":["Stack","Steam","Rebound"],"picked":"Defragment","floor":28}],"player_experience":616665,"relics_obtained":[{"floor":6,"key":"Bottled Lightning"},{"floor":9,"key":"Juzu Bracelet"},{"floor":10,"key":"Calipers"},{"floor":17,"key":"Omamori"},{"floor":17,"key":"Pear"},{"floor":17,"key":"Old Coin"},{"floor":26,"key":"Question Card"},{"floor":28,"key":"Red Mask"}],"event_choices":[{"damage_healed":0,"gold_gain":0,"player_choice":"Take Damage","damage_taken":24,"relics_obtained":["Golden Idol"],"max_hp_gain":0,"max_hp_loss":0,"event_name":"Golden Idol","floor":3,"gold_loss":0},{"damage_healed":0,"gold_gain":0,"player_choice":"Entered Light","damage_taken":21,"max_hp_gain":0,"max_hp_loss":0,"event_name":"Shining Light","floor":4,"gold_loss":0,"cards_upgraded":["Sunder","Zap"]},{"damage_healed":0,"gold_gain":150,"player_choice":"AGREE","damage_taken":0,"max_hp_gain":0,"max_hp_loss":0,"event_name":"Liars Game","floor":5,"gold_loss":0,"cards_obtained":["Doubt"]},{"damage_healed":0,"gold_gain":0,"player_choice":"Opened","damage_taken":0,"relics_obtained":["Bag of Marbles"],"max_hp_gain":0,"max_hp_loss":0,"event_name":"The Mausoleum","floor":19,"gold_loss":0,"cards_obtained":["Writhe"]},{"cards_removed":["Coolheaded"],"damage_healed":0,"gold_gain":0,"player_choice":"Gave Card","damage_taken":0,"relics_obtained":["Gremlin Horn"],"max_hp_gain":0,"max_hp_loss":0,"event_name":"WeMeetAgain","floor":24,"gold_loss":0},{"damage_healed":0,"gold_gain":0,"player_choice":"Fought Bandits","damage_taken":0,"max_hp_gain":0,"max_hp_loss":0,"event_name":"Masked Bandits","floor":28,"gold_loss":0},{"damage_healed":0,"gold_gain":0,"player_choice":"Became a Ghost","damage_taken":0,"max_hp_gain":0,"max_hp_loss":41,"event_name":"Ghosts","floor":30,"gold_loss":0,"cards_obtained":["Ghostly","Ghostly","Ghostly"]},{"damage_healed":0,"gold_gain":0,"player_choice":"Stole Relic","damage_taken":0,"relics_obtained":["Frozen Egg 2"],"max_hp_gain":0,"max_hp_loss":0,"event_name":"Addict","floor":31,"gold_loss":0,"cards_obtained":["Shame"]}],"is_beta":false,"boss_relics":[{"not_picked":["White Beast Statue","Busted Crown"],"picked":"Calling Bell"}],"items_purged_floors":[12,20,22],"is_endless":false,"potions_floor_spawned":[6,11,28],"killed_by":"Automaton","ascension_level":20}