{"gold_per_floor":[116,127,147,147,161,194,194,213,239,273,161,173,173,191,191,296,296,313,313,313,3,20,20,31,58,58,58,58,88,88,102,102,206,206,216,226,101,115,115,115,147,147,147,147,147,158,158,170,170,170],"floor_reached":51,"playtime":3468,"items_purged":["Strike_B","Defend_B","Defend_B"],"score":702,"play_id":"47bb2ad5-227c-425a-a510-a78526e8dd12","local_time":"20191018001003","is_ascension_mode":false,"campfire_choices":[{"floor":7.0,"key":"REST"},{"floor":13.0,"key":"REST"},{"data":"Double Energy","floor":15.0,"key":"SMITH"},{"data":"Streamline","floor":23,"key":"SMITH"},{"floor":32,"key":"REST"},{"floor":40,"key":"REST"},{"floor":42,"key":"REST"},{"data":"Echo Form","floor":44,"key":"SMITH"},{"floor":49,"key":"REST"}],"neow_cost":"NONE","seed_source_timestamp":0,"circlet_count":0,"master_deck":["Strike_B+1","Defend_B+1","Defend_B+1","Zap+1","Dualcast+1","Skim+1","Cold Snap+1","Sweeping Beam+1","White Noise+1","Strike_R+1","Capacitor+1","Barrage+1","Double Energy+1","Glacier+1","Undo+1","Conserve Battery+1","Multi-Cast+1","Streamline+1","Tempest+1","Conserve Battery+1","Coolheaded+1","Echo Form+1","Consume+1","Reboot+1","Chill+1","Chaos+1"],"special_seed":0,"relics":["Cracked Core","Omamori","Anchor","Happy Flower","White Beast Statue","Toy Ornithopter","Orichalcum","Ginger","Calipers","Inserter","Mercury Hourglass","Dead Branch","Mark of the Bloom"],"potions_floor_usage":[18,24,25,29,29,33,35,36,41,41,50,50],"damage_taken":[{"damage":7.0,"enemies":"Small Slimes","floor":1.0,"turns":3.0},{"damage":2.0,"enemies":"Cultist","floor":2.0,"turns":4.0},{"damage":0.0,"enemies":"2 Louse","floor":3.0,"turns":2.0},{"damage":4.0,"enemies":"Exordium Wildlife","floor":5.0,"turns":4.0},{"damage":32.0,"enemies":"3 Sentries","floor":6.0,"turns":8.0},{"damage":6.0,"enemies":"2 Fungi Beasts","floor":8.0,"turns":4.0},{"damage":31.0,"enemies":"Lagavulin","floor":10.0,"turns":5.0},{"damage":0.0,"enemies":"Looter","floor":12.0,"turns":4.0},{"damage":3.0,"enemies":"3 Louse","floor":14.0,"turns":3.0},{"damage":4.0,"enemies":"Hexaghost","floor":16.0,"turns":12.0},{"damage":14,"enemies":"Chosen","floor":18,"turns":6},{"damage":10,"enemies":"3 Byrds","floor":22,"turns":3},{"damage":7,"enemies":"Snake Plant","floor":24,"turns":4},{"damage":19,"enemies":"Gremlin Leader","floor":25,"turns":8},{"damage":21,"enemies":"Slavers","floor":29,"turns":6},{"damage":13,"enemies":"Centurion and Healer","floor":31,"turns":11},{"damage":17,"enemies":"Automaton","floor":33,"turns":12},{"damage":12,"enemies":"Orb Walker","floor":35,"turns":4},{"damage":34,"enemies":"3 Darklings","floor":36,"turns":5},{"damage":12,"enemies":"Writhing Mass","floor":38,"turns":7},{"damage":27,"enemies":"Nemesis","floor":41,"turns":12},{"damage":0,"enemies":"Sphere and 2 Shapes","floor":46,"turns":4},{"damage":2,"enemies":"Spire Growth","floor":48,"turns":4},{"damage":13,"enemies":"Time Eater","floor":50,"turns":10}],"seed_played":"1596808182405145279","potions_obtained":[{"floor":2.0,"key":"FocusPotion"},{"floor":8.0,"key":"SteroidPotion"},{"floor":12.0,"key":"SneckoOil"},{"floor":18,"key":"LiquidBronze"},{"floor":22,"key":"Weak Potion"},{"floor":24,"key":"Strength Potion"},{"floor":25,"key":"Fire Potion"},{"floor":29,"key":"SpeedPotion"},{"floor":31,"key":"Energy Potion"},{"floor":33,"key":"FearPotion"},{"floor":35,"key":"Energy Potion"},{"floor":36,"key":"Swift Potion"},{"floor":38,"key":"Explosive Potion"},{"floor":41,"key":"Strength Potion"},{"floor":46,"key":"Weak Potion"},{"floor":48,"key":"SkillPotion"}],"is_trial":false,"path_per_floor":["M","M","M","?","M","E","R","M","T","E","$","M","R","M","R","B",null,"M","?","?","$","M","R","M","E","T","$","?","E","$","M","R","B",null,"M","M","$","M","?","R","E","R","T","R","?","M","?","M","R","B",null],"character_chosen":"DEFECT","items_purchased":["Undo","Toy Ornithopter"],"campfire_rested":6,"item_purchase_floors":[11,21],"current_hp_per_floor":[68,66,66,66,62,30,52,46,46,15,15,15,37,34,34,30,75,61,61,61,61,51,51,49,35,35,35,35,24,24,11,33,21,75,68,39,39,27,27,49,32,54,54,54,54,54,54,52,52,39],"gold":170,"neow_bonus":"TRANSFORM_CARD","is_prod":false,"is_daily":false,"chose_seed":false,"campfire_upgraded":3,"win_rate":0,"timestamp":1571371803,"path_taken":["M","M","M","?","M","E","R","?","T","E","$","M","R","M","R","BOSS","M","?","?","$","M","R","M","E","T","?","?","E","?","M","R","BOSS","M","M","$","M","?","R","E","R","T","R","?","M","?","M","R","BOSS"],"build_version":"2019-07-17","purchased_purges":3,"victory":true,"max_hp_per_floor":[75,75,75,75,75,75,75,75,75,75,75,75,75,75,75,75,75,75,75,75,75,75,75,75,75,75,75,75,75,75,75,75,75,75,75,75,75,75,75,75,75,75,75,75,75,75,71,71,71,71],"card_choices":[{"not_picked":["Streamline","BootSequence"],"picked":"Cold Snap","floor":1.0},{"not_picked":["Stack","Compile Driver"],"picked":"Sweeping Beam","floor":2.0},{"not_picked":["Gash","Turbo"],"picked":"White Noise","floor":3.0},{"not_picked":["Genetic Algorithm","Cold Snap"],"picked":"Capacitor","floor":5.0},{"not_picked":["White Noise","Beam Cell"],"picked":"Barrage","floor":6.0},{"not_picked":["Gash","Turbo"],"picked":"Double Energy","floor":8.0},{"not_picked":["Genetic Algorithm","Go for the Eyes"],"picked":"Glacier","floor":10.0},{"not_picked":["Chaos","Lockon"],"picked":"Conserve Battery","floor":12.0},{"not_picked":["Ball Lightning","Lockon","Compile Driver"],"picked":"SKIP","floor":14.0},{"not_picked":["Core Surge","Buffer"],"picked":"Multi-Cast","floor":16.0},{"not_picked":["Rebound+1","Scrape"],"picked":"Streamline","floor":18},{"not_picked":["Ball Lightning","Barrage"],"picked":"Conserve Battery","floor":22},{"not_picked":["Melter","Conserve Battery"],"picked":"Coolheaded","floor":24},{"not_picked":["Conserve Battery","Sweeping Beam+1"],"picked":"Echo Form","floor":25},{"not_picked":["Beam Cell","Sweeping Beam"],"picked":"Consume","floor":29},{"not_picked":["BootSequence","Force Field+1","Sweeping Beam"],"picked":"SKIP","floor":31},{"not_picked":["Seek","Core Surge"],"picked":"Reboot","floor":33},{"not_picked":["Streamline","Darkness+1","Gash"],"picked":"SKIP","floor":35},{"not_picked":["Gash","Tempest+1"],"picked":"Chill","floor":36},{"not_picked":["Consume+1","Gash","White Noise"],"picked":"SKIP","floor":38},{"not_picked":["Reprogram","Tempest"],"picked":"Chaos+1","floor":41},{"not_picked":["Beam Cell+1","Doom and Gloom","White Noise"],"picked":"SKIP","floor":46},{"not_picked":["Rip and Tear","Beam Cell","Compile Driver"],"picked":"SKIP","floor":48}],"player_experience":413363,"relics_obtained":[{"floor":6.0,"key":"Omamori"},{"floor":9.0,"key":"Anchor"},{"floor":10.0,"key":"Happy Flower"},{"floor":25,"key":"Orichalcum"},{"floor":26,"key":"Ginger"},{"floor":29,"key":"Calipers"},{"floor":41,"key":"Mercury Hourglass"},{"floor":43,"key":"Dead Branch"}],"event_choices":[{"cards_removed":["Strike_B"],"damage_healed":0.0,"max_hp_gain":0.0,"max_hp_loss":0.0,"gold_gain":0.0,"event_name":"NoteForYourself","player_choice":"Took Card","floor":4.0,"gold_loss":0.0,"damage_taken":0.0,"cards_obtained":["Strike_R"]},{"damage_healed":0,"gold_gain":0,"player_choice":"Ignored","damage_taken":0,"max_hp_gain":0,"max_hp_loss":0,"event_name":"Vampires","floor":19,"gold_loss":0},{"damage_healed":0,"gold_gain":0,"player_choice":"Read","damage_taken":0,"max_hp_gain":0,"max_hp_loss":0,"event_name":"The Library","floor":20,"gold_loss":0,"cards_obtained":["Tempest"]},{"damage_healed":0,"gold_gain":0,"player_choice":"Ignored","damage_taken":0,"max_hp_gain":0,"max_hp_loss":0,"event_name":"Cursed Tome","floor":28,"gold_loss":0},{"damage_healed":0,"gold_gain":0,"player_choice":"Ignored","damage_taken":0,"max_hp_gain":0,"max_hp_loss":0,"event_name":"Mysterious Sphere","floor":39,"gold_loss":0},{"damage_healed":0,"gold_gain":0,"player_choice":"Upgrade","damage_taken":0,"relics_obtained":["Mark of the Bloom"],"max_hp_gain":0,"max_hp_loss":0,"event_name":"MindBloom","floor":45,"gold_loss":0,"cards_upgraded":["Strike_B","Defend_B","Defend_B","Zap","Dualcast","Skim","Cold Snap","Sweeping Beam","White Noise","Strike_R","Capacitor","Barrage","Glacier","Undo","Conserve Battery","Multi-Cast","Tempest","Conserve Battery","Coolheaded","Consume","Reboot","Chill"]},{"damage_healed":0,"gold_gain":0,"player_choice":"Max HP","damage_taken":0,"max_hp_gain":0,"max_hp_loss":4,"event_name":"Winding Halls","floor":47,"gold_loss":0}],"is_beta":false,"boss_relics":[{"not_picked":["Velvet Choker","Coffee Dripper"],"picked":"White Beast Statue"},{"not_picked":["Black Star","Astrolabe"],"picked":"Inserter"}],"items_purged_floors":[11,21,37],"is_endless":false,"potions_floor_spawned":[2,8,12,18,22,24,25,29,31,33,35,36,38,41,46,48],"ascension_level":0}