{"gold_per_floor":[109,65,65,75,75,110,110,142,142,157,172,185,185,110,110,189,189,199,199,40,40,55,55],"floor_reached":23,"playtime":605,"items_purged":["Strike_B"],"score":448,"play_id":"9604537e-25b0-4caa-a282-e610234e5223","local_time":"20190707211340","is_ascension_mode":true,"campfire_choices":[{"data":"Self Repair","floor":7,"key":"SMITH"},{"data":"Fusion","floor":13,"key":"SMITH"},{"data":"Gash","floor":15,"key":"SMITH"}],"neow_cost":"NONE","seed_source_timestamp":1968448976919667,"circlet_count":0,"master_deck":["AscendersBane","Strike_B","Strike_B","Defend_B","Defend_B","Defend_B","Defend_B","Zap","Dualcast+1","Gash+1","Self Repair+1","Coolheaded+1","Ball Lightning","Beam Cell","Ball Lightning","Fusion+1","Core Surge","Capacitor","Darkness+1","Glacier"],"relics":["Cracked Core","NeowsBlessing","Cables","Art of War","Dream Catcher","Meat on the Bone","Black Star","Enchiridion"],"potions_floor_usage":[8,16,23],"damage_taken":[{"damage":0,"enemies":"Cultist","floor":1,"turns":1},{"damage":0,"enemies":"2 Louse","floor":4,"turns":1},{"damage":0,"enemies":"Gremlin Nob","floor":6,"turns":1},{"damage":11,"enemies":"Lagavulin","floor":8,"turns":6},{"damage":2,"enemies":"Jaw Worm","floor":10,"turns":2},{"damage":12,"enemies":"Large Slime","floor":11,"turns":4},{"damage":10,"enemies":"2 Fungi Beasts","floor":12,"turns":3},{"damage":28,"enemies":"The Guardian","floor":16,"turns":9},{"damage":14,"enemies":"Chosen","floor":18,"turns":4},{"damage":9,"enemies":"Spheric Guardian","floor":22,"turns":3},{"damage":46,"enemies":"Book of Stabbing","floor":23,"turns":5}],"seed_played":"8619866285095631142","potions_obtained":[{"floor":4,"key":"Block Potion"},{"floor":6,"key":"Explosive Potion"},{"floor":8,"key":"AttackPotion"},{"floor":22,"key":"Weak Potion"}],"is_trial":false,"path_per_floor":["M","$","T","M","?","E","R","E","T","M","M","M","R","?","R","B",null,"M","?","$","?","M","E"],"character_chosen":"DEFECT","items_purchased":["Self Repair","Darkness"],"campfire_rested":0,"item_purchase_floors":[2,20],"current_hp_per_floor":[64,64,64,71,50,57,57,56,56,64,62,62,62,62,62,56,67,63,42,42,42,45,0],"gold":55,"neow_bonus":"THREE_ENEMY_KILL","is_prod":false,"is_daily":false,"chose_seed":false,"campfire_upgraded":3,"win_rate":0,"timestamp":1562559220,"path_taken":["M","$","?","M","?","E","R","E","T","M","M","M","R","?","R","BOSS","M","?","$","?","M","E"],"build_version":"2019-07-05","purchased_purges":1,"victory":false,"max_hp_per_floor":[71,71,71,71,71,71,71,71,71,71,71,71,71,71,71,71,71,71,71,71,71,71,71],"card_choices":[{"not_picked":["Ball Lightning","Leap"],"picked":"Gash","floor":1},{"not_picked":["Lockon","Beam Cell"],"picked":"Coolheaded","floor":4},{"not_picked":["Aggregate","Redo"],"picked":"Ball Lightning","floor":6},{"not_picked":["Heatsinks","Force Field"],"picked":"Beam Cell","floor":8},{"not_picked":["Recycle","Barrage"],"picked":"Ball Lightning","floor":10},{"not_picked":["Chaos","Coolheaded","Turbo"],"picked":"SKIP","floor":11},{"not_picked":["Stack","Rip and Tear"],"picked":"Fusion","floor":12},{"not_picked":["Thunder Strike","Rainbow"],"picked":"Core Surge","floor":16},{"not_picked":["Steam","Sweeping Beam"],"picked":"Capacitor","floor":18},{"not_picked":["Conserve Battery+1","Gash"],"picked":"Glacier","floor":22}],"player_experience":642538,"relics_obtained":[{"floor":3,"key":"Cables"},{"floor":6,"key":"Art of War"},{"floor":8,"key":"Dream Catcher"},{"floor":9,"key":"Meat on the Bone"},{"floor":19,"key":"Enchiridion"}],"event_choices":[{"damage_healed":0,"gold_gain":0,"player_choice":"Entered Light","damage_taken":21,"max_hp_gain":0,"max_hp_loss":0,"event_name":"Shining Light","floor":5,"gold_loss":0,"cards_upgraded":["Dualcast","Coolheaded"]},{"cards_removed":["Strike_B"],"damage_healed":0,"gold_gain":0,"player_choice":"Card Removal","damage_taken":0,"max_hp_gain":0,"max_hp_loss":0,"event_name":"The Cleric","floor":14,"gold_loss":75},{"damage_healed":0,"gold_gain":0,"player_choice":"Obtained Book","damage_taken":21,"max_hp_gain":0,"max_hp_loss":0,"event_name":"Cursed Tome","floor":19,"gold_loss":0},{"damage_healed":0,"gold_gain":0,"player_choice":"Upgraded","damage_taken":0,"max_hp_gain":0,"max_hp_loss":0,"event_name":"Upgrade Shrine","floor":21,"gold_loss":0,"cards_upgraded":["Darkness"]}],"is_beta":false,"boss_relics":[{"not_picked":["Tiny House","Runic Dome"],"picked":"Black Star"}],"items_purged_floors":[20],"is_endless":false,"potions_floor_spawned":[4,6,8,10,22],"killed_by":"Book of Stabbing","ascension_level":20}