{"gold_per_floor":[217,4,21,39,39,66,76,76,76,86,101,113,113,38,38,38],"floor_reached":16,"playtime":564,"items_purged":[],"score":208,"play_id":"616cf81f-9843-4cf9-ba31-7024bb1ae3ed","local_time":"20190809140855","is_ascension_mode":true,"campfire_choices":[{"floor":8,"key":"REST"},{"floor":13,"key":"REST"},{"data":"Beam Cell","floor":15,"key":"SMITH"}],"neow_cost":"NONE","seed_source_timestamp":652876705726200,"circlet_count":0,"master_deck":["AscendersBane","Strike_B","Strike_B","Defend_B","Defend_B","Defend_B","Defend_B","Zap","Dualcast","Leap","Ball Lightning","Leap","Genetic Algorithm","Glacier","Beam Cell+1","Gash"],"relics":["Cracked Core","OrangePellets","FossilizedHelix","Unceasing Top"],"potions_floor_usage":[6,11,16],"damage_taken":[{"damage":14,"enemies":"Jaw Worm","floor":1,"turns":5},{"damage":8,"enemies":"Small Slimes","floor":3,"turns":4},{"damage":2,"enemies":"Cultist","floor":4,"turns":4},{"damage":26,"enemies":"Gremlin Nob","floor":6,"turns":4},{"damage":0,"enemies":"Blue Slaver","floor":7,"turns":3},{"damage":0,"enemies":"Looter","floor":10,"turns":3},{"damage":0,"enemies":"Lots of Slimes","floor":11,"turns":5},{"damage":0,"enemies":"Exordium Wildlife","floor":12,"turns":6},{"damage":54,"enemies":"Hexaghost","floor":16,"turns":11}],"seed_played":"-2786362813640403092","potions_obtained":[{"floor":4,"key":"Energy Potion"},{"floor":7,"key":"Energy Potion"},{"floor":11,"key":"Weak Potion"},{"floor":12,"key":"SmokeBomb"}],"is_trial":false,"path_per_floor":["M","$","M","M","?","E","M","R","T","M","M","M","R","?","R","B"],"character_chosen":"DEFECT","items_purchased":["OrangePellets"],"campfire_rested":2,"item_purchase_floors":[2],"current_hp_per_floor":[50,50,42,40,33,7,7,28,28,28,28,28,49,49,49,0],"gold":38,"neow_bonus":"HUNDRED_GOLD","is_prod":false,"is_daily":false,"chose_seed":false,"campfire_upgraded":1,"win_rate":0,"timestamp":1565384935,"path_taken":["M","$","M","M","?","E","M","R","T","M","M","M","R","?","R","BOSS"],"build_version":"2019-07-17","purchased_purges":0,"victory":false,"max_hp_per_floor":[71,71,71,71,71,71,71,71,71,71,71,71,71,71,71,71],"card_choices":[{"not_picked":["Rebound","Auto Shields"],"picked":"Leap","floor":1},{"not_picked":["Aggregate","Gash"],"picked":"Ball Lightning","floor":3},{"not_picked":["Go for the Eyes","Barrage"],"picked":"Leap","floor":4},{"not_picked":["Chaos","Darkness","Barrage"],"picked":"SKIP","floor":6},{"not_picked":["Go for the Eyes","Skim"],"picked":"Genetic Algorithm","floor":7},{"not_picked":["Conserve Battery","Ball Lightning"],"picked":"Glacier","floor":10},{"not_picked":["Streamline","Thunder Strike"],"picked":"Beam Cell","floor":11},{"not_picked":["Stack","Beam Cell"],"picked":"Gash","floor":12}],"player_experience":720998,"relics_obtained":[{"floor":6,"key":"FossilizedHelix"},{"floor":9,"key":"Unceasing Top"}],"event_choices":[{"cards_removed":["Strike_B"],"damage_healed":0,"gold_gain":0,"player_choice":"Card Removal","damage_taken":7,"max_hp_gain":0,"max_hp_loss":0,"event_name":"Golden Wing","floor":5,"gold_loss":0},{"cards_removed":["Strike_B"],"damage_healed":0,"gold_gain":0,"player_choice":"Card Removal","damage_taken":0,"max_hp_gain":0,"max_hp_loss":0,"event_name":"The Cleric","floor":14,"gold_loss":75}],"is_beta":false,"boss_relics":[],"items_purged_floors":[],"is_endless":false,"potions_floor_spawned":[4,7,11,12],"killed_by":"Hexaghost","ascension_level":20}