{"gold_per_floor":[114,114,134,155,179,179,210,210,236,255,255,286,305,326,326,419,419,435,435,377,390,414,414],"floor_reached":23,"playtime":932,"items_purged":[],"score":410,"play_id":"cc9c6f94-b124-42aa-8ea7-7329dc6f7a8c","local_time":"20190817123415","is_ascension_mode":true,"campfire_choices":[{"data":"Defragment","floor":6,"key":"SMITH"},{"data":"BootSequence","floor":8,"key":"SMITH"},{"floor":15,"key":"REST"}],"neow_cost":"NONE","seed_source_timestamp":267060205328800,"circlet_count":0,"master_deck":["AscendersBane","Strike_B","Defend_B","Defend_B","Defend_B","Defend_B","Dualcast","Creative AI+1","Rip and Tear+1","Rebound+1","Cold Snap","Injury","Defragment+1","BootSequence+1","Cold Snap","Sunder","Darkness","Capacitor","Ball Lightning","Undo","Seek","Barrage","Ghostly","Ghostly","Ghostly","Conserve Battery","Loop"],"relics":["Astrolabe","Golden Idol","Orichalcum","Pen Nib","Blood Vial","Nuclear Battery"],"potions_floor_usage":[12,16,23],"damage_taken":[{"damage":3,"enemies":"Small Slimes","floor":1,"turns":5},{"damage":4,"enemies":"2 Louse","floor":3,"turns":3},{"damage":0,"enemies":"Cultist","floor":4,"turns":3},{"damage":0,"enemies":"3 Louse","floor":5,"turns":2},{"damage":19,"enemies":"3 Sentries","floor":7,"turns":7},{"damage":3,"enemies":"Blue Slaver","floor":10,"turns":4},{"damage":12,"enemies":"Gremlin Nob","floor":12,"turns":4},{"damage":8,"enemies":"2 Fungi Beasts","floor":13,"turns":5},{"damage":0,"enemies":"Large Slime","floor":14,"turns":4},{"damage":21,"enemies":"Hexaghost","floor":16,"turns":11},{"damage":6,"enemies":"Chosen","floor":18,"turns":6},{"damage":0,"enemies":"3 Byrds","floor":21,"turns":7},{"damage":15,"enemies":"Sentry and Sphere","floor":22,"turns":6},{"damage":31,"enemies":"Gremlin Leader","floor":23,"turns":2}],"seed_played":"184914957424661447","potions_obtained":[{"floor":7,"key":"Dexterity Potion"},{"floor":10,"key":"FocusPotion"},{"floor":13,"key":"Regen Potion"},{"floor":16,"key":"SteroidPotion"}],"is_trial":false,"path_per_floor":["M","?","M","M","M","R","E","R","T","M","?","E","M","M","R","B",null,"M","?","$","M","M","E"],"character_chosen":"DEFECT","items_purchased":["Conserve Battery"],"campfire_rested":1,"item_purchase_floors":[20],"current_hp_per_floor":[61,61,57,57,57,57,38,38,38,35,35,23,17,19,40,21,59,55,35,35,35,20,0],"gold":414,"neow_bonus":"BOSS_RELIC","is_prod":false,"is_daily":false,"chose_seed":false,"campfire_upgraded":2,"win_rate":0,"timestamp":1566070455,"path_taken":["M","?","M","M","M","R","E","R","T","M","?","E","M","?","R","BOSS","M","?","$","M","M","E"],"build_version":"2019-07-17","purchased_purges":0,"victory":false,"max_hp_per_floor":[71,71,71,71,71,71,71,71,71,71,71,71,71,71,71,71,71,71,35,35,35,35,35],"card_choices":[{"not_picked":["Leap","Consume"],"picked":"Cold Snap","floor":1},{"not_picked":["Redo","Hologram"],"picked":"Defragment","floor":3},{"not_picked":["Force Field","Blizzard"],"picked":"BootSequence","floor":4},{"not_picked":["Steam","Conserve Battery"],"picked":"Cold Snap","floor":5},{"not_picked":["Tempest","Hello World","Beam Cell"],"picked":"SKIP","floor":7},{"not_picked":["Chaos","Doom and Gloom"],"picked":"Sunder","floor":10},{"not_picked":["Go for the Eyes","BootSequence"],"picked":"Capacitor","floor":12},{"not_picked":["Fusion","Streamline"],"picked":"Ball Lightning","floor":13},{"not_picked":["Gash","Storm"],"picked":"Undo","floor":14},{"not_picked":["Reboot","Multi-Cast"],"picked":"Seek","floor":16},{"not_picked":["Beam Cell","Blizzard"],"picked":"Barrage","floor":18},{"not_picked":["Streamline","Gash","White Noise"],"picked":"SKIP","floor":21},{"not_picked":["Streamline","Scrape+1"],"picked":"Loop","floor":22}],"player_experience":734450,"relics_obtained":[{"floor":7,"key":"Orichalcum"},{"floor":9,"key":"Pen Nib"},{"floor":12,"key":"Blood Vial"}],"event_choices":[{"damage_healed":0,"gold_gain":0,"player_choice":"Take Wound","damage_taken":0,"relics_obtained":["Golden Idol"],"max_hp_gain":0,"max_hp_loss":0,"event_name":"Golden Idol","floor":2,"gold_loss":0,"cards_obtained":["Injury"]},{"damage_healed":0,"gold_gain":0,"cards_transformed":["Zap"],"player_choice":"Transformed","damage_taken":0,"max_hp_gain":0,"max_hp_loss":0,"event_name":"Transmorgrifier","floor":11,"gold_loss":0,"cards_obtained":["Darkness"]},{"damage_healed":0,"gold_gain":0,"player_choice":"Became a Ghost","damage_taken":0,"max_hp_gain":0,"max_hp_loss":36,"event_name":"Ghosts","floor":19,"gold_loss":0,"cards_obtained":["Ghostly","Ghostly","Ghostly"]}],"is_beta":false,"boss_relics":[{"not_picked":["Cursed Key","Runic Dome"],"picked":"Nuclear Battery"}],"items_purged_floors":[],"is_endless":false,"potions_floor_spawned":[7,10,13,14,16,21],"killed_by":"Gremlin Leader","ascension_level":20}