{"gold_per_floor":[116,127,143,143,160,186,205,240,289,289,289,305,305,78,78,176,176,195,245,295,295],"floor_reached":21,"playtime":671,"items_purged":[],"score":378,"play_id":"13e559a2-9f71-4aa6-82b2-caed1f2a3609","local_time":"20191027124802","is_ascension_mode":true,"campfire_choices":[{"floor":13,"key":"REST"},{"floor":15,"key":"REST"}],"neow_cost":"NONE","seed_source_timestamp":147572274108700,"circlet_count":0,"master_deck":["AscendersBane","Strike_B","Strike_B","Strike_B","Strike_B","Defend_B","Defend_B","Defend_B","Defend_B","Zap","Dualcast","Gash","Ball Lightning","Auto Shields","Barrage","Redo","Hologram","Biased Cognition","Injury","Sunder","Creative AI","Ball Lightning"],"relics":["Cracked Core","Boot","Symbiotic Virus","Bag of Marbles","Regal Pillow","Anchor","Golden Idol","OrangePellets","Inserter"],"potions_floor_usage":[8,8,12],"damage_taken":[{"damage":8,"enemies":"Cultist","floor":1,"turns":5},{"damage":2,"enemies":"2 Louse","floor":2,"turns":3},{"damage":4,"enemies":"Jaw Worm","floor":3,"turns":3},{"damage":7,"enemies":"Exordium Wildlife","floor":5,"turns":3},{"damage":19,"enemies":"Lagavulin","floor":6,"turns":6},{"damage":14,"enemies":"Exordium Thugs","floor":7,"turns":3},{"damage":3,"enemies":"3 Sentries","floor":8,"turns":5},{"damage":0,"enemies":"Blue Slaver","floor":12,"turns":2},{"damage":30,"enemies":"Hexaghost","floor":16,"turns":7},{"damage":40,"enemies":"Shell Parasite","floor":18,"turns":6},{"damage":32,"enemies":"Chosen","floor":21,"turns":4}],"seed_played":"7680493336773202818","potions_obtained":[{"floor":1,"key":"EssenceOfSteel"},{"floor":5,"key":"Weak Potion"},{"floor":8,"key":"SkillPotion"}],"is_trial":false,"path_per_floor":["M","M","M","T","M","E","M","E","T","?","?","M","R","$","R","B",null,"M","?","?","M"],"character_chosen":"DEFECT","items_purchased":["OrangePellets"],"campfire_rested":2,"item_purchase_floors":[14],"current_hp_per_floor":[56,54,50,50,43,24,10,7,7,7,2,2,38,38,71,41,64,24,24,24,0],"gold":295,"neow_bonus":"RANDOM_COMMON_RELIC","is_prod":false,"is_daily":false,"chose_seed":false,"campfire_upgraded":0,"win_rate":0,"timestamp":1572205682,"path_taken":["M","M","M","?","M","E","M","E","T","?","?","M","R","$","R","BOSS","M","?","?","?"],"build_version":"2019-07-17","purchased_purges":0,"victory":false,"max_hp_per_floor":[71,71,71,71,71,71,71,71,71,71,71,71,71,71,71,71,71,71,71,71,71],"card_choices":[{"not_picked":["Hello World","Rebound"],"picked":"Gash","floor":1},{"not_picked":["White Noise","Coolheaded"],"picked":"Ball Lightning","floor":2},{"not_picked":["Storm","Redo"],"picked":"Auto Shields","floor":3},{"not_picked":["Stack","Steam Power"],"picked":"Barrage","floor":5},{"not_picked":["Stack","Storm"],"picked":"Redo","floor":6},{"not_picked":["Stack","Leap"],"picked":"Hologram","floor":7},{"not_picked":["Rebound","Compile Driver"],"picked":"Biased Cognition","floor":8},{"not_picked":["Hologram","Steam"],"picked":"Sunder","floor":12},{"not_picked":["Meteor Strike","Machine Learning"],"picked":"Creative AI","floor":16},{"not_picked":["Steam","Streamline"],"picked":"Ball Lightning","floor":18}],"player_experience":906055,"relics_obtained":[{"floor":4,"key":"Symbiotic Virus"},{"floor":6,"key":"Bag of Marbles"},{"floor":8,"key":"Regal Pillow"},{"floor":9,"key":"Anchor"}],"event_choices":[{"damage_healed":0,"gold_gain":0,"player_choice":"Take Wound","damage_taken":0,"relics_obtained":["Golden Idol"],"max_hp_gain":0,"max_hp_loss":0,"event_name":"Golden Idol","floor":10,"gold_loss":0,"cards_obtained":["Injury"]},{"damage_healed":0,"gold_gain":0,"player_choice":"Fled","damage_taken":5,"max_hp_gain":0,"max_hp_loss":0,"event_name":"Scrap Ooze","floor":11,"gold_loss":0},{"damage_healed":0,"gold_gain":50,"player_choice":"Stole From Cult","damage_taken":0,"max_hp_gain":0,"max_hp_loss":0,"event_name":"Nest","floor":19,"gold_loss":0},{"damage_healed":0,"gold_gain":100,"player_choice":"Bet on Murderer","damage_taken":0,"max_hp_gain":0,"max_hp_loss":0,"event_name":"The Joust","floor":20,"gold_loss":50}],"is_beta":false,"boss_relics":[{"not_picked":["Coffee Dripper","Eternal Feather"],"picked":"Inserter"}],"items_purged_floors":[],"is_endless":false,"potions_floor_spawned":[1,5,8],"killed_by":"Chosen","ascension_level":20}