{"gold_per_floor":[113,123,123,123,142,175,175,12,59,7,32,32,59,71,71,145,145,156,168,168,248,259,290,290,290],"floor_reached":25,"playtime":766,"items_purged":[],"score":528,"play_id":"b5a9edbe-b665-4887-ad21-3c7fe6410d3d","local_time":"20190815103303","is_ascension_mode":true,"campfire_choices":[{"floor":7.0,"key":"REST"},{"data":"Coolheaded","floor":12.0,"key":"SMITH"},{"floor":15.0,"key":"REST"},{"floor":24,"key":"REST"}],"neow_cost":"NONE","seed_source_timestamp":0,"circlet_count":0,"master_deck":["AscendersBane","Strike_B","Strike_B","Strike_B","Strike_B+1","Defend_B+1","Defend_B","Defend_B","Defend_B","Zap","Dualcast+1","Sweeping Beam","Lockon+1","Conserve Battery","Coolheaded+1","Heatsinks+1","Sweeping Beam","Biased Cognition+1","Sunder","Undo","Ghostly","Ghostly","Ghostly","Capacitor+1","Echo Form+1"],"special_seed":0,"relics":["Cracked Core","NeowsBlessing","Blood Vial","Question Card","Vajra","Lantern","Frozen Egg 2","War Paint","Nuclear Battery","Tiny Chest","Centennial Puzzle"],"potions_floor_usage":[],"damage_taken":[{"damage":0.0,"enemies":"Cultist","floor":1.0,"turns":1.0},{"damage":0.0,"enemies":"2 Louse","floor":2.0,"turns":1.0},{"damage":0.0,"enemies":"Jaw Worm","floor":5.0,"turns":1.0},{"damage":8.0,"enemies":"Gremlin Nob","floor":6.0,"turns":3.0},{"damage":28.0,"enemies":"3 Sentries","floor":11.0,"turns":6.0},{"damage":22.0,"enemies":"Lagavulin","floor":13.0,"turns":6.0},{"damage":0.0,"enemies":"Lots of Slimes","floor":14.0,"turns":2.0},{"damage":26.0,"enemies":"Slime Boss","floor":16.0,"turns":8.0},{"damage":24.0,"enemies":"3 Byrds","floor":18.0,"turns":5.0},{"damage":6.0,"enemies":"Spheric Guardian","floor":19.0,"turns":3.0},{"damage":30.0,"enemies":"Snake Plant","floor":22.0,"turns":6.0},{"damage":0.0,"enemies":"Gremlin Leader","floor":23.0,"turns":6.0},{"damage":34,"enemies":"Slavers","floor":25,"turns":3}],"seed_played":"2698230814684474928","potions_obtained":[{"floor":2.0,"key":"Energy Potion"},{"floor":6.0,"key":"Regen Potion"},{"floor":13.0,"key":"Explosive Potion"},{"floor":14.0,"key":"Poison Potion"},{"floor":16.0,"key":"Ancient Potion"},{"floor":19.0,"key":"Explosive Potion"}],"is_trial":false,"path_per_floor":["M","M","?","?","M","E","R","$","T","$","E","R","E","M","R","B",null,"M","M","?","T","M","E","R","E"],"character_chosen":"DEFECT","items_purchased":["Vajra","Conserve Battery"],"campfire_rested":3,"item_purchase_floors":[8,10],"current_hp_per_floor":[64,64,43,25,27,21,42,42,42,42,31,31,11,13,34,10,56,34,30,30,30,2,4,14,0],"gold":290,"neow_bonus":"THREE_ENEMY_KILL","is_prod":false,"is_daily":false,"chose_seed":false,"campfire_upgraded":1,"win_rate":0,"timestamp":1565890383,"path_taken":["M","M","?","?","M","E","R","?","T","$","E","R","E","?","R","BOSS","M","M","?","?","M","E","R","E"],"build_version":"2019-07-17","purchased_purges":0,"victory":false,"max_hp_per_floor":[71,71,71,71,71,71,71,71,71,71,71,71,71,71,71,71,71,71,71,35,35,35,35,35,35],"card_choices":[{"not_picked":["Streamline","Beam Cell"],"picked":"Sweeping Beam","floor":1.0},{"not_picked":["Chaos","Heatsinks"],"picked":"Lockon","floor":2.0},{"not_picked":["Blizzard","Rebound","Scrape"],"picked":"SKIP","floor":5.0},{"not_picked":["Steam","Redo","Turbo"],"picked":"SKIP","floor":6.0},{"not_picked":["Beam Cell","Reboot","Skim"],"picked":"Coolheaded","floor":11.0},{"not_picked":["Hologram","Rebound","Coolheaded"],"picked":"Heatsinks+1","floor":13.0},{"not_picked":["Lockon","Gash","Streamline"],"picked":"Sweeping Beam","floor":14.0},{"not_picked":["Core Surge","Creative AI+1","Seek"],"picked":"Biased Cognition+1","floor":16.0},{"not_picked":["Chaos","Hello World+1","Stack"],"picked":"Sunder","floor":18.0},{"not_picked":["Melter","Steam","Conserve Battery"],"picked":"Undo","floor":19.0},{"not_picked":["Cold Snap","Skim","Stack"],"picked":"Capacitor+1","floor":22.0},{"not_picked":["Static Discharge+1","BootSequence+1","Hologram"],"picked":"Echo Form+1","floor":23.0}],"player_experience":724106,"relics_obtained":[{"floor":6.0,"key":"Question Card"},{"floor":9.0,"key":"Lantern"},{"floor":11.0,"key":"Frozen Egg 2"},{"floor":13.0,"key":"War Paint"},{"floor":21.0,"key":"Tiny Chest"},{"floor":23.0,"key":"Centennial Puzzle"}],"event_choices":[{"damage_healed":0.0,"max_hp_gain":0.0,"max_hp_loss":0.0,"gold_gain":0.0,"event_name":"Shining Light","player_choice":"Entered Light","floor":3.0,"gold_loss":0.0,"damage_taken":21.0,"cards_upgraded":["Lockon","Strike_B"]},{"damage_healed":0.0,"max_hp_gain":0.0,"max_hp_loss":0.0,"gold_gain":0.0,"event_name":"Scrap Ooze","player_choice":"Success","floor":4.0,"gold_loss":0.0,"damage_taken":18.0,"relics_obtained":["Blood Vial"]},{"damage_healed":0.0,"max_hp_gain":0.0,"max_hp_loss":36.0,"gold_gain":0.0,"event_name":"Ghosts","player_choice":"Became a Ghost","floor":20.0,"gold_loss":0.0,"damage_taken":0.0,"cards_obtained":["Ghostly","Ghostly","Ghostly"]}],"is_beta":false,"boss_relics":[{"not_picked":["Tiny House","Cursed Key"],"picked":"Nuclear Battery"}],"items_purged_floors":[],"is_endless":false,"potions_floor_spawned":[2,6,13,14,16,19],"killed_by":"Slavers","ascension_level":20}