{"gold_per_floor":[112,112,112,126,126,126,154,154,154,183,183,183,203,237,237,237],"floor_reached":16,"playtime":760,"items_purged":[],"score":159,"play_id":"74085e72-09f0-49a4-a08c-69fcfb1717ae","local_time":"20190420233227","is_ascension_mode":true,"campfire_choices":[{"data":"Neutralize","floor":6,"key":"SMITH"},{"floor":8,"key":"REST"},{"floor":12,"key":"REST"},{"floor":15,"key":"REST"}],"neow_cost":"NONE","seed_source_timestamp":473137625739800,"circlet_count":0,"master_deck":["AscendersBane","Defend_G","Defend_G","Defend_G","Defend_G","Defend_G","Strike_G","Strike_G","Strike_G","Strike_G","Survivor","Neutralize+1","Quick Slash+1","Footwork","Blur","Footwork"],"relics":["Ring of the Snake","Anchor","Gambling Chip","Blood Vial","Kunai","Odd Mushroom","Omamori"],"potions_floor_usage":[10],"damage_taken":[{"damage":0,"enemies":"Jaw Worm","floor":1,"turns":5},{"damage":0,"enemies":"Small Slimes","floor":4,"turns":3},{"damage":18,"enemies":"3 Sentries","floor":7,"turns":12},{"damage":18,"enemies":"The Mushroom Lair","floor":10,"turns":7},{"damage":0,"enemies":"2 Louse","floor":13,"turns":3},{"damage":5,"enemies":"Lagavulin","floor":14,"turns":11},{"damage":72,"enemies":"Hexaghost","floor":16,"turns":21}],"seed_played":"94270021827927075","potions_obtained":[{"floor":7,"key":"SteroidPotion"}],"is_trial":false,"path_per_floor":["M","?","?","M","$","R","E","R","T","?","?","R","M","E","R","B"],"character_chosen":"THE_SILENT","items_purchased":[],"campfire_rested":3,"item_purchase_floors":[],"current_hp_per_floor":[63,45,38,38,38,38,20,41,41,25,25,46,48,45,66,0],"gold":237,"neow_bonus":"RANDOM_COMMON_RELIC","is_prod":false,"is_daily":false,"chose_seed":false,"campfire_upgraded":1,"win_rate":0,"timestamp":1555795947,"path_taken":["M","?","?","M","$","R","E","R","T","?","?","R","M","E","R","BOSS"],"build_version":"2019-01-23","purchased_purges":0,"victory":false,"max_hp_per_floor":[70,70,70,70,70,70,70,70,70,70,70,70,70,70,70,70],"card_choices":[{"not_picked":["Caltrops","Outmaneuver"],"picked":"Quick Slash","floor":1},{"not_picked":["Prepared","Terror"],"picked":"Footwork","floor":4},{"not_picked":["Outmaneuver","Riddle With Holes"],"picked":"Blur","floor":7},{"not_picked":["Blade Dance","Setup"],"picked":"Footwork","floor":10},{"not_picked":["Sucker Punch","Slice","Bane"],"picked":"SKIP","floor":13},{"not_picked":["PiercingWail","Bouncing Flask","Acrobatics"],"picked":"SKIP","floor":14}],"player_experience":432508,"relics_obtained":[{"floor":7,"key":"Blood Vial"},{"floor":9,"key":"Kunai"},{"floor":10,"key":"Odd Mushroom"},{"floor":14,"key":"Omamori"}],"event_choices":[{"damage_healed":0,"gold_gain":0,"player_choice":"Success","damage_taken":18,"relics_obtained":["Gambling Chip"],"max_hp_gain":0,"max_hp_loss":0,"event_name":"Scrap Ooze","floor":2,"gold_loss":0},{"cards_removed":["Strike_G"],"damage_healed":0,"gold_gain":0,"player_choice":"Card Removal","damage_taken":7,"max_hp_gain":0,"max_hp_loss":0,"event_name":"Golden Wing","floor":3,"gold_loss":0},{"damage_healed":0,"gold_gain":0,"player_choice":"Fought Mushrooms","damage_taken":0,"max_hp_gain":0,"max_hp_loss":0,"event_name":"Mushrooms","floor":10,"gold_loss":0},{"damage_healed":0,"gold_gain":0,"player_choice":"Grow","damage_taken":0,"max_hp_gain":0,"max_hp_loss":0,"event_name":"Living Wall","floor":11,"gold_loss":0,"cards_upgraded":["Quick Slash"]}],"is_beta":false,"boss_relics":[],"items_purged_floors":[],"is_endless":false,"potions_floor_spawned":[7],"killed_by":"Hexaghost","ascension_level":10}