{"gold_per_floor":[113,171,186,196,196,196,230,15,97,109,109,128,128,157,157,228,228,238,258,258],"floor_reached":20,"playtime":662,"items_purged":[],"score":368,"play_id":"739bae7d-9585-4faa-b26c-77e197bea2af","local_time":"20190820130228","is_ascension_mode":true,"campfire_choices":[{"data":"Hyperbeam","floor":6,"key":"SMITH"},{"data":"Coolheaded","floor":11,"key":"SMITH"},{"floor":15,"key":"REST"}],"neow_cost":"NONE","seed_source_timestamp":528222454120000,"circlet_count":0,"master_deck":["AscendersBane","Strike_B","Strike_B","Strike_B","Defend_B","Defend_B","Defend_B","Defend_B","Zap","Dualcast","Streamline","BootSequence","Coolheaded+1","Hyperbeam+1","White Noise","Conserve Battery","Cold Snap","Conserve Battery","Seek","Genetic Algorithm","Loop"],"relics":["Cracked Core","NeowsBlessing","Omamori","Runic Capacitor","Mercury Hourglass","FaceOfCleric","Blue Candle","Sozu"],"potions_floor_usage":[7,16,16],"damage_taken":[{"damage":0,"enemies":"Cultist","floor":1,"turns":1},{"damage":0,"enemies":"Jaw Worm","floor":3,"turns":1},{"damage":0,"enemies":"2 Louse","floor":4,"turns":1},{"damage":11,"enemies":"Lagavulin","floor":7,"turns":7},{"damage":0,"enemies":"Lots of Slimes","floor":10,"turns":1},{"damage":2,"enemies":"3 Louse","floor":12,"turns":3},{"damage":32,"enemies":"Gremlin Nob","floor":14,"turns":4},{"damage":27,"enemies":"Hexaghost","floor":16,"turns":13},{"damage":19,"enemies":"Shell Parasite","floor":18,"turns":8},{"damage":0,"enemies":"2 Thieves","floor":19,"turns":2},{"damage":47,"enemies":"Snake Plant","floor":20,"turns":6}],"seed_played":"-7295806900206850956","potions_obtained":[{"floor":4,"key":"Energy Potion"},{"floor":7,"key":"Strength Potion"},{"floor":10,"key":"SkillPotion"},{"floor":16,"key":"FearPotion"}],"is_trial":false,"path_per_floor":["M","?","M","M","?","R","E","$","T","M","R","M","?","E","R","B",null,"M","M","M"],"character_chosen":"DEFECT","items_purchased":["Runic Capacitor"],"campfire_rested":1,"item_purchase_floors":[8],"current_hp_per_floor":[64,64,64,64,64,64,53,53,53,53,53,51,51,20,41,15,59,41,42,0],"gold":258,"neow_bonus":"THREE_ENEMY_KILL","is_prod":false,"is_daily":false,"chose_seed":false,"campfire_upgraded":2,"win_rate":0,"timestamp":1566331348,"path_taken":["M","?","M","M","?","R","E","$","T","M","R","?","?","E","R","BOSS","M","M","?"],"build_version":"2019-07-17","purchased_purges":0,"victory":false,"max_hp_per_floor":[71,71,71,71,71,71,71,71,71,71,71,71,71,72,72,73,73,74,75,75],"card_choices":[{"not_picked":["Leap","Storm"],"picked":"Streamline","floor":1},{"not_picked":["Turbo","Redo"],"picked":"BootSequence","floor":3},{"not_picked":["Recycle","Scrape"],"picked":"Coolheaded","floor":4},{"not_picked":["Melter","Steam Power"],"picked":"White Noise","floor":7},{"not_picked":["Streamline","Leap"],"picked":"Conserve Battery","floor":10},{"not_picked":["Aggregate","Compile Driver"],"picked":"Cold Snap","floor":12},{"not_picked":["Fission","Steam Power"],"picked":"Conserve Battery","floor":14},{"not_picked":["All For One","Thunder Strike"],"picked":"Seek","floor":16},{"not_picked":["Doom and Gloom","Stack"],"picked":"Genetic Algorithm","floor":18},{"not_picked":["Coolheaded","Leap"],"picked":"Loop","floor":19}],"player_experience":736904,"relics_obtained":[{"floor":7,"key":"Omamori"},{"floor":9,"key":"Mercury Hourglass"},{"floor":14,"key":"Blue Candle"}],"event_choices":[{"damage_healed":0,"gold_gain":58,"player_choice":"Gained Gold","damage_taken":0,"max_hp_gain":0,"max_hp_loss":0,"event_name":"Golden Wing","floor":2,"gold_loss":0},{"damage_healed":0,"gold_gain":0,"cards_transformed":["Strike_B"],"player_choice":"Transformed","damage_taken":0,"max_hp_gain":0,"max_hp_loss":0,"event_name":"Transmorgrifier","floor":5,"gold_loss":0,"cards_obtained":["Hyperbeam"]},{"damage_healed":0,"gold_gain":0,"player_choice":"Trade","damage_taken":0,"relics_obtained":["FaceOfCleric"],"max_hp_gain":0,"max_hp_loss":0,"event_name":"FaceTrader","floor":13,"gold_loss":0}],"is_beta":false,"boss_relics":[{"not_picked":["Snecko Eye","Pandora\u0027s Box"],"picked":"Sozu"}],"items_purged_floors":[],"is_endless":false,"potions_floor_spawned":[4,7,10,14,16,18,19],"killed_by":"Snake Plant","ascension_level":20}