{"gold_per_floor":[114,128,142,161,179,209,209,227,279,279],"floor_reached":10,"playtime":332,"items_purged":[],"score":144,"play_id":"8feb8cf5-1050-4d40-bd68-334a95519665","local_time":"20191002212602","is_ascension_mode":true,"campfire_choices":[{"floor":7,"key":"REST"}],"neow_cost":"NONE","seed_source_timestamp":1887740740961500,"circlet_count":0,"master_deck":["AscendersBane","Strike_B","Strike_B","Strike_B","Strike_B","Defend_B","Defend_B","Defend_B","Defend_B","Zap","Dualcast","Conserve Battery","Loop","Cold Snap","Cold Snap","Compile Driver","Hello World","Gash"],"relics":["Cracked Core","PreservedInsect","Art of War","Anchor"],"potions_floor_usage":[4],"damage_taken":[{"damage":2,"enemies":"Cultist","floor":1,"turns":4},{"damage":9,"enemies":"Jaw Worm","floor":2,"turns":4},{"damage":0,"enemies":"Small Slimes","floor":3,"turns":3},{"damage":26,"enemies":"Gremlin Gang","floor":4,"turns":4},{"damage":5,"enemies":"2 Fungi Beasts","floor":5,"turns":4},{"damage":11,"enemies":"Gremlin Nob","floor":6,"turns":3},{"damage":22,"enemies":"Lots of Slimes","floor":8,"turns":5},{"damage":11,"enemies":"3 Sentries","floor":10,"turns":2}],"seed_played":"9212729926174046474","potions_obtained":[{"floor":1,"key":"PowerPotion"},{"floor":3,"key":"SpeedPotion"},{"floor":5,"key":"Ancient Potion"}],"is_trial":false,"path_per_floor":["M","M","M","M","M","E","R","M","T","E"],"character_chosen":"DEFECT","items_purchased":[],"campfire_rested":1,"item_purchase_floors":[],"current_hp_per_floor":[62,53,53,27,22,11,32,10,10,0],"gold":279,"neow_bonus":"RANDOM_COMMON_RELIC","is_prod":false,"is_daily":false,"chose_seed":false,"campfire_upgraded":0,"win_rate":0,"timestamp":1570076762,"path_taken":["M","?","M","M","M","E","R","M","T","E"],"build_version":"2019-07-17","purchased_purges":0,"victory":false,"max_hp_per_floor":[71,71,71,71,71,71,71,71,71,71],"card_choices":[{"not_picked":["Gash","Darkness"],"picked":"Conserve Battery","floor":1},{"not_picked":["Hologram","Undo"],"picked":"Loop","floor":2},{"not_picked":["Leap","White Noise"],"picked":"Cold Snap","floor":3},{"not_picked":["Streamline","Chaos"],"picked":"Cold Snap","floor":4},{"not_picked":["Gash","Beam Cell"],"picked":"Compile Driver","floor":5},{"not_picked":["Meteor Strike","Redo"],"picked":"Hello World","floor":6},{"not_picked":["Steam","White Noise"],"picked":"Gash","floor":8}],"player_experience":815475,"relics_obtained":[{"floor":6,"key":"Art of War"},{"floor":9,"key":"Anchor"}],"event_choices":[],"is_beta":false,"boss_relics":[],"items_purged_floors":[],"is_endless":false,"potions_floor_spawned":[1,3,5],"killed_by":"3 Sentries","ascension_level":20}