{"gold_per_floor":[116,116,127,147,147,179,191,224,251,401,411,425,405,215,215,291,291,304,304,320,336,355,355,355],"floor_reached":24,"playtime":939,"items_purged":["Doubt"],"score":470,"play_id":"e7dddee5-d5f3-4373-8871-cf630062e349","local_time":"20190715210531","is_ascension_mode":true,"campfire_choices":[{"floor":15,"key":"REST"},{"data":"Buffer","floor":23,"key":"SMITH"}],"neow_cost":"NONE","seed_source_timestamp":383104572531020,"circlet_count":0,"master_deck":["AscendersBane","Strike_B","Strike_B","Strike_B","Defend_B","Defend_B","Defend_B","Zap","Dualcast","Coolheaded","Auto Shields","Sweeping Beam","Buffer+1","Reinforced Body+1","White Noise+1","Hologram+1","Ball Lightning","Self Repair","Ball Lightning","Undo+1","Meteor Strike","Hello World","Self Repair+1","Chill+1","Hologram+1"],"relics":["Cracked Core","NeowsBlessing","Toxic Egg 2","Bronze Scales","Bag of Marbles","Coffee Dripper"],"potions_floor_usage":[16,24],"damage_taken":[{"damage":0,"enemies":"2 Louse","floor":1,"turns":1},{"damage":0,"enemies":"Cultist","floor":3,"turns":1},{"damage":0,"enemies":"Small Slimes","floor":4,"turns":1},{"damage":33,"enemies":"3 Sentries","floor":6,"turns":10},{"damage":0,"enemies":"Red Slaver","floor":7,"turns":5},{"damage":0,"enemies":"Gremlin Nob","floor":8,"turns":5},{"damage":4,"enemies":"2 Fungi Beasts","floor":11,"turns":4},{"damage":9,"enemies":"3 Louse","floor":12,"turns":3},{"damage":6,"enemies":"The Guardian","floor":16,"turns":13},{"damage":13,"enemies":"Chosen","floor":18,"turns":5},{"damage":17,"enemies":"2 Thieves","floor":20,"turns":4},{"damage":13,"enemies":"Chosen and Byrds","floor":21,"turns":5},{"damage":25,"enemies":"3 Cultists","floor":22,"turns":5},{"damage":56,"enemies":"Slavers","floor":24,"turns":3}],"seed_played":"4021631128384833628","potions_obtained":[{"floor":3,"key":"PowerPotion"},{"floor":6,"key":"FearPotion"},{"floor":12,"key":"Strength Potion"},{"floor":21,"key":"GamblersBrew"}],"is_trial":false,"path_per_floor":["M","?","M","M","?","E","M","E","T","?","M","M","?","$","R","B",null,"M","?","M","M","M","R","E"],"character_chosen":"DEFECT","items_purchased":["Ball Lightning","Undo+1"],"campfire_rested":1,"item_purchase_floors":[14,14],"current_hp_per_floor":[64,64,64,64,64,31,31,31,31,31,27,18,18,18,39,40,63,57,57,47,51,43,43,0],"gold":355,"neow_bonus":"THREE_ENEMY_KILL","is_prod":false,"is_daily":false,"chose_seed":false,"campfire_upgraded":1,"win_rate":0,"timestamp":1563249931,"path_taken":["M","?","?","M","?","E","?","E","T","?","M","M","?","$","R","BOSS","M","?","M","M","?","R","E"],"build_version":"2019-07-05","purchased_purges":1,"victory":false,"max_hp_per_floor":[71,71,71,71,71,71,71,71,71,71,71,71,71,71,71,71,71,71,71,71,71,71,71,71],"card_choices":[{"not_picked":["Redo","Rebound"],"picked":"Coolheaded","floor":1},{"not_picked":["Redo","Hologram"],"picked":"Auto Shields","floor":3},{"not_picked":["Conserve Battery","Streamline"],"picked":"Sweeping Beam","floor":4},{"not_picked":["Blizzard","Turbo"],"picked":"Reinforced Body","floor":6},{"not_picked":["Reprogram+1","Go for the Eyes"],"picked":"White Noise+1","floor":7},{"not_picked":["Amplify+1","FTL"],"picked":"Hologram+1","floor":8},{"not_picked":["Coolheaded+1","Go for the Eyes"],"picked":"Ball Lightning","floor":11},{"not_picked":["Ball Lightning","Beam Cell"],"picked":"Self Repair","floor":12},{"not_picked":["Machine Learning","Hyperbeam"],"picked":"Meteor Strike","floor":16},{"not_picked":["Compile Driver","Go for the Eyes"],"picked":"Hello World","floor":18},{"not_picked":["Auto Shields+1","Go for the Eyes"],"picked":"Self Repair+1","floor":20},{"not_picked":["Beam Cell","Chaos+1"],"picked":"Chill+1","floor":21},{"not_picked":["Cold Snap","Stack+1"],"picked":"Hologram+1","floor":22}],"player_experience":676344,"relics_obtained":[{"floor":6,"key":"Toxic Egg 2"},{"floor":8,"key":"Bronze Scales"},{"floor":9,"key":"Bag of Marbles"}],"event_choices":[{"cards_removed":["Defend_B"],"damage_healed":0,"gold_gain":0,"player_choice":"Purged","damage_taken":0,"max_hp_gain":0,"max_hp_loss":0,"event_name":"Purifier","floor":2,"gold_loss":0},{"damage_healed":0,"gold_gain":0,"cards_transformed":["Strike_B"],"player_choice":"Transformed","damage_taken":0,"max_hp_gain":0,"max_hp_loss":0,"event_name":"Transmorgrifier","floor":5,"gold_loss":0,"cards_obtained":["Buffer"]},{"damage_healed":0,"gold_gain":150,"player_choice":"AGREE","damage_taken":0,"max_hp_gain":0,"max_hp_loss":0,"event_name":"Liars Game","floor":10,"gold_loss":0,"cards_obtained":["Doubt"]},{"damage_healed":0,"gold_gain":0,"player_choice":"Bought 1 Potion","damage_taken":0,"max_hp_gain":0,"max_hp_loss":0,"event_name":"The Woman in Blue","floor":13,"gold_loss":0},{"damage_healed":0,"gold_gain":0,"player_choice":"0 cards matched","damage_taken":0,"max_hp_gain":0,"max_hp_loss":0,"event_name":"Match and Keep!","floor":19,"gold_loss":0,"cards_obtained":[]}],"is_beta":false,"boss_relics":[{"not_picked":["Pandora\u0027s Box","Astrolabe"],"picked":"Coffee Dripper"}],"items_purged_floors":[14],"is_endless":false,"potions_floor_spawned":[3,6,11,12,21,22],"killed_by":"Slavers","ascension_level":20}