{"gold_per_floor":[116,191,207,227,377,377,377,377,404,421,94,94,94,94,94,170,170,190,2,16,16,31,6,6,22,22,22,122,122,122,132,132,206,206,225,225,225,81,101,134,134,160,160,160],"floor_reached":44,"playtime":1958,"items_purged":["Doubt","Shame"],"score":924,"play_id":"71412c6e-3dcd-415b-af31-3a66cf429e9f","local_time":"20190826221634","is_ascension_mode":true,"campfire_choices":[{"data":"Self Repair","floor":6.0,"key":"SMITH"},{"data":"Zap","floor":8,"key":"SMITH"},{"data":"Dualcast","floor":12,"key":"SMITH"},{"data":"Glacier","floor":15,"key":"SMITH"},{"data":"Defragment","floor":27,"key":"SMITH"},{"data":"1","floor":30,"key":"LIFT"},{"floor":32,"key":"REST"},{"floor":41,"key":"REST"}],"neow_cost":"NONE","seed_source_timestamp":0,"circlet_count":0,"master_deck":["AscendersBane","Strike_B","Strike_B","Strike_B+1","Strike_B","Defend_B","Defend_B","Defend_B","Defend_B","Zap+1","Dualcast+1","Self Repair+1","Glacier+1","Cold Snap+1","Core Surge","Go for the Eyes+1","Biased Cognition","Defragment+1","Capacitor","Doom and Gloom+1","Barrage+1","Lockon+1","Ball Lightning+1","Genetic Algorithm","Go for the Eyes+1","Reinforced Body","Coolheaded+1","Seek","Glacier","Self Repair","Defragment","Sunder+1","Cold Snap+1","Barrage+1"],"special_seed":0,"relics":["Cracked Core","Dream Catcher","Juzu Bracelet","Molten Egg 2","Mercury Hourglass","Sozu","Orichalcum","Emotion Chip","Girya","The Courier","Velvet Choker","Bag of Marbles","Cables"],"potions_floor_usage":[7],"damage_taken":[{"damage":0.0,"enemies":"2 Louse","floor":1.0,"turns":2.0},{"damage":4.0,"enemies":"Jaw Worm","floor":3.0,"turns":5.0},{"damage":0.0,"enemies":"Small Slimes","floor":4.0,"turns":4.0},{"damage":0,"enemies":"Gremlin Nob","floor":7,"turns":1},{"damage":2,"enemies":"2 Fungi Beasts","floor":10,"turns":5},{"damage":17,"enemies":"The Guardian","floor":16,"turns":15},{"damage":1,"enemies":"Spheric Guardian","floor":18,"turns":5},{"damage":16,"enemies":"Shell Parasite","floor":20,"turns":7},{"damage":19,"enemies":"Snake Plant","floor":22,"turns":5},{"damage":9,"enemies":"Cultist and Chosen","floor":25,"turns":5},{"damage":17,"enemies":"Colosseum Slavers","floor":28,"turns":2},{"damage":36,"enemies":"Colosseum Nobs","floor":28,"turns":5},{"damage":7,"enemies":"Snecko","floor":31,"turns":4},{"damage":37,"enemies":"Champ","floor":33,"turns":8},{"damage":26,"enemies":"3 Darklings","floor":35,"turns":5},{"damage":11,"enemies":"Orb Walker","floor":39,"turns":4},{"damage":31,"enemies":"Reptomancer","floor":40,"turns":14},{"damage":27,"enemies":"Nemesis","floor":42,"turns":8},{"damage":54,"enemies":"Reptomancer","floor":44,"turns":3}],"seed_played":"-5897912850892013972","potions_obtained":[{"floor":4.0,"key":"SmokeBomb"}],"is_trial":false,"path_per_floor":["M","?","M","M","?","R","E","R","T","M","$","R","T","?","R","B",null,"M","$","M","?","M","$","?","M","T","R","?","?","R","M","R","B",null,"M","?","?","$","M","E","R","E","T","E"],"character_chosen":"DEFECT","items_purchased":["Molten Egg 2","Go for the Eyes+1","Capacitor","Doom and Gloom+1","Ball Lightning+1","Defragment"],"campfire_rested":2,"item_purchase_floors":[11,11,19,19,23,38],"current_hp_per_floor":[64,53,56,63,63,63,63,63,63,71,71,71,71,50,50,43,64,71,71,65,65,56,56,56,57,57,57,24,24,24,27,48,21,59,43,43,43,43,49,35,56,46,46,0],"gold":160,"neow_bonus":"RANDOM_COMMON_RELIC","is_prod":false,"is_daily":false,"chose_seed":false,"campfire_upgraded":5,"win_rate":0,"timestamp":1566882994,"path_taken":["M","?","M","M","?","R","E","R","T","M","$","R","?","?","R","BOSS","M","$","M","?","M","?","?","M","T","R","?","?","R","M","R","BOSS","M","?","?","$","M","E","R","E","T","E"],"build_version":"2019-07-17","purchased_purges":2,"victory":false,"max_hp_per_floor":[71,71,71,71,71,71,71,71,71,71,71,71,71,71,71,71,71,71,71,71,71,71,71,71,71,71,71,71,71,71,71,71,71,71,71,71,71,71,71,71,71,71,71,71],"card_choices":[{"not_picked":["Stack","Auto Shields"],"picked":"Self Repair","floor":1.0},{"not_picked":["Stack","Rip and Tear"],"picked":"Glacier","floor":3.0},{"not_picked":["Barrage","Compile Driver"],"picked":"Cold Snap","floor":4.0},{"not_picked":["Leap","Self Repair"],"picked":"Core Surge","floor":10},{"not_picked":["Machine Learning","Buffer"],"picked":"Biased Cognition","floor":16},{"not_picked":["Self Repair","Cold Snap+1"],"picked":"Defragment","floor":18},{"not_picked":["Steam","Chaos"],"picked":"Barrage+1","floor":20},{"not_picked":["Gash+1","White Noise"],"picked":"Lockon+1","floor":22},{"not_picked":["Beam Cell+1","Fusion","Gash+1"],"picked":"SKIP","floor":25},{"not_picked":["Coolheaded","Thunder Strike+1"],"picked":"Go for the Eyes+1","floor":28},{"not_picked":["Beam Cell+1","Turbo+1"],"picked":"Reinforced Body","floor":31},{"not_picked":["Redo","Steam"],"picked":"Coolheaded+1","floor":32},{"not_picked":["Meteor Strike+1","Thunder Strike+1"],"picked":"Seek","floor":33},{"not_picked":["Heatsinks","Compile Driver+1"],"picked":"Glacier","floor":35},{"not_picked":["Redo","Leap"],"picked":"Sunder+1","floor":39},{"not_picked":["Stack","Streamline+1"],"picked":"Cold Snap+1","floor":40},{"not_picked":["FTL+1","Rebound+1"],"picked":"Barrage+1","floor":41},{"not_picked":["Cold Snap+1","Rebound+1","Coolheaded"],"picked":"SKIP","floor":42}],"player_experience":748512,"relics_obtained":[{"floor":9,"key":"Juzu Bracelet"},{"floor":13,"key":"Mercury Hourglass"},{"floor":26,"key":"Emotion Chip"},{"floor":28,"key":"Girya"},{"floor":28,"key":"The Courier"},{"floor":40,"key":"Bag of Marbles"},{"floor":42,"key":"Cables"}],"event_choices":[{"damage_healed":0.0,"max_hp_gain":0.0,"max_hp_loss":0.0,"gold_gain":75.0,"event_name":"World of Goop","player_choice":"Gather Gold","floor":2.0,"gold_loss":0.0,"damage_taken":11.0},{"damage_healed":0.0,"max_hp_gain":0.0,"max_hp_loss":0.0,"gold_gain":150.0,"event_name":"Liars Game","player_choice":"AGREE","floor":5.0,"gold_loss":0.0,"damage_taken":0.0,"cards_obtained":["Doubt"]},{"damage_healed":0,"gold_gain":0,"player_choice":"Entered Light","damage_taken":21,"max_hp_gain":0,"max_hp_loss":0,"event_name":"Shining Light","floor":14,"gold_loss":0,"cards_upgraded":["Strike_B","Cold Snap"]},{"damage_healed":0,"gold_gain":0,"player_choice":"Stole Relic","damage_taken":0,"relics_obtained":["Orichalcum"],"max_hp_gain":0,"max_hp_loss":0,"event_name":"Addict","floor":21,"gold_loss":0,"cards_obtained":["Shame"]},{"damage_healed":0,"gold_gain":0,"player_choice":"Read","damage_taken":0,"max_hp_gain":0,"max_hp_loss":0,"event_name":"The Library","floor":24,"gold_loss":0,"cards_obtained":["Genetic Algorithm"]},{"damage_healed":0,"gold_gain":0,"player_choice":"Fight","damage_taken":0,"max_hp_gain":0,"max_hp_loss":0,"event_name":"Colosseum","floor":28,"gold_loss":0},{"damage_healed":0,"gold_gain":0,"player_choice":"Fought Nobs","damage_taken":0,"max_hp_gain":0,"max_hp_loss":0,"event_name":"Colosseum","floor":28,"gold_loss":0},{"damage_healed":0,"gold_gain":0,"player_choice":"Ignored","damage_taken":0,"max_hp_gain":0,"max_hp_loss":0,"event_name":"Cursed Tome","floor":29,"gold_loss":0},{"damage_healed":0,"gold_gain":0,"player_choice":"1 cards matched","damage_taken":0,"max_hp_gain":0,"max_hp_loss":0,"event_name":"Match and Keep!","floor":36,"gold_loss":0,"cards_obtained":["Self Repair"]},{"damage_healed":0,"gold_gain":0,"player_choice":"Ignored","damage_taken":0,"max_hp_gain":0,"max_hp_loss":0,"event_name":"Tomb of Lord Red Mask","floor":37,"gold_loss":0}],"is_beta":false,"boss_relics":[{"not_picked":["Astrolabe","Black Star"],"picked":"Sozu"},{"not_picked":["Pandora\u0027s Box","Fusion Hammer"],"picked":"Velvet Choker"}],"items_purged_floors":[19,38],"is_endless":false,"potions_floor_spawned":[4,7,22,25,31,40,42],"killed_by":"Reptomancer","ascension_level":20}