{"gold_per_floor":[109,127,127,139,10,10,43,55,100,100,112,124,169,181,193,282,294,316,303,315,340,352,364,392,404,416,457,482,524,536,564,576,662,674,696,718,53,67,81,81],"floor_reached":40,"playtime":1971,"items_purged":["Strike_B"],"score":876,"play_id":"e6c62859-dc0c-4f44-85ed-44715c5c3f76","local_time":"20190718105247","is_ascension_mode":true,"campfire_choices":[{"data":"Loop","floor":6,"key":"SMITH"},{"floor":11,"key":"REST"},{"data":"Go for the Eyes","floor":15,"key":"SMITH"},{"floor":23,"key":"REST"},{"data":"Barrage","floor":25,"key":"SMITH"},{"floor":30,"key":"REST"},{"data":"Consume","floor":32,"key":"SMITH"}],"neow_cost":"NONE","seed_source_timestamp":604506097029607,"circlet_count":0,"master_deck":["AscendersBane","Strike_B+1","Strike_B+1","Defend_B","Defend_B","Defend_B","Defend_B","Zap","Dualcast","Cold Snap","Capacitor","Coolheaded","Loop+1","Undo","Go for the Eyes+1","Glacier","Electrodynamics","Compile Driver","Glacier","Barrage+1","FTL+1","Stack","Leap+1","Consume+1","Echo Form","Fusion","Hologram+1","Conserve Battery","Undo+1","Aggregate+1"],"relics":["Cracked Core","Omamori","Blue Candle","PreservedInsect","MawBank","Centennial Puzzle","Sozu","DataDisk","Letter Opener","Orichalcum","Dodecahedron","Black Star","Calipers","Runic Capacitor"],"potions_floor_usage":[7,7,16],"damage_taken":[{"damage":0,"enemies":"2 Louse","floor":1,"turns":2},{"damage":7,"enemies":"Jaw Worm","floor":2,"turns":3},{"damage":0,"enemies":"Cultist","floor":4,"turns":3},{"damage":4,"enemies":"Gremlin Nob","floor":7,"turns":3},{"damage":9,"enemies":"Looter","floor":8,"turns":3},{"damage":21,"enemies":"3 Sentries","floor":13,"turns":6},{"damage":13,"enemies":"The Guardian","floor":16,"turns":19},{"damage":14,"enemies":"Shell Parasite","floor":18,"turns":11},{"damage":11,"enemies":"2 Thieves","floor":19,"turns":5},{"damage":7,"enemies":"Cultist and Chosen","floor":21,"turns":5},{"damage":8,"enemies":"Centurion and Healer","floor":24,"turns":10},{"damage":7,"enemies":"Book of Stabbing","floor":27,"turns":6},{"damage":0,"enemies":"3 Cultists","floor":28,"turns":3},{"damage":13,"enemies":"Gremlin Leader","floor":29,"turns":5},{"damage":10,"enemies":"Snake Plant","floor":31,"turns":5},{"damage":20,"enemies":"Automaton","floor":33,"turns":15},{"damage":3,"enemies":"Orb Walker","floor":35,"turns":5},{"damage":0,"enemies":"3 Shapes","floor":36,"turns":3},{"damage":26,"enemies":"Transient","floor":38,"turns":6},{"damage":9,"enemies":"Writhing Mass","floor":39,"turns":11},{"damage":21,"enemies":"Nemesis","floor":40,"turns":2}],"seed_played":"51648236356128421","potions_obtained":[{"floor":2,"key":"Poison Potion"},{"floor":13,"key":"Regen Potion"}],"is_trial":false,"path_per_floor":["M","M","?","M","$","R","E","M","T","T","R","$","E","?","R","B",null,"M","M","?","M","$","R","M","R","T","E","M","E","R","M","R","B",null,"M","M","$","M","M","E"],"character_chosen":"DEFECT","items_purchased":["Loop","Poison Potion","Calipers","Runic Capacitor","Conserve Battery"],"campfire_rested":3,"item_purchase_floors":[5,5,37,37,37],"current_hp_per_floor":[64,57,36,36,36,36,32,23,23,23,44,44,23,23,23,25,60,46,35,35,28,28,49,41,41,41,34,34,21,42,32,32,12,56,53,53,53,27,18,0],"gold":81,"neow_bonus":"RANDOM_COMMON_RELIC","is_prod":false,"is_daily":false,"chose_seed":false,"campfire_upgraded":4,"win_rate":0,"timestamp":1563472367,"path_taken":["M","M","?","M","$","R","E","M","T","?","R","?","E","?","R","BOSS","M","?","?","M","?","R","M","R","T","E","M","E","R","M","R","BOSS","M","M","$","M","?","E"],"build_version":"2019-07-17","purchased_purges":1,"victory":false,"max_hp_per_floor":[71,71,71,71,71,71,71,71,71,71,71,71,71,71,71,71,71,71,71,71,71,71,71,71,71,71,71,71,71,71,71,71,71,71,71,71,71,71,71,71],"card_choices":[{"not_picked":["Streamline","Beam Cell"],"picked":"Cold Snap","floor":1},{"not_picked":["Double Energy","Steam"],"picked":"Capacitor","floor":2},{"not_picked":["FTL","Redo"],"picked":"Coolheaded","floor":4},{"not_picked":["Blizzard","Storm"],"picked":"Undo","floor":7},{"not_picked":["Rebound","Compile Driver","Steam"],"picked":"SKIP","floor":8},{"not_picked":["Reinforced Body","Stack"],"picked":"Go for the Eyes","floor":13},{"not_picked":["Reboot","Meteor Strike"],"picked":"Electrodynamics","floor":16},{"not_picked":["Redo","Compile Driver","Scrape"],"picked":"SKIP","floor":18},{"not_picked":["Leap","Heatsinks"],"picked":"Compile Driver","floor":19},{"not_picked":["Hologram","Loop"],"picked":"Glacier","floor":21},{"not_picked":["Reinforced Body","Hologram"],"picked":"Barrage","floor":24},{"not_picked":["Streamline","Hyperbeam"],"picked":"FTL+1","floor":27},{"not_picked":["Turbo","Leap"],"picked":"Stack","floor":28},{"not_picked":["Chill","Coolheaded"],"picked":"Leap+1","floor":29},{"not_picked":["Reprogram","Lockon"],"picked":"Consume","floor":31},{"not_picked":["Reboot","Seek"],"picked":"Echo Form","floor":33},{"not_picked":["Beam Cell","Rebound+1"],"picked":"Fusion","floor":35},{"not_picked":["Heatsinks","Rip and Tear"],"picked":"Hologram+1","floor":36},{"not_picked":["Streamline","Go for the Eyes"],"picked":"Undo+1","floor":38},{"not_picked":["Compile Driver+1","Darkness"],"picked":"Aggregate+1","floor":39}],"player_experience":685308,"relics_obtained":[{"floor":7,"key":"Blue Candle"},{"floor":9,"key":"PreservedInsect"},{"floor":10,"key":"MawBank"},{"floor":13,"key":"Centennial Puzzle"},{"floor":26,"key":"Letter Opener"},{"floor":27,"key":"Orichalcum"},{"floor":29,"key":"Dodecahedron"}],"event_choices":[{"damage_healed":0,"gold_gain":0,"player_choice":"Entered Light","damage_taken":21,"max_hp_gain":0,"max_hp_loss":0,"event_name":"Shining Light","floor":3,"gold_loss":0,"cards_upgraded":["Strike_B","Strike_B"]},{"damage_healed":0,"gold_gain":0,"cards_transformed":["Strike_B"],"player_choice":"Transformed","damage_taken":0,"max_hp_gain":0,"max_hp_loss":0,"event_name":"Transmorgrifier","floor":14,"gold_loss":0,"cards_obtained":["Glacier"]},{"damage_healed":0,"gold_gain":0,"player_choice":"Opened","damage_taken":0,"relics_obtained":["DataDisk"],"max_hp_gain":0,"max_hp_loss":0,"event_name":"The Mausoleum","floor":20,"gold_loss":0,"cards_obtained":["Writhe"]}],"is_beta":false,"boss_relics":[{"not_picked":["Coffee Dripper","Cursed Key"],"picked":"Sozu"},{"not_picked":["Philosopher\u0027s Stone","Nuclear Battery"],"picked":"Black Star"}],"items_purged_floors":[37],"is_endless":false,"potions_floor_spawned":[2,13,19,21,29,31,33,35],"killed_by":"Nemesis","ascension_level":20}