{"gold_per_floor":[111,122,134,134,134,134,150,181,181,194,194,224,240,240,240,240],"floor_reached":16,"playtime":401,"items_purged":[],"score":224,"play_id":"bd7baf79-e4bb-4cbc-a9c4-f7458129f742","local_time":"20190714132932","is_ascension_mode":true,"campfire_choices":[{"floor":6,"key":"REST"},{"floor":11,"key":"REST"},{"floor":15,"key":"REST"}],"neow_cost":"NONE","seed_source_timestamp":269883885814428,"circlet_count":0,"master_deck":["AscendersBane","Strike_B","Strike_B+1","Strike_B","Defend_B","Defend_B","Defend_B","Defend_B+1","Zap","Dualcast","Gash","Gash","Creative AI","Static Discharge","Coolheaded","Ball Lightning","Gash","Beam Cell","Reboot"],"relics":["Cracked Core","DataDisk","Kunai","Smiling Mask"],"potions_floor_usage":[16],"damage_taken":[{"damage":4,"enemies":"Small Slimes","floor":1,"turns":3},{"damage":4,"enemies":"Jaw Worm","floor":2,"turns":3},{"damage":1,"enemies":"Cultist","floor":3,"turns":3},{"damage":11,"enemies":"Blue Slaver","floor":7,"turns":5},{"damage":7,"enemies":"Lagavulin","floor":8,"turns":6},{"damage":6,"enemies":"2 Fungi Beasts","floor":10,"turns":3},{"damage":26,"enemies":"Gremlin Nob","floor":12,"turns":4},{"damage":11,"enemies":"Exordium Thugs","floor":13,"turns":4},{"damage":42,"enemies":"The Guardian","floor":16,"turns":5}],"seed_played":"3840105882661136936","potions_obtained":[{"floor":10,"key":"Fire Potion"},{"floor":12,"key":"FearPotion"},{"floor":13,"key":"SkillPotion"}],"is_trial":false,"path_per_floor":["M","M","M","?","?","R","M","E","T","M","R","E","M","?","R","B"],"character_chosen":"DEFECT","items_purchased":[],"campfire_rested":3,"item_purchase_floors":[],"current_hp_per_floor":[60,56,55,34,34,55,44,37,37,31,52,26,15,15,36,0],"gold":240,"neow_bonus":"RANDOM_COMMON_RELIC","is_prod":false,"is_daily":false,"chose_seed":false,"campfire_upgraded":0,"win_rate":0,"timestamp":1563136172,"path_taken":["M","M","M","?","?","R","M","E","T","M","R","E","M","?","R","BOSS"],"build_version":"2019-07-05","purchased_purges":0,"victory":false,"max_hp_per_floor":[71,71,71,71,71,71,71,71,71,71,71,71,71,71,71,71],"card_choices":[{"not_picked":["Redo","Stack"],"picked":"Gash","floor":1},{"not_picked":["Recycle","Stack"],"picked":"Gash","floor":2},{"not_picked":["Leap","Streamline"],"picked":"Creative AI","floor":3},{"not_picked":["Go for the Eyes","Leap"],"picked":"Static Discharge","floor":7},{"not_picked":["Melter","Reprogram"],"picked":"Coolheaded","floor":8},{"not_picked":["Chaos","Rebound"],"picked":"Ball Lightning","floor":10},{"not_picked":["Beam Cell","Hologram"],"picked":"Gash","floor":12},{"not_picked":["Melter","Rip and Tear"],"picked":"Beam Cell","floor":13}],"player_experience":668398,"relics_obtained":[{"floor":9,"key":"Kunai"},{"floor":12,"key":"Smiling Mask"}],"event_choices":[{"damage_healed":0,"gold_gain":0,"player_choice":"Entered Light","damage_taken":21,"max_hp_gain":0,"max_hp_loss":0,"event_name":"Shining Light","floor":4,"gold_loss":0,"cards_upgraded":["Defend_B","Strike_B"]},{"damage_healed":0,"gold_gain":0,"player_choice":"Ignored","damage_taken":0,"max_hp_gain":0,"max_hp_loss":0,"event_name":"Liars Game","floor":5,"gold_loss":0},{"damage_healed":0,"gold_gain":0,"cards_transformed":["Strike_B"],"player_choice":"Transformed","damage_taken":0,"max_hp_gain":0,"max_hp_loss":0,"event_name":"Transmorgrifier","floor":14,"gold_loss":0,"cards_obtained":["Reboot"]}],"is_beta":false,"boss_relics":[],"items_purged_floors":[],"is_endless":false,"potions_floor_spawned":[10,12,13],"killed_by":"The Guardian","ascension_level":20}