{"gold_per_floor":[111,125,144,156,156,156,183,43,43,93,161,177,203,220,220,292,292,306,406,231,281,299,326,326,360,360,460,476,476,156,169,169,248,248,259,234,247,277,294,322,152,179,204,254,254,269,209,209,209,209,209],"floor_reached":51,"playtime":3483,"items_purged":["Auto Shields","Normality"],"score":1435,"play_id":"0d106010-01bf-46fb-a69d-7a6b745a6475","local_time":"20190714143849","is_ascension_mode":true,"campfire_choices":[{"floor":6,"key":"REST"},{"data":"Hyperbeam","floor":15,"key":"SMITH"},{"floor":24,"key":"REST"},{"floor":29,"key":"REST"},{"floor":32,"key":"REST"},{"floor":45,"key":"DIG"},{"floor":49,"key":"RECALL"}],"neow_cost":"NONE","seed_source_timestamp":270955241064091,"circlet_count":0,"master_deck":["AscendersBane","Dualcast","Compile Driver","Storm","Compile Driver","Amplify","Static Discharge","Hyperbeam+1","Leap","Seek","Cold Snap","Coolheaded","Echo Form","Stack","Electrodynamics","Cold Snap","BootSequence","Fission+1","Genetic Algorithm+1","Echo Form","Conserve Battery","Fusion","Chill","Self Repair","Double Energy","Machine Learning","Ball Lightning+1","Defragment","Aggregate+1","Creative AI+1","Genetic Algorithm","Heatsinks+1","Parasite","Coolheaded+1"],"relics":["Pandora\u0027s Box","SsserpentHead","Letter Opener","Calipers","Thread and Needle","Cursed Key","Juzu Bracelet","Nunchaku","Meat on the Bone","OrangePellets","Black Star","Shovel","WingedGreaves","DollysMirror","DataDisk","War Paint","Omamori"],"potions_floor_usage":[7,16,22,33,38,42],"damage_taken":[{"damage":12,"enemies":"Jaw Worm","floor":1,"turns":2},{"damage":6,"enemies":"Cultist","floor":2,"turns":3},{"damage":0,"enemies":"2 Louse","floor":3,"turns":1},{"damage":0,"enemies":"Gremlin Gang","floor":4,"turns":1},{"damage":7,"enemies":"Lagavulin","floor":7,"turns":7},{"damage":0,"enemies":"Looter","floor":11,"turns":4},{"damage":12,"enemies":"3 Louse","floor":12,"turns":2},{"damage":11,"enemies":"3 Sentries","floor":13,"turns":3},{"damage":0,"enemies":"2 Fungi Beasts","floor":14,"turns":5},{"damage":30,"enemies":"The Guardian","floor":16,"turns":14},{"damage":10,"enemies":"3 Byrds","floor":18,"turns":4},{"damage":7,"enemies":"Chosen","floor":22,"turns":7},{"damage":5,"enemies":"Gremlin Leader","floor":23,"turns":8},{"damage":47,"enemies":"Slavers","floor":25,"turns":4},{"damage":17,"enemies":"Snake Plant","floor":28,"turns":5},{"damage":0,"enemies":"Cultist and Chosen","floor":31,"turns":4},{"damage":27,"enemies":"Champ","floor":33,"turns":16},{"damage":13,"enemies":"Orb Walker","floor":35,"turns":6},{"damage":44,"enemies":"3 Darklings","floor":37,"turns":5},{"damage":11,"enemies":"Jaw Worm Horde","floor":39,"turns":5},{"damage":35,"enemies":"Nemesis","floor":40,"turns":11},{"damage":9,"enemies":"Reptomancer","floor":42,"turns":5},{"damage":0,"enemies":"Writhing Mass","floor":46,"turns":10},{"damage":64,"enemies":"Time Eater","floor":50,"turns":22},{"damage":36,"enemies":"Awakened One","floor":51,"turns":3}],"seed_played":"-1436967571508502388","potions_obtained":[{"floor":2,"key":"Regen Potion"},{"floor":3,"key":"Energy Potion"},{"floor":11,"key":"Ancient Potion"},{"floor":13,"key":"Explosive Potion"},{"floor":23,"key":"Strength Potion"},{"floor":31,"key":"Fire Potion"},{"floor":37,"key":"Strength Potion"},{"floor":38,"key":"Fruit Juice"},{"floor":40,"key":"PowerPotion"},{"floor":46,"key":"Fire Potion"}],"is_trial":false,"path_per_floor":["M","M","M","M","?","R","E","$","T","?","M","M","E","M","R","B",null,"M","?","$","?","M","E","R","E","T","?","M","R","$","M","R","B",null,"M","$","M","?","M","E","$","E","T","?","R","M","?","$","R","B","B"],"character_chosen":"DEFECT","items_purchased":["Echo Form","Stack","Conserve Battery","Fusion","OrangePellets","Defragment","DollysMirror"],"campfire_rested":4,"item_purchase_floors":[8,8,20,20,30,36,41],"current_hp_per_floor":[52,46,46,46,46,67,65,65,65,65,65,53,42,42,42,12,56,46,46,46,60,53,48,69,22,22,22,17,38,38,45,66,53,67,68,68,36,41,56,47,47,64,64,64,64,76,76,76,76,31,0],"gold":209,"neow_bonus":"BOSS_RELIC","is_prod":false,"is_daily":false,"chose_seed":false,"campfire_upgraded":1,"win_rate":0,"timestamp":1563140329,"path_taken":["M","M","M","M","?","R","E","?","T","?","?","M","E","M","R","BOSS","M","?","$","?","M","E","R","E","T","?","M","R","$","M","R","BOSS","M","?","M","?","M","E","?","E","T","?","R","M","?","$","R","BOSS","BOSS"],"build_version":"2019-07-05","purchased_purges":2,"victory":false,"max_hp_per_floor":[71,71,71,71,71,71,71,71,71,71,71,71,71,71,71,71,71,71,71,71,71,71,71,71,71,71,71,71,71,71,71,71,71,71,71,71,71,76,76,76,76,76,76,76,76,76,76,76,76,76,76],"card_choices":[{"not_picked":["Barrage","Beam Cell"],"picked":"Leap","floor":1},{"not_picked":["Streamline","Coolheaded"],"picked":"Seek","floor":2},{"not_picked":["Go for the Eyes","Streamline"],"picked":"Cold Snap","floor":3},{"not_picked":["Rebound","Turbo","Barrage"],"picked":"SKIP","floor":4},{"not_picked":["Lockon","Steam"],"picked":"Coolheaded","floor":7},{"not_picked":["Gash","Storm"],"picked":"Cold Snap","floor":11},{"not_picked":["Turbo","Reprogram"],"picked":"BootSequence","floor":12},{"not_picked":["Redo","Sweeping Beam"],"picked":"Fission","floor":13},{"not_picked":["Stack","Rebound"],"picked":"Genetic Algorithm","floor":14},{"not_picked":["Reboot","Multi-Cast"],"picked":"Echo Form","floor":16},{"not_picked":["Streamline+1","Auto Shields","Rebound"],"picked":"SKIP","floor":18},{"not_picked":["Turbo","Go for the Eyes","Steam"],"picked":"SKIP","floor":22},{"not_picked":["Multi-Cast","Reboot","Steam"],"picked":"SKIP","floor":23},{"not_picked":["Darkness+1","Ball Lightning"],"picked":"Chill","floor":25},{"not_picked":["Turbo+1","Redo"],"picked":"Self Repair","floor":28},{"not_picked":["Ball Lightning+1","Chaos"],"picked":"Double Energy","floor":31},{"not_picked":["Fission","Electrodynamics"],"picked":"Machine Learning","floor":33},{"not_picked":["Leap","Auto Shields"],"picked":"Ball Lightning+1","floor":35},{"not_picked":["Barrage","Redo","Steam"],"picked":"SKIP","floor":37},{"not_picked":["Beam Cell","Rip and Tear"],"picked":"Aggregate+1","floor":39},{"not_picked":["Cold Snap","Rebound"],"picked":"Creative AI","floor":40},{"not_picked":["Turbo","Leap"],"picked":"Heatsinks+1","floor":42},{"not_picked":["Beam Cell+1","Barrage+1"],"picked":"Coolheaded+1","floor":46}],"player_experience":669437,"relics_obtained":[{"floor":7,"key":"Letter Opener"},{"floor":9,"key":"Calipers"},{"floor":13,"key":"Thread and Needle"},{"floor":23,"key":"Juzu Bracelet"},{"floor":25,"key":"Nunchaku"},{"floor":26,"key":"Meat on the Bone"},{"floor":40,"key":"Shovel"},{"floor":40,"key":"WingedGreaves"},{"floor":42,"key":"DataDisk"},{"floor":42,"key":"War Paint"},{"floor":45,"key":"Omamori"}],"event_choices":[{"damage_healed":0,"gold_gain":0,"player_choice":"Trade","damage_taken":0,"relics_obtained":["SsserpentHead"],"max_hp_gain":0,"max_hp_loss":0,"event_name":"FaceTrader","floor":5,"gold_loss":0},{"damage_healed":0,"gold_gain":0,"cards_transformed":["Zap"],"player_choice":"Transformed","damage_taken":0,"max_hp_gain":0,"max_hp_loss":0,"event_name":"Transmorgrifier","floor":10,"gold_loss":0,"cards_obtained":["Electrodynamics"]},{"damage_healed":0,"gold_gain":50,"player_choice":"Stole From Cult","damage_taken":0,"max_hp_gain":0,"max_hp_loss":0,"event_name":"Nest","floor":19,"gold_loss":0},{"damage_healed":14,"gold_gain":0,"player_choice":"Heal","damage_taken":0,"max_hp_gain":0,"max_hp_loss":0,"event_name":"The Library","floor":21,"gold_loss":0},{"damage_healed":0,"gold_gain":50,"player_choice":"Pray","damage_taken":0,"max_hp_gain":0,"max_hp_loss":0,"event_name":"Golden Shrine","floor":27,"gold_loss":0},{"damage_healed":0,"gold_gain":0,"player_choice":"Bought 1 Potion","damage_taken":0,"max_hp_gain":0,"max_hp_loss":0,"event_name":"The Woman in Blue","floor":38,"gold_loss":0},{"damage_healed":0,"gold_gain":0,"player_choice":"Ignored","damage_taken":0,"max_hp_gain":0,"max_hp_loss":0,"event_name":"Tomb of Lord Red Mask","floor":44,"gold_loss":0},{"cards_removed":["FTL"],"damage_healed":0,"gold_gain":0,"player_choice":"Upgrade and Remove","damage_taken":0,"max_hp_gain":0,"max_hp_loss":0,"event_name":"Designer","floor":47,"gold_loss":110,"cards_upgraded":["Creative AI"]}],"is_beta":false,"boss_relics":[{"not_picked":["Runic Pyramid","Orrery"],"picked":"Cursed Key"},{"not_picked":["White Beast Statue","Calling Bell"],"picked":"Black Star"}],"items_purged_floors":[20,30],"is_endless":false,"potions_floor_spawned":[2,3,11,13,23,31,37,40,46],"killed_by":"Awakened One","ascension_level":20}