{"gold_per_floor":[119,132,132,52,65,65,100,100,100,100,113,146,166,166,166,166],"floor_reached":16,"playtime":381,"items_purged":[],"score":220,"play_id":"91aac9c5-b663-488b-879a-ec4d312dbb46","local_time":"20190826174529","is_ascension_mode":true,"campfire_choices":[{"data":"Static Discharge","floor":6,"key":"SMITH"},{"data":"Barrage","floor":8,"key":"SMITH"},{"data":"Loop","floor":10,"key":"SMITH"},{"data":"Hologram","floor":15,"key":"SMITH"}],"neow_cost":"NONE","seed_source_timestamp":1063886732330299,"circlet_count":0,"master_deck":["AscendersBane","Strike_B","Strike_B","Strike_B","Strike_B","Defend_B","Defend_B","Defend_B","Defend_B","Zap","Dualcast","Static Discharge+1","Hologram+1","Normality","Normality","Loop+1","Self Repair","Barrage+1","Coolheaded","Compile Driver","Injury"],"relics":["Cracked Core","NeowsBlessing","Meat on the Bone","Gremlin Horn","Mercury Hourglass","Golden Idol"],"potions_floor_usage":[7,11,12],"damage_taken":[{"damage":0,"enemies":"Jaw Worm","floor":1,"turns":1},{"damage":0,"enemies":"Cultist","floor":2,"turns":1},{"damage":0,"enemies":"Small Slimes","floor":5,"turns":1},{"damage":25,"enemies":"3 Sentries","floor":7,"turns":5},{"damage":0,"enemies":"3 Louse","floor":11,"turns":2},{"damage":26,"enemies":"Lagavulin","floor":12,"turns":6},{"damage":17,"enemies":"Red Slaver","floor":13,"turns":4},{"damage":57,"enemies":"The Guardian","floor":16,"turns":8}],"seed_played":"359152877974614229","potions_obtained":[{"floor":2,"key":"AttackPotion"},{"floor":5,"key":"FocusPotion"},{"floor":7,"key":"EssenceOfSteel"},{"floor":12,"key":"SpeedPotion"}],"is_trial":false,"path_per_floor":["M","M","?","$","M","R","E","R","T","R","M","E","M","?","R","B"],"character_chosen":"DEFECT","items_purchased":["Loop"],"campfire_rested":0,"item_purchase_floors":[4],"current_hp_per_floor":[64,64,64,64,64,64,46,46,46,46,53,46,48,48,48,0],"gold":166,"neow_bonus":"THREE_ENEMY_KILL","is_prod":false,"is_daily":false,"chose_seed":false,"campfire_upgraded":4,"win_rate":0,"timestamp":1566866729,"path_taken":["M","M","?","?","?","R","E","R","T","R","?","E","M","?","R","BOSS"],"build_version":"2019-07-17","purchased_purges":0,"victory":false,"max_hp_per_floor":[71,71,71,71,71,71,71,71,71,71,71,71,71,71,71,71],"card_choices":[{"not_picked":["Stack","Storm"],"picked":"Static Discharge","floor":1},{"not_picked":["Steam","Rebound"],"picked":"Hologram","floor":2},{"not_picked":["Doom and Gloom","Steam"],"picked":"Self Repair","floor":5},{"not_picked":["Hello World","All For One"],"picked":"Barrage","floor":7},{"not_picked":["Streamline","Rebound"],"picked":"Coolheaded","floor":11},{"not_picked":["Barrage","Coolheaded","Leap"],"picked":"SKIP","floor":12},{"not_picked":["Chaos","Leap"],"picked":"Compile Driver","floor":13}],"player_experience":746654,"relics_obtained":[{"floor":7,"key":"Meat on the Bone"},{"floor":9,"key":"Gremlin Horn"},{"floor":12,"key":"Mercury Hourglass"}],"event_choices":[{"damage_healed":0,"gold_gain":0,"player_choice":"2 cards matched","damage_taken":0,"max_hp_gain":0,"max_hp_loss":0,"event_name":"Match and Keep!","floor":3,"gold_loss":0,"cards_obtained":["Normality","Normality"]},{"damage_healed":0,"gold_gain":0,"player_choice":"Take Wound","damage_taken":0,"relics_obtained":["Golden Idol"],"max_hp_gain":0,"max_hp_loss":0,"event_name":"Golden Idol","floor":14,"gold_loss":0,"cards_obtained":["Injury"]}],"is_beta":false,"boss_relics":[],"items_purged_floors":[],"is_endless":false,"potions_floor_spawned":[2,5,7,12],"killed_by":"The Guardian","ascension_level":20}