{"gold_per_floor":[114,77,88,111,111,111,146,156,226,76,106,122,152,165,165,243,243,262,273,273,288,288,314,314,344,344,362,373,388,403,432,432,506,506,518,518,518,531,551,551],"floor_reached":40,"playtime":1716,"items_purged":["Pain"],"score":990,"play_id":"7aeb11dc-bb5f-442e-b3cc-3de96a1dcd10","local_time":"20191002215535","is_ascension_mode":true,"campfire_choices":[{"data":"FTL","floor":6.0,"key":"SMITH"},{"data":"Sunder","floor":15.0,"key":"SMITH"},{"data":"Dualcast","floor":24.0,"key":"SMITH"},{"floor":32.0,"key":"REST"}],"neow_cost":"NONE","seed_source_timestamp":0,"circlet_count":0,"master_deck":["AscendersBane","Defend_B","Defend_B","Defend_B","Defend_B","Zap","Dualcast+1","Ball Lightning","Self Repair","FTL+1","Cold Snap","Self Repair+1","Sunder+1","Heatsinks+1","Core Surge","Undo+1","Barrage","Seek","Gash+1","Sunder+1","Electrodynamics+1","Capacitor+1","Hello World+1","Seek","Hologram+1","All For One","Capacitor+1","Go for the Eyes+1","Loop+1","Undo","Blizzard","Undo","All For One","Recycle+1"],"special_seed":0,"relics":["FrozenCore","NeowsBlessing","Regal Pillow","WarpedTongs","Bronze Scales","Frozen Egg 2","Mummified Hand","Prayer Wheel","Astrolabe","DataDisk","Thread and Needle","Letter Opener"],"potions_floor_usage":[40],"damage_taken":[{"damage":0.0,"enemies":"Cultist","floor":1.0,"turns":1.0},{"damage":0.0,"enemies":"Jaw Worm","floor":3.0,"turns":1.0},{"damage":0.0,"enemies":"Lagavulin","floor":7.0,"turns":1.0},{"damage":18.0,"enemies":"Small Slimes","floor":8.0,"turns":2.0},{"damage":11.0,"enemies":"Gremlin Nob","floor":11.0,"turns":3.0},{"damage":9.0,"enemies":"Red Slaver","floor":12.0,"turns":3.0},{"damage":23.0,"enemies":"3 Sentries","floor":13.0,"turns":7.0},{"damage":7.0,"enemies":"3 Louse","floor":14.0,"turns":2.0},{"damage":38.0,"enemies":"Slime Boss","floor":16.0,"turns":7.0},{"damage":2.0,"enemies":"3 Byrds","floor":18.0,"turns":1.0},{"damage":9.0,"enemies":"Spheric Guardian","floor":19.0,"turns":3.0},{"damage":0.0,"enemies":"Snake Plant","floor":21.0,"turns":2.0},{"damage":34.0,"enemies":"Slavers","floor":23.0,"turns":5.0},{"damage":33.0,"enemies":"Book of Stabbing","floor":25.0,"turns":4.0},{"damage":0.0,"enemies":"Snecko","floor":27.0,"turns":3.0},{"damage":2.0,"enemies":"Centurion and Healer","floor":28.0,"turns":6.0},{"damage":0.0,"enemies":"Chosen and Byrds","floor":29.0,"turns":3.0},{"damage":30.0,"enemies":"Shelled Parasite and Fungi","floor":30.0,"turns":5.0},{"damage":14.0,"enemies":"Slavers","floor":31.0,"turns":3.0},{"damage":4.0,"enemies":"Champ","floor":33.0,"turns":9.0},{"damage":1.0,"enemies":"3 Shapes","floor":35.0,"turns":3.0},{"damage":0,"enemies":"Orb Walker","floor":38,"turns":3},{"damage":3,"enemies":"Spire Growth","floor":39,"turns":5},{"damage":88,"enemies":"Reptomancer","floor":40,"turns":2}],"seed_played":"2405829612083385607","potions_obtained":[{"floor":3.0,"key":"Fire Potion"},{"floor":11.0,"key":"LiquidBronze"},{"floor":13.0,"key":"Swift Potion"},{"floor":14.0,"key":"Fire Potion"},{"floor":18.0,"key":"Fire Potion"},{"floor":31.0,"key":"SpeedPotion"},{"floor":33.0,"key":"FearPotion"}],"is_trial":false,"path_per_floor":["M","$","M","T","?","R","E","M","T","$","E","M","E","M","R","B",null,"M","M","?","M","?","E","R","E","T","M","M","M","M","E","R","B",null,"M","?","?","M","M","E"],"character_chosen":"DEFECT","items_purchased":["Self Repair","Self Repair+1"],"campfire_rested":1,"item_purchase_floors":[2,10],"current_hp_per_floor":[64,64,64,64,64,64,71,60,60,60,66,71,68,71,71,53,67,65,71,71,71,71,54,54,41,41,48,63,71,58,44,71,71,71,71,71,71,71,71,0],"gold":551,"neow_bonus":"THREE_ENEMY_KILL","is_prod":false,"is_daily":false,"chose_seed":false,"campfire_upgraded":3,"win_rate":0,"timestamp":1570078535,"path_taken":["M","$","M","?","?","R","E","?","T","$","E","M","E","M","R","BOSS","M","M","?","?","?","E","R","E","T","M","?","M","M","E","R","BOSS","M","?","?","?","M","E"],"build_version":"2019-07-17","purchased_purges":1,"victory":false,"max_hp_per_floor":[71,71,71,71,71,71,71,71,71,71,71,71,71,71,71,71,71,71,71,71,71,71,71,71,71,71,71,71,71,71,71,71,71,71,71,71,71,71,71,71],"card_choices":[{"not_picked":["Steam","Go for the Eyes"],"picked":"Ball Lightning","floor":1.0},{"not_picked":["Recycle","Redo"],"picked":"FTL","floor":3.0},{"not_picked":["Streamline","Leap"],"picked":"Cold Snap","floor":7.0},{"not_picked":["Multi-Cast","Cold Snap","Rip and Tear"],"picked":"SKIP","floor":8.0},{"not_picked":["Chill","Rip and Tear"],"picked":"Sunder","floor":11.0},{"not_picked":["Steam","Conserve Battery"],"picked":"Heatsinks+1","floor":12.0},{"not_picked":["Barrage","Ball Lightning"],"picked":"Core Surge","floor":13.0},{"not_picked":["Streamline","Gash"],"picked":"Undo","floor":14.0},{"not_picked":["Steam Power","Cold Snap"],"picked":"Barrage","floor":14.0},{"not_picked":["Thunder Strike","Fission"],"picked":"Seek","floor":16.0},{"not_picked":["Chill","Aggregate+1","Redo"],"picked":"SKIP","floor":18.0},{"not_picked":["Melter","BootSequence","Redo"],"picked":"SKIP","floor":18.0},{"not_picked":["Streamline","Turbo"],"picked":"Capacitor+1","floor":19.0},{"not_picked":["Redo","Streamline"],"picked":"Hello World+1","floor":19.0},{"not_picked":["Streamline+1","Force Field","Skim"],"picked":"SKIP","floor":21.0},{"not_picked":["Storm+1","Redo","Steam"],"picked":"SKIP","floor":21.0},{"not_picked":["Redo","White Noise"],"picked":"Seek","floor":23.0},{"not_picked":["Reinforced Body","Reboot","Sweeping Beam"],"picked":"SKIP","floor":25.0},{"not_picked":["Turbo","Capacitor+1"],"picked":"Hologram+1","floor":27.0},{"not_picked":["Darkness","Stack","Hologram"],"picked":"SKIP","floor":27.0},{"not_picked":["Stack+1","Go for the Eyes"],"picked":"All For One","floor":28.0},{"not_picked":["Conserve Battery","Ball Lightning"],"picked":"Capacitor+1","floor":28.0},{"not_picked":["Darkness","Gash"],"picked":"Go for the Eyes+1","floor":29.0},{"not_picked":["Barrage","Storm+1","Steam"],"picked":"SKIP","floor":29.0},{"not_picked":["Reprogram","Lockon"],"picked":"Loop+1","floor":30.0},{"not_picked":["Streamline","Force Field","Tempest"],"picked":"SKIP","floor":30.0},{"not_picked":["Turbo","BootSequence+1"],"picked":"Undo","floor":31.0},{"not_picked":["Steam+1","Gash+1"],"picked":"Blizzard","floor":35.0},{"not_picked":["Stack","Redo"],"picked":"Undo","floor":35.0},{"not_picked":["Undo","Hologram","Redo"],"picked":"SKIP","floor":38},{"not_picked":["Stack","Tempest","Darkness+1"],"picked":"SKIP","floor":38},{"not_picked":["Rainbow","Beam Cell"],"picked":"Recycle+1","floor":39},{"not_picked":["Tempest","Streamline","Leap"],"picked":"SKIP","floor":39}],"player_experience":815807,"relics_obtained":[{"floor":4.0,"key":"Regal Pillow"},{"floor":7.0,"key":"Bronze Scales"},{"floor":9.0,"key":"Frozen Egg 2"},{"floor":11.0,"key":"Mummified Hand"},{"floor":13.0,"key":"Prayer Wheel"},{"floor":23.0,"key":"DataDisk"},{"floor":25.0,"key":"Thread and Needle"},{"floor":31.0,"key":"Letter Opener"}],"event_choices":[{"damage_healed":0.0,"max_hp_gain":0.0,"max_hp_loss":0.0,"gold_gain":0.0,"event_name":"Accursed Blacksmith","player_choice":"Rummage","floor":5.0,"gold_loss":0.0,"damage_taken":0.0,"relics_obtained":["WarpedTongs"],"cards_obtained":["Pain"]},{"damage_healed":0.0,"max_hp_gain":0.0,"max_hp_loss":0.0,"gold_gain":0.0,"event_name":"Upgrade Shrine","player_choice":"Upgraded","floor":20.0,"gold_loss":0.0,"damage_taken":0.0,"cards_upgraded":["Undo"]},{"cards_removed":["Strike_B"],"damage_healed":0.0,"max_hp_gain":0.0,"max_hp_loss":0.0,"gold_gain":0.0,"event_name":"Purifier","player_choice":"Purged","floor":22.0,"gold_loss":0.0,"damage_taken":0.0},{"damage_healed":0,"gold_gain":0,"player_choice":"Ignored","damage_taken":0,"max_hp_gain":0,"max_hp_loss":0,"event_name":"Tomb of Lord Red Mask","floor":36,"gold_loss":0},{"damage_healed":0,"gold_gain":0,"player_choice":"Copied","damage_taken":0,"max_hp_gain":0,"max_hp_loss":0,"event_name":"Duplicator","floor":37,"gold_loss":0,"cards_obtained":["All For One"]}],"is_beta":false,"boss_relics":[{"not_picked":["Lizard Tail","Empty Cage"],"picked":"Astrolabe"},{"not_picked":["Pandora\u0027s Box","Tiny House"],"picked":"FrozenCore"}],"items_purged_floors":[10],"is_endless":false,"potions_floor_spawned":[3,11,13,14,18,21,29,30,31,33,38],"killed_by":"Reptomancer","ascension_level":20}