{"gold_per_floor":[115,115,215,232,8,36,36,53,76,108,123,48,65,82,82,187,187,207,177],"floor_reached":19,"playtime":645,"items_purged":[],"score":265,"play_id":"788ca65c-0b63-4a81-bfb0-f5eed36e0af8","local_time":"20190922015131","is_ascension_mode":true,"campfire_choices":[{"data":"Wallop","floor":7.0,"key":"SMITH"},{"data":"TalkToTheHand","floor":15.0,"key":"SMITH"}],"neow_cost":"NONE","seed_source_timestamp":0,"circlet_count":0,"master_deck":["Strike_P","Strike_P","Strike_P","Defend_P","Defend_P","Defend_P","Eruption","Vigilance","Protect","Wallop+1","TalkToTheHand","TalkToTheHand","SandsOfTime","Devotion","TalkToTheHand+1"],"special_seed":0,"relics":["PureWater","NeowsBlessing","Omamori","Boot","MealTicket","Lantern","Empty Cage"],"potions_floor_usage":[],"damage_taken":[{"damage":0.0,"enemies":"Small Slimes","floor":1.0,"turns":1.0},{"damage":0.0,"enemies":"Cultist","floor":4.0,"turns":1.0},{"damage":0.0,"enemies":"Gremlin Nob","floor":6.0,"turns":1.0},{"damage":0.0,"enemies":"Jaw Worm","floor":8.0,"turns":3.0},{"damage":11.0,"enemies":"Lagavulin","floor":10.0,"turns":8.0},{"damage":1.0,"enemies":"3 Louse","floor":11.0,"turns":4.0},{"damage":0.0,"enemies":"Large Slime","floor":13.0,"turns":5.0},{"damage":0.0,"enemies":"Blue Slaver","floor":14.0,"turns":4.0},{"damage":43.0,"enemies":"Slime Boss","floor":16.0,"turns":9.0},{"damage":45.0,"enemies":"Spheric Guardian","floor":18.0,"turns":6.0},{"damage":16,"enemies":"2 Thieves","floor":19,"turns":1}],"seed_played":"-8357402927019377964","potions_obtained":[{"floor":6.0,"key":"DuplicationPotion"},{"floor":8.0,"key":"SkillPotion"},{"floor":10.0,"key":"GamblersBrew"},{"floor":11.0,"key":"Ancient Potion"},{"floor":14.0,"key":"FearPotion"}],"is_trial":false,"path_per_floor":["M","$","?","M","$","E","R","M","T","E","M","$","M","M","R","B",null,"M","M"],"character_chosen":"WATCHER","items_purchased":["Omamori","Wallop","Devotion"],"campfire_rested":0,"item_purchase_floors":[5,5,12],"current_hp_per_floor":[59,59,59,59,59,59,59,59,59,48,47,62,62,62,62,19,54,9,0],"gold":177,"neow_bonus":"THREE_ENEMY_KILL","is_prod":false,"is_daily":false,"chose_seed":false,"campfire_upgraded":2,"win_rate":0,"timestamp":1569109891,"path_taken":["M","$","?","M","$","E","R","M","T","E","M","$","?","M","R","BOSS","M","M"],"build_version":"2019-09-20","purchased_purges":0,"victory":false,"max_hp_per_floor":[65,65,65,65,65,65,65,65,65,65,65,65,65,65,65,65,65,65,65],"card_choices":[{"not_picked":["EmptyFist","Worship","Collect"],"picked":"SKIP","floor":1.0},{"not_picked":["BowlingBash","Wireheading"],"picked":"Protect","floor":4.0},{"not_picked":["Sanctity","CarveReality"],"picked":"TalkToTheHand","floor":6.0},{"not_picked":["Devotion","Weave"],"picked":"TalkToTheHand","floor":8.0},{"not_picked":["ForeignInfluence","Tantrum"],"picked":"SandsOfTime","floor":10.0},{"not_picked":["JustLucky","InnerPeace","Halt"],"picked":"SKIP","floor":11.0},{"not_picked":["FlurryOfBlows","FollowUp"],"picked":"TalkToTheHand","floor":13.0},{"not_picked":["MentalFortress","Sanctity","SashWhip"],"picked":"SKIP","floor":14.0},{"not_picked":["SashWhip","Prostrate","ThirdEye+1"],"picked":"SKIP","floor":18}],"player_experience":469652,"relics_obtained":[{"floor":6.0,"key":"Boot"},{"floor":9.0,"key":"MealTicket"},{"floor":10.0,"key":"Lantern"}],"event_choices":[{"damage_healed":0.0,"max_hp_gain":0.0,"max_hp_loss":0.0,"gold_gain":100.0,"event_name":"Golden Shrine","player_choice":"Pray","floor":3.0,"gold_loss":0.0,"damage_taken":0.0}],"is_beta":true,"boss_relics":[{"not_picked":["Snecko Eye","Cursed Key"],"picked":"Empty Cage"}],"items_purged_floors":[],"is_endless":false,"potions_floor_spawned":[6,8,10,11,14,18],"killed_by":"2 Thieves","ascension_level":6}