{"gold_per_floor":[113,113,124,142,159,159,189,264,309,309,5,41,67,115,127,265,277,310,336,348,375,387,399,452,482,494,541,574,586,423,437,437,565,565,583,606,606,606,626,626,21,41,41,41,54,54],"floor_reached":46,"playtime":2273,"items_purged":["Injury","Strike_B+1"],"score":802,"play_id":"efd2f157-55ac-45e4-bdc8-937ee6eba901","local_time":"20190403201547","is_ascension_mode":true,"campfire_choices":[{"data":"Dualcast","floor":6,"key":"SMITH"},{"floor":15,"key":"REST"},{"data":"Undo","floor":23,"key":"SMITH"},{"floor":29,"key":"REST"},{"floor":32,"key":"REST"},{"floor":40,"key":"REST"}],"neow_cost":"NONE","seed_source_timestamp":0,"circlet_count":0,"master_deck":["Strike_B+1","Strike_B+1","Defend_B+1","Defend_B+1","Defend_B+1","Defend_B+1","Zap+1","Dualcast+1","Compile Driver+1","Ball Lightning","Ball Lightning","Doom and Gloom","Cold Snap","Undo+1","Hologram","Undo+1","Ball Lightning","Core Surge","Loop+1","Leap+1","Leap+1","Coolheaded+1","Sweeping Beam","Conserve Battery","Capacitor","Compile Driver+1","Echo Form","Hologram+1","Conserve Battery","Flash of Steel","Enlightenment","Flash of Steel","Conserve Battery","Echo Form","Self Repair"],"special_seed":0,"relics":["Cracked Core","Happy Flower","Shuriken","Bag of Preparation","Golden Idol","Whetstone","MawBank","War Paint","Eternal Feather","Art of War","Pantograph","WingedGreaves","Sozu","Bottled Tornado","Gremlin Horn","Vajra"],"potions_floor_usage":[18,24,24,28,31,33],"damage_taken":[{"damage":1.0,"enemies":"2 Louse","floor":1.0,"turns":4.0},{"damage":0,"enemies":"Cultist","floor":3,"turns":2},{"damage":2,"enemies":"Jaw Worm","floor":4,"turns":3},{"damage":0,"enemies":"Blue Slaver","floor":5,"turns":2},{"damage":25,"enemies":"3 Sentries","floor":7,"turns":6},{"damage":0,"enemies":"Gremlin Nob","floor":12,"turns":2},{"damage":0,"enemies":"2 Fungi Beasts","floor":13,"turns":2},{"damage":10,"enemies":"3 Sentries","floor":14,"turns":4},{"damage":0,"enemies":"Slime Boss","floor":16,"turns":4},{"damage":0,"enemies":"3 Byrds","floor":18,"turns":3},{"damage":0,"enemies":"Spheric Guardian","floor":19,"turns":3},{"damage":7,"enemies":"Centurion and Healer","floor":21,"turns":5},{"damage":32,"enemies":"Slavers","floor":24,"turns":6},{"damage":14,"enemies":"Snake Plant","floor":25,"turns":4},{"damage":23,"enemies":"Book of Stabbing","floor":27,"turns":7},{"damage":11,"enemies":"3 Cultists","floor":28,"turns":5},{"damage":16,"enemies":"Centurion and Healer","floor":31,"turns":8},{"damage":72,"enemies":"Automaton","floor":33,"turns":11},{"damage":9,"enemies":"Orb Walker","floor":35,"turns":4},{"damage":4,"enemies":"3 Shapes","floor":36,"turns":6},{"damage":25,"enemies":"Transient","floor":39,"turns":5},{"damage":2,"enemies":"Maw","floor":42,"turns":8},{"damage":7,"enemies":"3 Darklings","floor":45,"turns":7},{"damage":43,"enemies":"Jaw Worm Horde","floor":46,"turns":2}],"seed_played":"9049121225691544277","potions_obtained":[{"floor":3,"key":"Strength Potion"},{"floor":7,"key":"Fire Potion"},{"floor":12,"key":"Ancient Potion"},{"floor":16,"key":"Regen Potion"},{"floor":18,"key":"Strength Potion"},{"floor":24,"key":"LiquidBronze"},{"floor":27,"key":"Explosive Potion"},{"floor":33,"key":"Fire Potion"}],"is_trial":false,"path_per_floor":["M","?","M","M","M","R","E","?","T","?","$","E","M","E","R","B",null,"M","M","?","M","?","R","E","M","T","E","M","R","$","M","R","B",null,"M","M","?","?","M","R","$","M","T","$","M","M"],"character_chosen":"DEFECT","items_purchased":["Whetstone","Undo","Conserve Battery","Regen Potion","Capacitor","Bottled Tornado","Gremlin Horn"],"campfire_rested":4,"item_purchase_floors":[11,11,30,30,30,41,41],"current_hp_per_floor":[67,67,67,65,65,65,40,29,29,29,29,29,29,19,41,41,67,67,67,67,60,60,72,53,39,39,16,5,39,39,37,74,3,57,48,44,44,34,9,49,49,47,47,47,40,0],"gold":54,"neow_bonus":"RANDOM_COMMON_RELIC","is_prod":false,"is_daily":false,"chose_seed":false,"campfire_upgraded":2,"win_rate":0,"timestamp":1554347747,"path_taken":["M","?","M","M","?","R","E","?","T","?","$","E","M","E","R","BOSS","M","M","?","M","?","R","E","M","T","E","?","R","$","M","R","BOSS","M","?","?","?","M","R","$","M","T","?","M","?"],"build_version":"2019-01-23","purchased_purges":2,"victory":false,"max_hp_per_floor":[75,75,75,75,75,75,75,75,75,75,75,75,75,75,75,75,75,75,75,75,75,75,75,75,75,75,75,75,75,75,75,75,75,75,75,75,75,75,75,75,75,75,75,75,75,75],"card_choices":[{"not_picked":["Turbo","Redo"],"picked":"Compile Driver","floor":1.0},{"not_picked":["Barrage","Streamline"],"picked":"Ball Lightning","floor":3},{"not_picked":["Barrage","Reboot"],"picked":"Ball Lightning","floor":4},{"not_picked":["Leap","Chaos"],"picked":"Doom and Gloom","floor":5},{"not_picked":["Coolheaded","Doom and Gloom"],"picked":"Cold Snap","floor":7},{"not_picked":["Rip and Tear","Streamline"],"picked":"Hologram","floor":12},{"not_picked":["Compile Driver","Coolheaded"],"picked":"Undo","floor":13},{"not_picked":["Stack","Redo"],"picked":"Ball Lightning","floor":14},{"not_picked":["Hyperbeam","Rainbow"],"picked":"Core Surge","floor":16},{"not_picked":["Redo","Sweeping Beam"],"picked":"Loop+1","floor":18},{"not_picked":["Genetic Algorithm","Barrage"],"picked":"Leap+1","floor":19},{"not_picked":["Steam","BootSequence+1"],"picked":"Leap+1","floor":21},{"not_picked":["Aggregate","Thunder Strike","Compile Driver+1"],"picked":"SKIP","floor":24},{"not_picked":["Tempest","Barrage"],"picked":"Coolheaded+1","floor":25},{"not_picked":["Steam Power","Go for the Eyes","Redo"],"picked":"SKIP","floor":27},{"not_picked":["Barrage","Gash"],"picked":"Sweeping Beam","floor":28},{"not_picked":["Turbo+1","Scrape"],"picked":"Compile Driver+1","floor":31},{"not_picked":["Buffer","Reboot"],"picked":"Echo Form","floor":33},{"not_picked":["Steam+1","Streamline"],"picked":"Hologram+1","floor":35},{"not_picked":["Stack","Chill+1"],"picked":"Conserve Battery","floor":36},{"not_picked":["Jack Of All Trades","Purity"],"picked":"Flash of Steel","floor":38},{"not_picked":["Dramatic Entrance","Chrysalis"],"picked":"Enlightenment","floor":38},{"not_picked":["Dramatic Entrance","Mind Blast"],"picked":"Flash of Steel","floor":38},{"not_picked":["Chill","Static Discharge"],"picked":"Conserve Battery","floor":39},{"not_picked":["Go for the Eyes+1","Leap+1"],"picked":"Echo Form","floor":42},{"not_picked":["Turbo+1","Chaos"],"picked":"Self Repair","floor":45}],"player_experience":144652,"relics_obtained":[{"floor":7,"key":"Shuriken"},{"floor":9,"key":"Bag of Preparation"},{"floor":12,"key":"MawBank"},{"floor":14,"key":"War Paint"},{"floor":24,"key":"Art of War"},{"floor":26,"key":"Pantograph"},{"floor":27,"key":"WingedGreaves"},{"floor":43,"key":"Vajra"}],"event_choices":[{"damage_healed":0,"gold_gain":0,"player_choice":"Upgraded","damage_taken":0,"max_hp_gain":0,"max_hp_loss":0,"event_name":"Upgrade Shrine","floor":2,"gold_loss":0,"cards_upgraded":["Zap"]},{"damage_healed":0,"gold_gain":75,"player_choice":"Gather Gold","damage_taken":11,"max_hp_gain":0,"max_hp_loss":0,"event_name":"World of Goop","floor":8,"gold_loss":0},{"damage_healed":0,"gold_gain":0,"player_choice":"Take Wound","damage_taken":0,"relics_obtained":["Golden Idol"],"max_hp_gain":0,"max_hp_loss":0,"event_name":"Golden Idol","floor":10,"gold_loss":0,"cards_obtained":["Injury"]},{"damage_healed":0,"gold_gain":0,"player_choice":"Simplicity","damage_taken":0,"max_hp_gain":0,"max_hp_loss":0,"event_name":"Back to Basics","floor":20,"gold_loss":0,"cards_upgraded":["Strike_B","Strike_B","Strike_B","Defend_B","Defend_B","Defend_B"]},{"cards_removed":["Strike_B"],"damage_healed":0,"gold_gain":0,"player_choice":"Card Removal","damage_taken":0,"max_hp_gain":0,"max_hp_loss":0,"event_name":"Wheel of Change","floor":22,"gold_loss":0},{"damage_healed":0,"gold_gain":0,"player_choice":"Ignored","damage_taken":0,"max_hp_gain":0,"max_hp_loss":0,"event_name":"Tomb of Lord Red Mask","floor":37,"gold_loss":0},{"damage_healed":0,"gold_gain":0,"player_choice":"Memory 3","damage_taken":10,"max_hp_gain":0,"max_hp_loss":0,"event_name":"SensoryStone","floor":38,"gold_loss":0}],"is_beta":false,"boss_relics":[{"not_picked":["Nuclear Battery","Calling Bell"],"picked":"Eternal Feather"},{"not_picked":["Philosopher\u0027s Stone","Runic Dome"],"picked":"Sozu"}],"items_purged_floors":[11,41],"is_endless":false,"potions_floor_spawned":[3,7,12,14,16,18,24,27,33],"killed_by":"Jaw Worm Horde","ascension_level":7}