{"gold_per_floor":[119,129,198,223,233,267,283,294,294,254],"floor_reached":10,"playtime":257,"items_purged":[],"score":140,"play_id":"9030d39b-7042-4efc-ae29-1ffa87028df4","local_time":"20190804130348","is_ascension_mode":true,"campfire_choices":[],"neow_cost":"NONE","seed_source_timestamp":217276292746400,"circlet_count":0,"master_deck":["AscendersBane","Strike_B","Strike_B","Strike_B","Strike_B","Defend_B","Defend_B","Defend_B","Defend_B","Zap+1","Dualcast","Streamline","Compile Driver","Conserve Battery","Seek","Auto Shields"],"relics":["Cracked Core","Juzu Bracelet","Pear","Matryoshka"],"potions_floor_usage":[6],"damage_taken":[{"damage":3,"enemies":"Small Slimes","floor":1,"turns":3},{"damage":7,"enemies":"Jaw Worm","floor":2,"turns":3},{"damage":1,"enemies":"Cultist","floor":5,"turns":3},{"damage":27,"enemies":"Gremlin Nob","floor":6,"turns":4},{"damage":27,"enemies":"Gremlin Gang","floor":7,"turns":5},{"damage":8,"enemies":"Blue Slaver","floor":8,"turns":4},{"damage":1,"enemies":"Looter","floor":10,"turns":2}],"seed_played":"7436375056805331405","potions_obtained":[{"floor":2,"key":"Block Potion"},{"floor":7,"key":"Dexterity Potion"}],"is_trial":false,"path_per_floor":["M","M","?","T","M","E","M","M","T","M"],"character_chosen":"DEFECT","items_purchased":[],"campfire_rested":0,"item_purchase_floors":[],"current_hp_per_floor":[61,54,54,54,53,36,9,1,1,0],"gold":254,"neow_bonus":"UPGRADE_CARD","is_prod":false,"is_daily":false,"chose_seed":false,"campfire_upgraded":0,"win_rate":0,"timestamp":1564949028,"path_taken":["M","M","?","?","M","E","M","M","T","M"],"build_version":"2019-07-17","purchased_purges":0,"victory":false,"max_hp_per_floor":[71,71,71,71,71,81,81,81,81,81],"card_choices":[{"not_picked":["Redo","Barrage"],"picked":"Streamline","floor":1},{"not_picked":["Gash","Leap"],"picked":"Compile Driver","floor":2},{"not_picked":["Stack","Steam"],"picked":"Conserve Battery","floor":5},{"not_picked":["Cold Snap","Hologram"],"picked":"Seek","floor":6},{"not_picked":["Lockon","Streamline"],"picked":"Auto Shields","floor":7},{"not_picked":["Stack","Aggregate","Turbo"],"picked":"SKIP","floor":8}],"player_experience":714048,"relics_obtained":[{"floor":4,"key":"Juzu Bracelet"},{"floor":6,"key":"Pear"},{"floor":9,"key":"Matryoshka"}],"event_choices":[{"damage_healed":0,"gold_gain":69,"player_choice":"Gained Gold","damage_taken":0,"max_hp_gain":0,"max_hp_loss":0,"event_name":"Golden Wing","floor":3,"gold_loss":0}],"is_beta":false,"boss_relics":[],"items_purged_floors":[],"is_endless":false,"potions_floor_spawned":[2,7],"killed_by":"Looter","ascension_level":20}