{"gold_per_floor":[13,13,13,13,36,36,71,71,71,89,130,154,172,185,185,279,279,302,315,330,330],"floor_reached":21,"playtime":739,"items_purged":[],"score":328,"play_id":"76e9910d-5266-4878-845e-644f60147cae","local_time":"20191026044223","is_ascension_mode":true,"campfire_choices":[{"data":"Sweeping Beam","floor":6,"key":"SMITH"},{"floor":8,"key":"REST"},{"floor":15,"key":"REST"}],"neow_cost":"NO_GOLD","seed_source_timestamp":3639245872795300,"circlet_count":0,"master_deck":["AscendersBane","Strike_B","Strike_B","Strike_B","Strike_B","Defend_B","Defend_B","Defend_B","Defend_B","Zap","Hyperbeam+1","Leap","Sweeping Beam+1","Conserve Battery","Go for the Eyes","Gash","Undo","Echo Form","Beam Cell+1","Streamline+1"],"relics":["Cracked Core","Golden Idol","Tiny Chest","DataDisk","Blood Vial","Fusion Hammer"],"potions_floor_usage":[7,16,16],"damage_taken":[{"damage":0,"enemies":"Cultist","floor":1,"turns":2},{"damage":3,"enemies":"Jaw Worm","floor":5,"turns":4},{"damage":23,"enemies":"Lagavulin","floor":7,"turns":6},{"damage":0,"enemies":"Small Slimes","floor":10,"turns":1},{"damage":28,"enemies":"Gremlin Nob","floor":11,"turns":5},{"damage":2,"enemies":"Exordium Thugs","floor":12,"turns":2},{"damage":2,"enemies":"Looter","floor":13,"turns":3},{"damage":6,"enemies":"Lots of Slimes","floor":14,"turns":2},{"damage":18,"enemies":"Slime Boss","floor":16,"turns":7},{"damage":16,"enemies":"Spheric Guardian","floor":18,"turns":4},{"damage":6,"enemies":"Shell Parasite","floor":19,"turns":5},{"damage":32,"enemies":"Sentry and Sphere","floor":20,"turns":7},{"damage":14,"enemies":"Shelled Parasite and Fungi","floor":21,"turns":3}],"seed_played":"-8267046366528490994","potions_obtained":[{"floor":1,"key":"BlessingOfTheForge"},{"floor":7,"key":"Swift Potion"},{"floor":12,"key":"Fire Potion"}],"is_trial":false,"path_per_floor":["M","?","?","?","M","R","E","R","T","M","E","M","M","M","R","B",null,"M","M","M","M"],"character_chosen":"DEFECT","items_purchased":[],"campfire_rested":2,"item_purchase_floors":[],"current_hp_per_floor":[64,47,47,47,44,44,21,42,42,42,14,14,14,10,31,15,57,43,39,9,0],"gold":330,"neow_bonus":"THREE_RARE_CARDS","is_prod":false,"is_daily":false,"chose_seed":false,"campfire_upgraded":1,"win_rate":0,"timestamp":1572057743,"path_taken":["M","?","?","?","M","R","E","R","T","M","E","M","M","M","R","BOSS","M","M","M","M"],"build_version":"2019-10-25-V3","purchased_purges":0,"victory":false,"max_hp_per_floor":[71,71,71,71,71,71,71,71,71,71,71,71,71,71,71,71,71,71,71,71,71],"card_choices":[{"not_picked":["Echo Form","Machine Learning"],"picked":"Hyperbeam","floor":0},{"not_picked":["Static Discharge","Redo"],"picked":"Leap","floor":1},{"not_picked":["Doom and Gloom","Compile Driver"],"picked":"Sweeping Beam","floor":5},{"not_picked":["Turbo","Stack"],"picked":"Conserve Battery","floor":7},{"not_picked":["Rebound","Compile Driver"],"picked":"Go for the Eyes","floor":10},{"not_picked":["Lockon","Go for the Eyes"],"picked":"Gash","floor":11},{"not_picked":["Ball Lightning","Rainbow","Leap"],"picked":"SKIP","floor":12},{"not_picked":["Capacitor","Compile Driver","Tempest"],"picked":"SKIP","floor":13},{"not_picked":["Stack","Turbo"],"picked":"Undo","floor":14},{"not_picked":["Creative AI","Reboot"],"picked":"Echo Form","floor":16},{"not_picked":["Rebound","Melter"],"picked":"Beam Cell+1","floor":18},{"not_picked":["Melter","Chill"],"picked":"Streamline+1","floor":19},{"not_picked":["Darkness","Streamline","BootSequence"],"picked":"SKIP","floor":20}],"player_experience":537514,"relics_obtained":[{"floor":7,"key":"Tiny Chest"},{"floor":9,"key":"DataDisk"},{"floor":11,"key":"Blood Vial"}],"event_choices":[{"damage_healed":0,"gold_gain":0,"player_choice":"Take Damage","damage_taken":17,"relics_obtained":["Golden Idol"],"max_hp_gain":0,"max_hp_loss":0,"event_name":"Golden Idol","floor":2,"gold_loss":0},{"damage_healed":0,"gold_gain":0,"player_choice":"Grow","damage_taken":0,"max_hp_gain":0,"max_hp_loss":0,"event_name":"Living Wall","floor":3,"gold_loss":0,"cards_upgraded":["Hyperbeam"]},{"cards_removed":["Dualcast"],"damage_healed":0,"gold_gain":0,"player_choice":"Offered Basic","damage_taken":0,"max_hp_gain":0,"max_hp_loss":0,"event_name":"Bonfire Elementals","floor":4,"gold_loss":0}],"is_beta":true,"boss_relics":[{"not_picked":["Black Star","Runic Pyramid"],"picked":"Fusion Hammer"}],"items_purged_floors":[],"is_endless":false,"potions_floor_spawned":[1,7,12],"killed_by":"Shelled Parasite and Fungi","ascension_level":14}