{"gold_per_floor":[115,115,134,45,59,92,92,119,145,184,208,220,232,312,324,413,425,447,509,534,561,573,585,632,644,656,668,109,120,120,120,120,193,193,210,210,224,243,257,257,275,275],"floor_reached":42,"playtime":2253,"items_purged":["Bite"],"score":830,"play_id":"87271840-4724-4f15-8dad-b24d7d70578c","local_time":"20190513193530","is_ascension_mode":true,"campfire_choices":[{"data":"Sunder","floor":7.0,"key":"SMITH"},{"floor":13,"key":"REST"},{"data":"Static Discharge","floor":15,"key":"SMITH"},{"floor":23,"key":"REST"},{"floor":27,"key":"REST"},{"floor":30,"key":"RECALL"},{"floor":32,"key":"REST"},{"floor":40,"key":"REST"}],"neow_cost":"NONE","seed_source_timestamp":0,"circlet_count":0,"master_deck":["AscendersBane","Defend_B+1","Defend_B+1","Defend_B+1","Defend_B+1","Zap","Dualcast","Sunder+1","Static Discharge+1","Beam Cell","Sweeping Beam+1","Chill","Gash","Amplify","Biased Cognition","Leap","Bite","Bite","Bite","Static Discharge","Heatsinks+1","Creative AI","Buffer","Stack+1","Self Repair","Parasite","Coolheaded"],"special_seed":0,"relics":["Cracked Core","NeowsBlessing","Bag of Preparation","MawBank","Whetstone","Cables","Fusion Hammer","Symbiotic Virus","Gremlin Horn","Strawberry","Nuclear Battery"],"potions_floor_usage":[24,24,33],"damage_taken":[{"damage":0.0,"enemies":"Jaw Worm","floor":1.0,"turns":1.0},{"damage":0.0,"enemies":"Cultist","floor":3.0,"turns":1.0},{"damage":0.0,"enemies":"Small Slimes","floor":5.0,"turns":1.0},{"damage":25.0,"enemies":"Lagavulin","floor":6.0,"turns":7.0},{"damage":20.0,"enemies":"3 Sentries","floor":8.0,"turns":5.0},{"damage":0.0,"enemies":"Lagavulin","floor":10.0,"turns":5.0},{"damage":4.0,"enemies":"Exordium Wildlife","floor":11.0,"turns":3.0},{"damage":25,"enemies":"The Guardian","floor":16,"turns":6},{"damage":14,"enemies":"Shell Parasite","floor":18,"turns":3},{"damage":5,"enemies":"Chosen","floor":20,"turns":2},{"damage":27,"enemies":"Snecko","floor":21,"turns":3},{"damage":20,"enemies":"Gremlin Leader","floor":24,"turns":5},{"damage":12,"enemies":"Chosen and Byrds","floor":29,"turns":4},{"damage":59,"enemies":"Automaton","floor":33,"turns":8},{"damage":25,"enemies":"3 Darklings","floor":35,"turns":4},{"damage":8,"enemies":"Orb Walker","floor":37,"turns":3},{"damage":14,"enemies":"Spire Growth","floor":38,"turns":5},{"damage":0,"enemies":"Maw","floor":39,"turns":7},{"damage":22,"enemies":"Writhing Mass","floor":41,"turns":8},{"damage":75,"enemies":"Reptomancer","floor":42,"turns":3}],"seed_played":"-3030636275839904991","potions_obtained":[{"floor":8.0,"key":"AttackPotion"},{"floor":10.0,"key":"Swift Potion"},{"floor":16,"key":"Weak Potion"},{"floor":21,"key":"Regen Potion"},{"floor":24,"key":"EssenceOfSteel"},{"floor":29,"key":"Block Potion"},{"floor":33,"key":"Ancient Potion"},{"floor":41,"key":"Block Potion"}],"is_trial":false,"path_per_floor":["M","?","M","$","M","E","R","E","T","E","M","$","R","T","R","B",null,"M","?","M","M","?","R","E","?","T","R","$","M","R","?","R","B",null,"M","?","M","M","M","R","M","E"],"character_chosen":"DEFECT","items_purchased":["Static Discharge","Gremlin Horn","Static Discharge","Strawberry"],"campfire_rested":5,"item_purchase_floors":[4,28,28,28],"current_hp_per_floor":[64,64,64,64,64,39,39,21,21,23,21,21,42,42,42,19,58,46,46,43,18,18,39,35,35,35,56,63,61,61,61,78,31,66,45,78,72,60,70,78,69,0],"gold":275,"neow_bonus":"THREE_ENEMY_KILL","is_prod":false,"is_daily":false,"chose_seed":false,"campfire_upgraded":2,"win_rate":0,"timestamp":1557801330,"path_taken":["M","?","?","$","M","E","R","E","T","E","M","?","R","?","R","BOSS","M","?","M","?","?","R","E","?","T","R","?","?","R","?","R","BOSS","M","?","?","M","M","R","M","E"],"build_version":"2019-01-23","purchased_purges":1,"victory":false,"max_hp_per_floor":[71,71,71,71,71,71,71,71,71,71,71,71,71,71,71,71,71,71,71,71,71,71,71,71,71,71,71,78,78,78,78,78,78,78,78,78,78,78,78,78,78,78],"card_choices":[{"not_picked":["Leap","Fusion"],"picked":"Sunder","floor":1.0},{"not_picked":["Streamline","Lockon"],"picked":"Beam Cell","floor":3.0},{"not_picked":["Streamline","Melter"],"picked":"Beam Cell","floor":5.0},{"not_picked":["Steam","White Noise"],"picked":"Sweeping Beam","floor":6.0},{"not_picked":["Barrage","Streamline"],"picked":"Chill","floor":8.0},{"not_picked":["Sweeping Beam","Rebound","Reboot"],"picked":"SKIP","floor":10.0},{"not_picked":["Sweeping Beam","Stack"],"picked":"Gash","floor":11.0},{"not_picked":["Hyperbeam","Meteor Strike"],"picked":"Amplify","floor":16},{"not_picked":["Stack","Compile Driver","Blizzard"],"picked":"SKIP","floor":18},{"not_picked":["Beam Cell","Tempest"],"picked":"Biased Cognition","floor":20},{"not_picked":["Blizzard","Skim","Rebound"],"picked":"SKIP","floor":21},{"not_picked":["Rebound","Turbo"],"picked":"Leap","floor":24},{"not_picked":["Cold Snap","Auto Shields"],"picked":"Heatsinks+1","floor":29},{"not_picked":["Rainbow","Amplify"],"picked":"Buffer","floor":33},{"not_picked":["Compile Driver","Barrage+1","Tempest"],"picked":"SKIP","floor":35},{"not_picked":["Leap","Doom and Gloom","All For One"],"picked":"SKIP","floor":37},{"not_picked":["Beam Cell","Rebound"],"picked":"Stack+1","floor":38},{"not_picked":["Redo","Storm"],"picked":"Self Repair","floor":39},{"not_picked":["Streamline","Ball Lightning+1"],"picked":"Coolheaded","floor":41}],"player_experience":482824,"relics_obtained":[{"floor":6.0,"key":"Blood Vial"},{"floor":8.0,"key":"Bag of Preparation"},{"floor":9.0,"key":"MawBank"},{"floor":10.0,"key":"Whetstone"},{"floor":14,"key":"Cables"},{"floor":24,"key":"Symbiotic Virus"}],"event_choices":[{"cards_removed":["Strike_B"],"damage_healed":0.0,"max_hp_gain":0.0,"max_hp_loss":0.0,"gold_gain":0.0,"event_name":"Purifier","player_choice":"Purged","floor":2.0,"gold_loss":0.0,"damage_taken":0.0},{"damage_healed":0,"gold_gain":100,"player_choice":"Bet on Murderer","damage_taken":0,"max_hp_gain":0,"max_hp_loss":0,"event_name":"The Joust","floor":19,"gold_loss":50},{"damage_healed":0,"gold_gain":0,"player_choice":"Simplicity","damage_taken":0,"max_hp_gain":0,"max_hp_loss":0,"event_name":"Back to Basics","floor":22,"gold_loss":0,"cards_upgraded":["Strike_B","Strike_B","Defend_B","Defend_B","Defend_B","Defend_B"]},{"damage_healed":0,"gold_gain":0,"player_choice":"Became a vampire (Vial)","damage_taken":0,"max_hp_gain":0,"max_hp_loss":0,"event_name":"Vampires","floor":25,"relics_lost":["Blood Vial"],"gold_loss":0,"cards_obtained":["Bite","Bite","Bite","Bite","Bite"]},{"damage_healed":0,"gold_gain":0,"cards_transformed":["Bite","Beam Cell"],"player_choice":"Became Test Subject","damage_taken":0,"max_hp_gain":0,"max_hp_loss":0,"event_name":"Drug Dealer","floor":31,"gold_loss":0,"cards_obtained":["Blind","Creative AI"]},{"cards_removed":["Blind"],"damage_healed":33,"gold_gain":0,"player_choice":"Offered Uncommon","damage_taken":0,"max_hp_gain":0,"max_hp_loss":0,"event_name":"Bonfire Elementals","floor":36,"gold_loss":0}],"is_beta":false,"boss_relics":[{"not_picked":["Cursed Key","Ectoplasm"],"picked":"Fusion Hammer"},{"not_picked":["Lizard Tail","FrozenCore"],"picked":"Nuclear Battery"}],"items_purged_floors":[28],"is_endless":false,"potions_floor_spawned":[8,10,16,21,24,29,33,41],"killed_by":"Reptomancer","ascension_level":16}