{"gold_per_floor":[113,125,139,214,225,259,279,279],"floor_reached":8,"playtime":975,"items_purged":[],"score":84,"play_id":"031280b5-cf08-4302-bf44-cab2c7e0143a","local_time":"20191015111123","is_ascension_mode":true,"campfire_choices":[],"neow_cost":"NONE","seed_source_timestamp":2711886085564300,"circlet_count":0,"master_deck":["Strike_P","Strike_P","Strike_P","Strike_P","Defend_P","Defend_P","Defend_P","Defend_P","Eruption","Vigilance","CutThroughFate","Nirvana","ThirdEye","Fasting2","Devotion","ThirdEye"],"special_seed":0,"relics":["Velvet Choker","Pear"],"potions_floor_usage":[],"damage_taken":[{"damage":6.0,"enemies":"Small Slimes","floor":1.0,"turns":4.0},{"damage":1.0,"enemies":"Cultist","floor":2.0,"turns":4.0},{"damage":0.0,"enemies":"2 Louse","floor":3.0,"turns":3.0},{"damage":0.0,"enemies":"2 Fungi Beasts","floor":5.0,"turns":4.0},{"damage":21.0,"enemies":"Lagavulin","floor":6.0,"turns":7.0},{"damage":13,"enemies":"Red Slaver","floor":7,"turns":5},{"damage":7,"enemies":"3 Sentries","floor":8,"turns":3}],"seed_played":"-6147530770227535580","potions_obtained":[{"floor":6.0,"key":"Explosive Potion"}],"is_trial":false,"path_per_floor":["M","M","M","?","M","E","M","E"],"character_chosen":"WATCHER","items_purchased":[],"campfire_rested":0,"item_purchase_floors":[],"current_hp_per_floor":[59,58,58,51,51,40,27,20],"gold":279,"neow_bonus":"BOSS_RELIC","is_prod":false,"is_daily":false,"chose_seed":false,"campfire_upgraded":0,"win_rate":0,"timestamp":1571130683,"path_taken":["M","M","M","?","M","E","M","E"],"build_version":"2019-10-14","purchased_purges":0,"victory":false,"max_hp_per_floor":[72,72,72,72,72,82,82,82],"card_choices":[{"not_picked":["ClearTheMind","Crescendo"],"picked":"CutThroughFate","floor":1.0},{"not_picked":["EmptyFist","JustLucky"],"picked":"Nirvana","floor":2.0},{"not_picked":["FollowUp","ReachHeaven"],"picked":"ThirdEye","floor":3.0},{"not_picked":["CutThroughFate","SignatureMove"],"picked":"Fasting2","floor":5.0},{"not_picked":["Tantrum","Sanctity"],"picked":"Devotion","floor":6.0},{"not_picked":["Meditate","SashWhip"],"picked":"ThirdEye","floor":7}],"player_experience":483840,"relics_obtained":[{"floor":6.0,"key":"Pear"}],"event_choices":[{"damage_healed":0.0,"max_hp_gain":0.0,"max_hp_loss":0.0,"gold_gain":75.0,"event_name":"FaceTrader","player_choice":"Touch","floor":4.0,"gold_loss":0.0,"damage_taken":7.0}],"is_beta":true,"boss_relics":[],"items_purged_floors":[],"is_endless":false,"potions_floor_spawned":[6],"killed_by":"3 Sentries","ascension_level":8}