{"gold_per_floor":[112,126,53,53,70,70,97,159,159,84,84],"floor_reached":11,"playtime":425,"items_purged":["Strike_B"],"score":121,"play_id":"68ef333d-aae5-4203-a2c8-b53a8722477e","local_time":"20191026035250","is_ascension_mode":true,"campfire_choices":[{"data":"Defragment","floor":6,"key":"SMITH"}],"neow_cost":"NONE","seed_source_timestamp":3636590500351500,"circlet_count":0,"master_deck":["AscendersBane","Strike_B","Strike_B","Strike_B","Defend_B","Defend_B","Defend_B","Defend_B","Zap","Dualcast","Seek","Compile Driver","Streamline","Defragment+1","Glacier","Loop"],"relics":["Cracked Core","Letter Opener","Kunai","Gremlin Horn"],"potions_floor_usage":[7,8],"damage_taken":[{"damage":4,"enemies":"2 Louse","floor":1,"turns":2},{"damage":14,"enemies":"Jaw Worm","floor":2,"turns":4},{"damage":1,"enemies":"Cultist","floor":5,"turns":3},{"damage":35,"enemies":"3 Sentries","floor":7,"turns":7},{"damage":0,"enemies":"3 Sentries","floor":8,"turns":7},{"damage":17,"enemies":"Gremlin Nob","floor":11,"turns":3}],"seed_played":"-4544228139791550531","potions_obtained":[{"floor":5,"key":"EssenceOfDarkness"},{"floor":7,"key":"Energy Potion"}],"is_trial":false,"path_per_floor":["M","M","$","?","M","R","E","?","T","$","E"],"character_chosen":"DEFECT","items_purchased":["Defragment"],"campfire_rested":0,"item_purchase_floors":[3],"current_hp_per_floor":[60,46,46,51,50,50,15,15,15,15,0],"gold":84,"neow_bonus":"ONE_RANDOM_RARE_CARD","is_prod":false,"is_daily":false,"chose_seed":false,"campfire_upgraded":1,"win_rate":0,"timestamp":1572054770,"path_taken":["M","M","$","?","M","R","E","?","T","$","E"],"build_version":"2019-10-25-V3","purchased_purges":1,"victory":false,"max_hp_per_floor":[71,71,71,76,76,76,76,76,76,76,76],"card_choices":[{"not_picked":["Beam Cell","Steam"],"picked":"Compile Driver","floor":1},{"not_picked":["Barrage","Go for the Eyes"],"picked":"Streamline","floor":2},{"not_picked":["Streamline","Stack","Blizzard"],"picked":"SKIP","floor":5},{"not_picked":["Hello World","Melter"],"picked":"Glacier","floor":7},{"not_picked":["White Noise","Barrage"],"picked":"Loop","floor":8}],"player_experience":534941,"relics_obtained":[{"floor":7,"key":"Letter Opener"},{"floor":9,"key":"Gremlin Horn"}],"event_choices":[{"damage_healed":0,"gold_gain":0,"player_choice":"Donut","damage_taken":0,"max_hp_gain":5,"max_hp_loss":0,"event_name":"Big Fish","floor":4,"gold_loss":0},{"damage_healed":0,"gold_gain":0,"player_choice":"Searched \u00272\u0027 times","damage_taken":0,"relics_obtained":["Kunai"],"max_hp_gain":0,"max_hp_loss":0,"event_name":"Dead Adventurer","floor":8,"gold_loss":0}],"is_beta":true,"boss_relics":[],"items_purged_floors":[10],"is_endless":false,"potions_floor_spawned":[5,7],"killed_by":"Gremlin Nob","ascension_level":14}