{"gold_per_floor":[111,129,139,414,434,468,468,501,501,26,26,26,26,38,38,112,112,125,145,174,174,174,174,89,1,71,71,82,82,82],"floor_reached":30,"playtime":886,"items_purged":["Regret","Writhe"],"score":472,"play_id":"2aa93644-fb6d-46e0-b172-041e48126c3c","local_time":"20191021170832","is_ascension_mode":true,"campfire_choices":[{"data":"Hyperbeam","floor":7,"key":"SMITH"},{"floor":11,"key":"REST"},{"data":"Sunder","floor":13,"key":"SMITH"},{"data":"Barrage","floor":15,"key":"SMITH"},{"floor":23,"key":"REST"},{"data":"Fusion","floor":27,"key":"SMITH"}],"neow_cost":"NONE","seed_source_timestamp":778565390264500,"circlet_count":0,"master_deck":["AscendersBane","Strike_B","Strike_B","Strike_B","Strike_B","Defend_B","Defend_B","Defend_B","Defend_B","Zap","Dualcast","Undo","Chill","Hyperbeam+1","Conserve Battery","Go for the Eyes","Barrage+1","Self Repair","Sunder+1","Undo","Fusion+1","Coolheaded","Shame","Static Discharge"],"relics":["Cracked Core","Dream Catcher","Bottled Lightning","WingedGreaves","Letter Opener","DataDisk","Art of War","Cursed Key","Red Mask","Pantograph","Enchiridion","MawBank","The Courier"],"potions_floor_usage":[5,8,16],"damage_taken":[{"damage":15,"enemies":"Small Slimes","floor":1,"turns":4},{"damage":4,"enemies":"Cultist","floor":2,"turns":5},{"damage":1,"enemies":"2 Louse","floor":3,"turns":3},{"damage":3,"enemies":"Exordium Wildlife","floor":5,"turns":2},{"damage":25,"enemies":"Lagavulin","floor":6,"turns":9},{"damage":13,"enemies":"3 Sentries","floor":8,"turns":7},{"damage":0,"enemies":"Looter","floor":14,"turns":3},{"damage":30,"enemies":"Hexaghost","floor":16,"turns":12},{"damage":15,"enemies":"Spheric Guardian","floor":18,"turns":5},{"damage":7,"enemies":"2 Thieves","floor":19,"turns":3},{"damage":0,"enemies":"Masked Bandits","floor":20,"turns":2},{"damage":10,"enemies":"Centurion and Healer","floor":28,"turns":8},{"damage":44,"enemies":"Slavers","floor":30,"turns":4}],"seed_played":"-7629928367547153740","potions_obtained":[{"floor":1,"key":"SpeedPotion"},{"floor":2,"key":"Fire Potion"},{"floor":8,"key":"Block Potion"}],"is_trial":false,"path_per_floor":["M","M","M","?","M","E","R","E","T","$","R","$","R","M","R","B",null,"M","M","?","?","?","R","?","$","T","R","M","$","E"],"character_chosen":"DEFECT","items_purchased":["DataDisk","Self Repair","Art of War"],"campfire_rested":2,"item_purchase_floors":[10,10,10],"current_hp_per_floor":[49,45,44,44,41,16,16,3,3,3,24,24,24,31,31,8,55,47,40,40,40,19,40,40,40,40,40,37,37,0],"gold":82,"neow_bonus":"RANDOM_COMMON_RELIC","is_prod":false,"is_daily":false,"chose_seed":false,"campfire_upgraded":4,"win_rate":0,"timestamp":1571702912,"path_taken":["M","M","M","?","M","E","R","E","T","$","R","?","R","?","R","BOSS","M","M","?","?","?","R","?","$","T","R","M","?","E"],"build_version":"2019-07-17","purchased_purges":2,"victory":false,"max_hp_per_floor":[71,71,71,71,71,71,71,71,71,71,71,71,71,71,71,71,71,71,71,71,71,71,71,71,71,71,71,71,71,71],"card_choices":[{"not_picked":["Redo","Rebound"],"picked":"Undo","floor":1},{"not_picked":["Redo","Rebound"],"picked":"Chill","floor":2},{"not_picked":["Redo","Streamline"],"picked":"Hyperbeam","floor":3},{"not_picked":["Steam","White Noise"],"picked":"Conserve Battery","floor":5},{"not_picked":["Reprogram","Barrage"],"picked":"Go for the Eyes","floor":6},{"not_picked":["Turbo","Go for the Eyes"],"picked":"Barrage","floor":8},{"not_picked":["Leap","Meteor Strike"],"picked":"Sunder","floor":11},{"not_picked":["Coolheaded","Chaos"],"picked":"Undo","floor":14},{"not_picked":["Streamline","Sweeping Beam"],"picked":"Fusion","floor":18},{"not_picked":["Barrage","Gash","Lockon"],"picked":"SKIP","floor":19},{"not_picked":["Redo+1","Barrage"],"picked":"Coolheaded","floor":20},{"not_picked":["Redo","Hologram"],"picked":"Static Discharge","floor":28}],"player_experience":878796,"relics_obtained":[{"floor":6,"key":"Bottled Lightning"},{"floor":8,"key":"WingedGreaves"},{"floor":9,"key":"Letter Opener"},{"floor":20,"key":"Red Mask"},{"floor":22,"key":"Enchiridion"},{"floor":26,"key":"The Courier"}],"event_choices":[{"damage_healed":0,"gold_gain":275,"player_choice":"Desecrate","damage_taken":0,"max_hp_gain":0,"max_hp_loss":0,"event_name":"Golden Shrine","floor":4,"gold_loss":0,"cards_obtained":["Regret"]},{"damage_healed":0,"gold_gain":0,"player_choice":"Fought Bandits","damage_taken":0,"max_hp_gain":0,"max_hp_loss":0,"event_name":"Masked Bandits","floor":20,"gold_loss":0},{"damage_healed":0,"gold_gain":0,"player_choice":"Opened","damage_taken":0,"relics_obtained":["Pantograph"],"max_hp_gain":0,"max_hp_loss":0,"event_name":"The Mausoleum","floor":21,"gold_loss":0,"cards_obtained":["Writhe"]},{"damage_healed":0,"gold_gain":0,"player_choice":"Obtained Book","damage_taken":21,"max_hp_gain":0,"max_hp_loss":0,"event_name":"Cursed Tome","floor":22,"gold_loss":0},{"damage_healed":0,"gold_gain":0,"player_choice":"Obtained Relic","damage_taken":0,"relics_obtained":["MawBank"],"max_hp_gain":0,"max_hp_loss":0,"event_name":"Addict","floor":24,"gold_loss":85}],"is_beta":false,"boss_relics":[{"not_picked":["Tiny House","Empty Cage"],"picked":"Cursed Key"}],"items_purged_floors":[10,25],"is_endless":false,"potions_floor_spawned":[1,2,8],"killed_by":"Slavers","ascension_level":20}