{"gold_per_floor":[112,112,112,125,138,138,152,152,152,152,166,166,179,102,102,179,179,189,189,200,218,49,49,49],"floor_reached":24,"playtime":1187,"items_purged":[],"score":376,"play_id":"8fb19db3-dda4-433e-89dc-cca6e5166970","local_time":"20191021162236","is_ascension_mode":true,"campfire_choices":[{"data":"Defragment","floor":6,"key":"SMITH"},{"data":"Reinforced Body","floor":8,"key":"SMITH"},{"data":"Creative AI","floor":15,"key":"SMITH"},{"floor":23,"key":"REST"}],"neow_cost":"NONE","seed_source_timestamp":775507130858500,"circlet_count":0,"master_deck":["AscendersBane","Defend_B","Defend_B","Defend_B+1","Defend_B+1","Zap","Dualcast","Cold Snap","Defragment+1","Reinforced Body+1","Conserve Battery","Hologram+1","Seek","Creative AI+1","Electrodynamics","Buffer+1","Fusion+1","Double Energy+1","Heatsinks+1","Coolheaded"],"relics":["White Beast Statue","Peace Pipe","Astrolabe","Regal Pillow"],"potions_floor_usage":[5,11,13,16,18,21,24],"damage_taken":[{"damage":2,"enemies":"Small Slimes","floor":1,"turns":4},{"damage":6,"enemies":"2 Louse","floor":4,"turns":2},{"damage":1,"enemies":"Cultist","floor":5,"turns":4},{"damage":6,"enemies":"3 Louse","floor":7,"turns":6},{"damage":11,"enemies":"Large Slime","floor":11,"turns":8},{"damage":0,"enemies":"Looter","floor":13,"turns":4},{"damage":17,"enemies":"The Guardian","floor":16,"turns":14},{"damage":18,"enemies":"3 Byrds","floor":18,"turns":4},{"damage":0,"enemies":"Chosen","floor":20,"turns":7},{"damage":3,"enemies":"Shelled Parasite and Fungi","floor":21,"turns":13},{"damage":81,"enemies":"Gremlin Leader","floor":24,"turns":6}],"seed_played":"-5763046470921175792","potions_obtained":[{"floor":1,"key":"Regen Potion"},{"floor":4,"key":"Regen Potion"},{"floor":5,"key":"Ancient Potion"},{"floor":7,"key":"FearPotion"},{"floor":11,"key":"SneckoOil"},{"floor":13,"key":"Poison Potion"},{"floor":16,"key":"SpeedPotion"},{"floor":18,"key":"Block Potion"},{"floor":21,"key":"Regen Potion"}],"is_trial":false,"path_per_floor":["M","?","?","M","M","R","M","R","T","?","M","?","M","$","R","B",null,"M","?","M","M","$","R","E"],"character_chosen":"DEFECT","items_purchased":["Creative AI","Regal Pillow"],"campfire_rested":1,"item_purchase_floors":[14,22],"current_hp_per_floor":[62,55,60,54,65,65,59,59,59,36,40,40,40,40,40,23,63,45,23,23,20,20,59,0],"gold":49,"neow_bonus":"BOSS_RELIC","is_prod":false,"is_daily":false,"chose_seed":false,"campfire_upgraded":3,"win_rate":0,"timestamp":1571700156,"path_taken":["M","?","?","M","M","R","M","R","T","?","M","?","?","$","R","BOSS","M","?","M","M","$","R","E"],"build_version":"2019-07-17","purchased_purges":0,"victory":false,"max_hp_per_floor":[71,71,76,76,76,76,76,76,76,76,76,76,76,76,76,76,76,76,81,81,81,81,81,81],"card_choices":[{"not_picked":["Hologram","Compile Driver"],"picked":"Cold Snap","floor":1},{"not_picked":["Ball Lightning","Turbo"],"picked":"Defragment","floor":4},{"not_picked":["Barrage","Tempest"],"picked":"Reinforced Body","floor":5},{"not_picked":["Redo","Hologram"],"picked":"Conserve Battery","floor":7},{"not_picked":["Steam","Rip and Tear"],"picked":"Hologram","floor":11},{"not_picked":["Leap","Tempest"],"picked":"Seek","floor":13},{"not_picked":["All For One","Fission"],"picked":"Electrodynamics","floor":16},{"not_picked":["Beam Cell","Aggregate"],"picked":"Heatsinks+1","floor":18},{"not_picked":["Sweeping Beam","Steam","Compile Driver"],"picked":"SKIP","floor":20},{"not_picked":["Cold Snap","Streamline"],"picked":"Coolheaded","floor":21}],"player_experience":875796,"relics_obtained":[{"floor":9,"key":"Peace Pipe"}],"event_choices":[{"cards_removed":["Strike_B"],"damage_healed":0,"gold_gain":0,"player_choice":"Card Removal","damage_taken":7,"max_hp_gain":0,"max_hp_loss":0,"event_name":"Golden Wing","floor":2,"gold_loss":0},{"damage_healed":0,"gold_gain":0,"player_choice":"Donut","damage_taken":0,"max_hp_gain":5,"max_hp_loss":0,"event_name":"Big Fish","floor":3,"gold_loss":0},{"damage_healed":0,"gold_gain":0,"player_choice":"Entered Light","damage_taken":23,"max_hp_gain":0,"max_hp_loss":0,"event_name":"Shining Light","floor":10,"gold_loss":0,"cards_upgraded":["Defend_B","Defend_B"]},{"damage_healed":0,"gold_gain":0,"player_choice":"Upgraded","damage_taken":0,"max_hp_gain":0,"max_hp_loss":0,"event_name":"Upgrade Shrine","floor":12,"gold_loss":0,"cards_upgraded":["Hologram"]},{"damage_healed":0,"gold_gain":0,"player_choice":"Shed Blood","damage_taken":27,"max_hp_gain":5,"max_hp_loss":0,"event_name":"Forgotten Altar","floor":19,"gold_loss":0}],"is_beta":false,"boss_relics":[{"not_picked":["Eternal Feather","Ectoplasm"],"picked":"Astrolabe"}],"items_purged_floors":[],"is_endless":false,"potions_floor_spawned":[1,4,5,7,11,13,16,18,20,21],"killed_by":"Gremlin Leader","ascension_level":20}