{"gold_per_floor":[110,129,148,148,148,148,178,194,194,159,159,159,179,222,222,315,315,338,354,279,279,329,367,367],"floor_reached":24,"playtime":849,"items_purged":["Injury"],"score":448,"play_id":"ee7ece0a-2369-4b57-a800-a8742c1f4667","local_time":"20190818220026","is_ascension_mode":true,"campfire_choices":[{"floor":6.0,"key":"REST"},{"data":"Hologram","floor":11,"key":"SMITH"},{"data":"Zap","floor":15,"key":"SMITH"}],"neow_cost":"NONE","seed_source_timestamp":0,"circlet_count":0,"master_deck":["AscendersBane","Strike_B","Strike_B+1","Strike_B","Strike_B","Defend_B","Defend_B","Defend_B","Defend_B","Zap+1","Dualcast+1","Ball Lightning","Cold Snap","Hologram+1","Ball Lightning","Glacier","All For One","Biased Cognition","BootSequence","Stack","Necronomicurse","Melter"],"special_seed":0,"relics":["Velvet Choker","Anchor","Dream Catcher","Golden Idol","Runic Pyramid","Necronomicon","Boot"],"potions_floor_usage":[7,23,23],"damage_taken":[{"damage":0.0,"enemies":"2 Louse","floor":1.0,"turns":2.0},{"damage":9.0,"enemies":"Jaw Worm","floor":2.0,"turns":3.0},{"damage":0.0,"enemies":"Small Slimes","floor":3.0,"turns":3.0},{"damage":9,"enemies":"Gremlin Nob","floor":7,"turns":3},{"damage":15,"enemies":"3 Louse","floor":8,"turns":3},{"damage":0,"enemies":"Blue Slaver","floor":13,"turns":2},{"damage":3,"enemies":"3 Sentries","floor":14,"turns":6},{"damage":3,"enemies":"The Guardian","floor":16,"turns":11},{"damage":12,"enemies":"3 Byrds","floor":18,"turns":5},{"damage":0,"enemies":"Shell Parasite","floor":19,"turns":6},{"damage":31,"enemies":"Gremlin Leader","floor":23,"turns":7},{"damage":9,"enemies":"Snecko","floor":24,"turns":5}],"seed_played":"-5458833195475114457","potions_obtained":[{"floor":3.0,"key":"Strength Potion"},{"floor":16,"key":"Dexterity Potion"},{"floor":19,"key":"Fruit Juice"}],"is_trial":false,"path_per_floor":["M","M","M","?","$","R","E","M","T","?","R","?","M","E","R","B",null,"M","M","$","?","?","E","M"],"character_chosen":"DEFECT","items_purchased":[],"campfire_rested":1,"item_purchase_floors":[],"current_hp_per_floor":[64,55,55,34,34,55,46,31,31,48,48,48,48,45,45,42,64,52,52,52,31,31,5,0],"gold":367,"neow_bonus":"BOSS_RELIC","is_prod":false,"is_daily":false,"chose_seed":false,"campfire_upgraded":2,"win_rate":0,"timestamp":1566190826,"path_taken":["M","M","M","?","$","R","E","M","T","?","R","?","M","E","R","BOSS","M","M","$","?","?","E","M"],"build_version":"2019-07-17","purchased_purges":1,"victory":false,"max_hp_per_floor":[71,71,71,71,71,71,71,71,71,71,71,71,71,71,71,71,71,71,71,71,71,71,76,76],"card_choices":[{"not_picked":["Redo","Compile Driver"],"picked":"Ball Lightning","floor":1.0},{"not_picked":["Steam","Lockon"],"picked":"Cold Snap","floor":2.0},{"not_picked":["Gash","Leap"],"picked":"Hologram","floor":3.0},{"not_picked":["Tempest","Hello World"],"picked":"Ball Lightning","floor":7},{"not_picked":["Hologram","Go for the Eyes"],"picked":"Glacier","floor":8},{"not_picked":["Coolheaded","Turbo"],"picked":"All For One","floor":13},{"not_picked":["BootSequence","Turbo","Reprogram"],"picked":"SKIP","floor":14},{"not_picked":["Fission","Seek"],"picked":"Biased Cognition","floor":16},{"not_picked":["Leap","Beam Cell+1"],"picked":"BootSequence","floor":18},{"not_picked":["Go for the Eyes","Sweeping Beam"],"picked":"Stack","floor":19},{"not_picked":["Skim","Tempest"],"picked":"Melter","floor":23}],"player_experience":735382,"relics_obtained":[{"floor":7,"key":"Anchor"},{"floor":9,"key":"Dream Catcher"},{"floor":21,"key":"Necronomicon"},{"floor":23,"key":"Boot"}],"event_choices":[{"damage_healed":0.0,"max_hp_gain":0.0,"max_hp_loss":0.0,"gold_gain":0.0,"event_name":"Shining Light","player_choice":"Entered Light","floor":4.0,"gold_loss":0.0,"damage_taken":21.0,"cards_upgraded":["Dualcast","Strike_B"]},{"damage_healed":17,"gold_gain":0,"player_choice":"Healed","damage_taken":0,"max_hp_gain":0,"max_hp_loss":0,"event_name":"The Cleric","floor":10,"gold_loss":35},{"damage_healed":0,"gold_gain":0,"player_choice":"Take Wound","damage_taken":0,"relics_obtained":["Golden Idol"],"max_hp_gain":0,"max_hp_loss":0,"event_name":"Golden Idol","floor":12,"gold_loss":0,"cards_obtained":["Injury"]},{"damage_healed":0,"gold_gain":0,"player_choice":"Obtained Book","damage_taken":21,"max_hp_gain":0,"max_hp_loss":0,"event_name":"Cursed Tome","floor":21,"gold_loss":0},{"damage_healed":0,"gold_gain":50,"player_choice":"Pray","damage_taken":0,"max_hp_gain":0,"max_hp_loss":0,"event_name":"Golden Shrine","floor":22,"gold_loss":0}],"is_beta":false,"boss_relics":[{"not_picked":["Empty Cage","White Beast Statue"],"picked":"Runic Pyramid"}],"items_purged_floors":[20],"is_endless":false,"potions_floor_spawned":[3,16,19],"killed_by":"Snecko","ascension_level":20}