{"gold_per_floor":[118,393,413,563,581,607,607,634,634,472,505,505,518,538,538,615,615,634,275,275,45,45,59,86,86,86,86,106,138,138,166,178,266,278,303,32,32,51,51,80,93,127,153,172,22,36,47,47,47,47,47],"floor_reached":51,"playtime":2796,"items_purged":["Regret","Doubt","Writhe","Normality"],"score":1491,"play_id":"6b0b64e9-18b8-4e4e-8edb-99da4dae551f","local_time":"20190712170809","is_ascension_mode":true,"campfire_choices":[{"data":"Auto Shields","floor":7,"key":"SMITH"},{"floor":12,"key":"REST"},{"data":"Hello World","floor":15,"key":"SMITH"},{"floor":27,"key":"REST"},{"floor":30,"key":"REST"},{"floor":32,"key":"REST"},{"floor":49,"key":"RECALL"}],"neow_cost":"NONE","seed_source_timestamp":107803093229110,"circlet_count":0,"master_deck":["AscendersBane","Strike_B+1","Defend_B+1","Defend_B+1","Defend_B+1","Defend_B+1","Zap","Dualcast","Ball Lightning","Ball Lightning","Auto Shields+1","Steam","Conserve Battery","Glacier","Echo Form","Doom and Gloom+1","FTL+1","Biased Cognition+1","Compile Driver+1","Self Repair","Echo Form","Stack","Turbo","Heatsinks","Capacitor","Seek","Conserve Battery","Self Repair","Buffer","Cold Snap+1","Hologram","Capacitor+1","Stack"],"relics":["Cracked Core","NeowsBlessing","Happy Flower","Mummified Hand","Art of War","StoneCalendar","Astrolabe","Vajra","DollysMirror","Ancient Tea Set","Torii","FaceOfCleric","Nunchaku","Bag of Marbles","MawBank","Cursed Key","Bag of Preparation","Calipers","Molten Egg 2","Peace Pipe"],"potions_floor_usage":[8,8,11,16,24,31,33,47],"damage_taken":[{"damage":0,"enemies":"Jaw Worm","floor":1,"turns":1},{"damage":0,"enemies":"Cultist","floor":3,"turns":1},{"damage":0,"enemies":"Small Slimes","floor":5,"turns":1},{"damage":43,"enemies":"3 Sentries","floor":6,"turns":6},{"damage":5,"enemies":"Gremlin Nob","floor":8,"turns":3},{"damage":8,"enemies":"3 Sentries","floor":11,"turns":5},{"damage":0,"enemies":"3 Louse","floor":13,"turns":3},{"damage":0,"enemies":"2 Fungi Beasts","floor":14,"turns":3},{"damage":22,"enemies":"Slime Boss","floor":16,"turns":7},{"damage":7,"enemies":"Spheric Guardian","floor":18,"turns":6},{"damage":18,"enemies":"Shell Parasite","floor":23,"turns":6},{"damage":27,"enemies":"Gremlin Leader","floor":24,"turns":4},{"damage":0,"enemies":"3 Cultists","floor":28,"turns":7},{"damage":34,"enemies":"Slavers","floor":29,"turns":5},{"damage":24,"enemies":"Gremlin Leader","floor":31,"turns":5},{"damage":39,"enemies":"Collector","floor":33,"turns":8},{"damage":42,"enemies":"3 Darklings","floor":35,"turns":7},{"damage":0,"enemies":"3 Shapes","floor":38,"turns":7},{"damage":7,"enemies":"Nemesis","floor":40,"turns":9},{"damage":0,"enemies":"Maw","floor":41,"turns":8},{"damage":33,"enemies":"Reptomancer","floor":42,"turns":7},{"damage":23,"enemies":"4 Shapes","floor":44,"turns":6},{"damage":17,"enemies":"3 Darklings","floor":46,"turns":7},{"damage":36,"enemies":"Transient","floor":47,"turns":6},{"damage":43,"enemies":"Time Eater","floor":50,"turns":13},{"damage":63,"enemies":"Awakened One","floor":51,"turns":4}],"seed_played":"-3409378582570262863","potions_obtained":[{"floor":1,"key":"AttackPotion"},{"floor":5,"key":"SteroidPotion"},{"floor":8,"key":"Block Potion"},{"floor":16,"key":"Fire Potion"},{"floor":18,"key":"GamblersBrew"},{"floor":31,"key":"Energy Potion"},{"floor":35,"key":"FocusPotion"},{"floor":38,"key":"Dexterity Potion"}],"is_trial":false,"path_per_floor":["M","?","M","?","M","E","R","E","T","$","E","R","M","M","R","B",null,"M","$","?","$","?","M","E","?","T","R","M","E","R","E","R","B",null,"M","$","?","M","?","E","M","E","T","M","$","M","M","?","R","B","B"],"character_chosen":"DEFECT","items_purchased":["FocusPotion","Self Repair","Vajra","DollysMirror","Bag of Preparation"],"campfire_rested":4,"item_purchase_floors":[10,19,19,21,36],"current_hp_per_floor":[64,64,64,64,64,21,21,16,16,16,8,29,29,29,29,7,55,48,48,48,48,48,44,17,17,17,38,39,20,41,18,40,9,59,32,32,32,47,47,62,79,61,61,39,39,51,30,68,68,47,0],"gold":47,"neow_bonus":"THREE_ENEMY_KILL","is_prod":false,"is_daily":false,"chose_seed":false,"campfire_upgraded":2,"win_rate":0,"timestamp":1562976489,"path_taken":["M","?","?","?","M","E","R","E","T","$","E","R","M","M","R","BOSS","M","$","?","$","?","M","E","?","T","R","M","E","R","E","R","BOSS","M","$","?","M","?","E","M","E","T","M","$","?","M","?","R","BOSS","BOSS"],"build_version":"2019-07-05","purchased_purges":4,"victory":false,"max_hp_per_floor":[71,71,71,71,71,71,71,71,71,71,71,71,71,71,71,71,71,71,71,71,71,71,71,71,71,71,71,72,73,73,74,74,75,75,76,76,76,77,77,78,79,80,80,81,81,82,83,68,68,69,69],"card_choices":[{"not_picked":["Rip and Tear","Double Energy"],"picked":"Ball Lightning","floor":1},{"not_picked":["Cold Snap","Leap"],"picked":"Ball Lightning","floor":3},{"not_picked":["Leap","Go for the Eyes"],"picked":"Doom and Gloom","floor":5},{"not_picked":["Chaos","Redo"],"picked":"Auto Shields","floor":6},{"not_picked":["Streamline","Melter"],"picked":"Hello World","floor":8},{"not_picked":["Sweeping Beam","Consume"],"picked":"Steam","floor":11},{"not_picked":["Sweeping Beam","Blizzard"],"picked":"Conserve Battery","floor":13},{"not_picked":["Leap","Melter"],"picked":"Glacier","floor":14},{"not_picked":["Rainbow","Fission"],"picked":"Echo Form","floor":16},{"not_picked":["Streamline","Stack"],"picked":"Compile Driver+1","floor":18},{"not_picked":["Consume","Compile Driver"],"picked":"Stack","floor":23},{"not_picked":["Amplify","Redo"],"picked":"Turbo","floor":24},{"not_picked":["Compile Driver","Scrape"],"picked":"Heatsinks","floor":28},{"not_picked":["Turbo","Double Energy","Aggregate"],"picked":"SKIP","floor":29},{"not_picked":["FTL+1","Ball Lightning"],"picked":"Capacitor","floor":31},{"not_picked":["Multi-Cast","Reboot"],"picked":"Seek","floor":33},{"not_picked":["Steam Power","Turbo"],"picked":"Conserve Battery","floor":35},{"not_picked":["Conserve Battery","Hologram"],"picked":"Self Repair","floor":38},{"not_picked":["Hologram","Rip and Tear"],"picked":"Buffer","floor":40},{"not_picked":["Lockon+1","Steam","Turbo"],"picked":"SKIP","floor":41},{"not_picked":["Ball Lightning+1","Aggregate"],"picked":"Cold Snap+1","floor":42},{"not_picked":["Barrage+1","Beam Cell+1"],"picked":"Hologram","floor":44},{"not_picked":["Double Energy","Biased Cognition"],"picked":"Capacitor+1","floor":46},{"not_picked":["Streamline+1","Darkness"],"picked":"Stack","floor":47}],"player_experience":657928,"relics_obtained":[{"floor":6,"key":"Happy Flower"},{"floor":8,"key":"Mummified Hand"},{"floor":9,"key":"Art of War"},{"floor":11,"key":"StoneCalendar"},{"floor":24,"key":"Torii"},{"floor":26,"key":"Nunchaku"},{"floor":29,"key":"Bag of Marbles"},{"floor":31,"key":"MawBank"},{"floor":40,"key":"Molten Egg 2"},{"floor":42,"key":"Peace Pipe"}],"event_choices":[{"damage_healed":0,"gold_gain":275,"player_choice":"Desecrate","damage_taken":0,"max_hp_gain":0,"max_hp_loss":0,"event_name":"Golden Shrine","floor":2,"gold_loss":0,"cards_obtained":["Regret"]},{"damage_healed":0,"gold_gain":150,"player_choice":"AGREE","damage_taken":0,"max_hp_gain":0,"max_hp_loss":0,"event_name":"Liars Game","floor":4,"gold_loss":0,"cards_obtained":["Doubt"]},{"damage_healed":0,"gold_gain":0,"player_choice":"Simplicity","damage_taken":0,"max_hp_gain":0,"max_hp_loss":0,"event_name":"Back to Basics","floor":20,"gold_loss":0,"cards_upgraded":["Strike_B","Defend_B","Defend_B","Defend_B","Defend_B"]},{"damage_healed":0,"gold_gain":0,"player_choice":"Opened","damage_taken":0,"relics_obtained":["Ancient Tea Set"],"max_hp_gain":0,"max_hp_loss":0,"event_name":"The Mausoleum","floor":22,"gold_loss":0,"cards_obtained":["Writhe"]},{"damage_healed":0,"gold_gain":0,"player_choice":"Trade","damage_taken":0,"relics_obtained":["FaceOfCleric"],"max_hp_gain":0,"max_hp_loss":0,"event_name":"FaceTrader","floor":25,"gold_loss":0},{"cards_removed":["Doom and Gloom"],"damage_healed":0,"gold_gain":0,"player_choice":"Removed Attack","damage_taken":0,"max_hp_gain":0,"max_hp_loss":0,"event_name":"Falling","floor":37,"gold_loss":0},{"cards_removed":["Hello World"],"damage_healed":0,"gold_gain":0,"player_choice":"Gave Card","damage_taken":0,"relics_obtained":["Calipers"],"max_hp_gain":0,"max_hp_loss":0,"event_name":"WeMeetAgain","floor":39,"gold_loss":0},{"damage_healed":68,"gold_gain":0,"player_choice":"Heal","damage_taken":0,"max_hp_gain":0,"max_hp_loss":15,"event_name":"The Moai Head","floor":48,"gold_loss":0}],"is_beta":false,"boss_relics":[{"not_picked":["Pandora\u0027s Box","Runic Pyramid"],"picked":"Astrolabe"},{"not_picked":["Empty Cage","Orrery"],"picked":"Cursed Key"}],"items_purged_floors":[10,19,36,45],"is_endless":false,"potions_floor_spawned":[1,5,6,8,16,18,23,31,35,38,40],"killed_by":"Awakened One","ascension_level":20}