{"gold_per_floor":[116,129,129,148,73,73,105,105,182,128,144,182,182],"floor_reached":13,"playtime":296,"items_purged":[],"score":166,"play_id":"3855d44d-3544-4ff5-92e9-58a2430e4f32","local_time":"20191018124513","is_ascension_mode":true,"campfire_choices":[{"data":"Hologram","floor":6,"key":"SMITH"}],"neow_cost":"NONE","seed_source_timestamp":504154118139300,"circlet_count":0,"master_deck":["AscendersBane","Strike_B","Strike_B","Strike_B","Defend_B","Defend_B","Defend_B","Defend_B","Zap","Dualcast","Self Repair","Hologram+1","Gash","Conserve Battery","Beam Cell+1","Streamline+1","Coolheaded"],"relics":["Cracked Core","NeowsBlessing","Omamori","Golden Idol","Molten Egg 2","Odd Mushroom"],"potions_floor_usage":[7],"damage_taken":[{"damage":0,"enemies":"Jaw Worm","floor":1,"turns":1},{"damage":0,"enemies":"Small Slimes","floor":2,"turns":2},{"damage":0,"enemies":"2 Louse","floor":4,"turns":1},{"damage":59,"enemies":"Gremlin Nob","floor":7,"turns":5},{"damage":6,"enemies":"Large Slime","floor":11,"turns":4},{"damage":24,"enemies":"The Mushroom Lair","floor":12,"turns":5},{"damage":8,"enemies":"3 Louse","floor":13,"turns":1}],"seed_played":"8100703055096806504","potions_obtained":[{"floor":1,"key":"AttackPotion"},{"floor":4,"key":"Dexterity Potion"}],"is_trial":false,"path_per_floor":["M","M","?","M","?","R","E","?","T","$","M","?","M"],"character_chosen":"DEFECT","items_purchased":["Beam Cell+1"],"campfire_rested":0,"item_purchase_floors":[10],"current_hp_per_floor":[64,71,76,76,76,76,24,24,24,24,25,8,0],"gold":182,"neow_bonus":"THREE_ENEMY_KILL","is_prod":false,"is_daily":false,"chose_seed":false,"campfire_upgraded":1,"win_rate":0,"timestamp":1571427913,"path_taken":["M","M","?","M","?","R","E","?","T","$","M","?","M"],"build_version":"2019-07-17","purchased_purges":0,"victory":false,"max_hp_per_floor":[71,71,76,76,76,76,76,76,76,76,76,76,76],"card_choices":[{"not_picked":["Compile Driver","Barrage"],"picked":"Self Repair","floor":1},{"not_picked":["Scrape","Chill"],"picked":"Hologram","floor":2},{"not_picked":["Skim","Turbo"],"picked":"Gash","floor":4},{"not_picked":["Rebound","Hologram"],"picked":"Conserve Battery","floor":7},{"not_picked":["Turbo","Blizzard+1"],"picked":"Streamline+1","floor":11},{"not_picked":["Fusion","Redo"],"picked":"Coolheaded","floor":12}],"player_experience":864590,"relics_obtained":[{"floor":7,"key":"Omamori"},{"floor":9,"key":"Molten Egg 2"},{"floor":12,"key":"Odd Mushroom"}],"event_choices":[{"damage_healed":0,"gold_gain":0,"player_choice":"Donut","damage_taken":0,"max_hp_gain":5,"max_hp_loss":0,"event_name":"Big Fish","floor":3,"gold_loss":0},{"cards_removed":["Strike_B"],"damage_healed":0,"gold_gain":0,"player_choice":"Card Removal","damage_taken":0,"max_hp_gain":0,"max_hp_loss":0,"event_name":"The Cleric","floor":5,"gold_loss":75},{"damage_healed":0,"gold_gain":0,"player_choice":"Take Wound","damage_taken":0,"relics_obtained":["Golden Idol"],"max_hp_gain":0,"max_hp_loss":0,"event_name":"Golden Idol","floor":8,"gold_loss":0,"cards_obtained":["Injury"]},{"damage_healed":0,"gold_gain":0,"player_choice":"Fought Mushrooms","damage_taken":0,"max_hp_gain":0,"max_hp_loss":0,"event_name":"Mushrooms","floor":12,"gold_loss":0}],"is_beta":false,"boss_relics":[],"items_purged_floors":[],"is_endless":false,"potions_floor_spawned":[1,4],"killed_by":"3 Louse","ascension_level":20}