{"gold_per_floor":[113,39,39,39,56,87,102,102,102,129,151,161,161,161,161,161],"floor_reached":16,"playtime":460,"items_purged":[],"score":266,"play_id":"9c251792-b3de-490d-8df1-2f1202a0345a","local_time":"20191015100541","is_ascension_mode":true,"campfire_choices":[{"data":"Static Discharge","floor":8,"key":"SMITH"},{"floor":15,"key":"REST"}],"neow_cost":"NONE","seed_source_timestamp":235190251092400,"circlet_count":0,"master_deck":["AscendersBane","Strike_B","Strike_B","Strike_B","Strike_B","Defend_B","Defend_B","Defend_B","Defend_B","Zap","Dualcast","Static Discharge+1","Genetic Algorithm","Pain","Beam Cell","Seek","Capacitor","Undo","Consume"],"relics":["Cracked Core","NeowsBlessing","WarpedTongs","Darkstone Periapt","Bottled Lightning","Odd Mushroom"],"potions_floor_usage":[10,16],"damage_taken":[{"damage":0,"enemies":"2 Louse","floor":1,"turns":1},{"damage":1,"enemies":"Cultist","floor":5,"turns":1},{"damage":0,"enemies":"Gremlin Nob","floor":6,"turns":1},{"damage":8,"enemies":"Small Slimes","floor":7,"turns":3},{"damage":32,"enemies":"Lagavulin","floor":10,"turns":6},{"damage":12,"enemies":"The Mushroom Lair","floor":11,"turns":5},{"damage":5,"enemies":"Looter","floor":12,"turns":2},{"damage":27,"enemies":"Hexaghost","floor":16,"turns":7}],"seed_played":"4213753283829535946","potions_obtained":[{"floor":1,"key":"Strength Potion"},{"floor":5,"key":"Swift Potion"},{"floor":6,"key":"FocusPotion"}],"is_trial":false,"path_per_floor":["M","$","?","$","M","E","M","R","T","E","?","M","?","?","R","B"],"character_chosen":"DEFECT","items_purchased":["Genetic Algorithm"],"campfire_rested":1,"item_purchase_floors":[2],"current_hp_per_floor":[64,64,64,64,63,63,55,55,55,23,11,6,6,6,27,0],"gold":161,"neow_bonus":"THREE_ENEMY_KILL","is_prod":false,"is_daily":false,"chose_seed":false,"campfire_upgraded":1,"win_rate":0,"timestamp":1571159141,"path_taken":["M","$","?","?","?","E","M","R","T","E","?","M","?","?","R","BOSS"],"build_version":"2019-07-17","purchased_purges":0,"victory":false,"max_hp_per_floor":[71,71,71,71,71,71,71,71,71,71,71,71,71,71,71,71],"card_choices":[{"not_picked":["Turbo","Compile Driver"],"picked":"Static Discharge","floor":1},{"not_picked":["Heatsinks","Redo"],"picked":"Beam Cell","floor":5},{"not_picked":["Meteor Strike","Redo"],"picked":"Seek","floor":6},{"not_picked":["Rip and Tear","Sweeping Beam"],"picked":"Capacitor","floor":7},{"not_picked":["Rebound","Stack"],"picked":"Undo","floor":10},{"not_picked":["Coolheaded","Ball Lightning"],"picked":"Consume","floor":11},{"not_picked":["Compile Driver","Turbo","Sunder"],"picked":"SKIP","floor":12}],"player_experience":854578,"relics_obtained":[{"floor":6,"key":"Darkstone Periapt"},{"floor":10,"key":"Bottled Lightning"},{"floor":11,"key":"Odd Mushroom"}],"event_choices":[{"damage_healed":0,"gold_gain":0,"player_choice":"Rummage","damage_taken":0,"relics_obtained":["WarpedTongs"],"max_hp_gain":0,"max_hp_loss":0,"event_name":"Accursed Blacksmith","floor":3,"gold_loss":0,"cards_obtained":["Pain"]},{"damage_healed":0,"gold_gain":0,"player_choice":"Fought Mushrooms","damage_taken":0,"max_hp_gain":0,"max_hp_loss":0,"event_name":"Mushrooms","floor":11,"gold_loss":0},{"damage_healed":0,"gold_gain":0,"player_choice":"Ignored","damage_taken":0,"max_hp_gain":0,"max_hp_loss":0,"event_name":"Shining Light","floor":13,"gold_loss":0},{"damage_healed":0,"gold_gain":0,"player_choice":"Ignored","damage_taken":0,"max_hp_gain":0,"max_hp_loss":0,"event_name":"Golden Wing","floor":14,"gold_loss":0}],"is_beta":false,"boss_relics":[],"items_purged_floors":[],"is_endless":false,"potions_floor_spawned":[1,5,6],"killed_by":"Hexaghost","ascension_level":20}