{"gold_per_floor":[116,128,141,141,155,186,186,336,408,435,455,194,194,227,227,318,318,343,357,357,377,377,377,398,414,493,493],"floor_reached":27,"playtime":1134,"items_purged":["Doubt"],"score":470,"play_id":"1c5d87e4-c476-4969-91dd-bbfc65efe5f7","local_time":"20190718171940","is_ascension_mode":true,"campfire_choices":[{"data":"1","floor":7,"key":"LIFT"},{"data":"2","floor":15,"key":"LIFT"},{"data":"3","floor":23,"key":"LIFT"}],"neow_cost":"NONE","seed_source_timestamp":628556314828495,"circlet_count":0,"master_deck":["AscendersBane","Strike_B","Strike_B","Strike_B","Strike_B","Defend_B","Defend_B","Defend_B","Defend_B","Zap+1","Dualcast","Chill","Barrage+1","Glacier","Self Repair","Conserve Battery","Barrage","Cold Snap","Injury","Static Discharge","Echo Form","Sweeping Beam","Writhe","Glacier","Capacitor"],"relics":["Cracked Core","Girya","Matryoshka","PreservedInsect","Regal Pillow","Golden Idol","Oddly Smooth Stone","Fusion Hammer","Lantern","NlothsMask","Mercury Hourglass"],"potions_floor_usage":[6,16,27],"damage_taken":[{"damage":2,"enemies":"Jaw Worm","floor":1,"turns":3},{"damage":6,"enemies":"2 Louse","floor":2,"turns":3},{"damage":7,"enemies":"Small Slimes","floor":3,"turns":4},{"damage":6,"enemies":"2 Fungi Beasts","floor":5,"turns":2},{"damage":8,"enemies":"Lagavulin","floor":6,"turns":6},{"damage":18,"enemies":"3 Sentries","floor":10,"turns":8},{"damage":2,"enemies":"Gremlin Gang","floor":11,"turns":8},{"damage":16,"enemies":"Lagavulin","floor":14,"turns":7},{"damage":14,"enemies":"The Guardian","floor":16,"turns":15},{"damage":2,"enemies":"3 Byrds","floor":18,"turns":6},{"damage":23,"enemies":"Shell Parasite","floor":19,"turns":5},{"damage":10,"enemies":"Snecko","floor":21,"turns":4},{"damage":16,"enemies":"3 Cultists","floor":24,"turns":7},{"damage":23,"enemies":"Cultist and Chosen","floor":25,"turns":8},{"damage":26,"enemies":"Gremlin Leader","floor":27,"turns":4}],"seed_played":"413616725833123119","potions_obtained":[{"floor":1,"key":"FocusPotion"},{"floor":3,"key":"Dexterity Potion"},{"floor":6,"key":"LiquidBronze"},{"floor":18,"key":"Energy Potion"},{"floor":25,"key":"FocusPotion"}],"is_trial":false,"path_per_floor":["M","M","M","?","M","E","R","?","T","E","M","$","?","E","R","B",null,"M","M","?","M","?","R","M","M","T","E"],"character_chosen":"DEFECT","items_purchased":["Cold Snap","Regal Pillow"],"campfire_rested":0,"item_purchase_floors":[12,12],"current_hp_per_floor":[62,56,49,49,43,42,42,42,42,31,36,36,36,27,27,20,58,56,33,33,37,37,37,35,19,19,0],"gold":493,"neow_bonus":"UPGRADE_CARD","is_prod":false,"is_daily":false,"chose_seed":false,"campfire_upgraded":0,"win_rate":0,"timestamp":1563495580,"path_taken":["M","M","M","?","M","E","R","?","T","E","M","$","?","E","R","BOSS","M","M","?","M","?","R","?","?","T","E"],"build_version":"2019-07-17","purchased_purges":1,"victory":false,"max_hp_per_floor":[71,71,71,71,71,71,71,71,71,71,71,71,71,71,71,71,71,71,71,71,71,71,71,71,71,71,71],"card_choices":[{"not_picked":["Steam Power","Turbo"],"picked":"Chill","floor":1},{"not_picked":["Heatsinks","Fusion"],"picked":"Barrage","floor":2},{"not_picked":["Cold Snap","Redo"],"picked":"Glacier","floor":3},{"not_picked":["Stack","Hologram"],"picked":"Self Repair","floor":5},{"not_picked":["Scrape","Stack","Steam"],"picked":"SKIP","floor":6},{"not_picked":["Chaos","Auto Shields"],"picked":"Conserve Battery","floor":10},{"not_picked":["Static Discharge","Fission"],"picked":"Barrage","floor":11},{"not_picked":["Chaos","Aggregate"],"picked":"Static Discharge","floor":14},{"not_picked":["Electrodynamics","Hyperbeam"],"picked":"Echo Form","floor":16},{"not_picked":["Hologram","Scrape"],"picked":"Sweeping Beam","floor":18},{"not_picked":["Fusion","Rebound","Hologram"],"picked":"SKIP","floor":19},{"not_picked":["Go for the Eyes","Beam Cell"],"picked":"Glacier","floor":21},{"not_picked":["Sweeping Beam","Rip and Tear","Reboot"],"picked":"SKIP","floor":24},{"not_picked":["Stack","Rip and Tear"],"picked":"Capacitor","floor":25}],"player_experience":689715,"relics_obtained":[{"floor":6,"key":"Girya"},{"floor":9,"key":"Matryoshka"},{"floor":10,"key":"PreservedInsect"},{"floor":14,"key":"Oddly Smooth Stone"},{"floor":26,"key":"Mercury Hourglass"}],"event_choices":[{"damage_healed":0,"gold_gain":0,"player_choice":"Grow","damage_taken":0,"max_hp_gain":0,"max_hp_loss":0,"event_name":"Living Wall","floor":4,"gold_loss":0,"cards_upgraded":["Barrage"]},{"damage_healed":0,"gold_gain":150,"player_choice":"AGREE","damage_taken":0,"max_hp_gain":0,"max_hp_loss":0,"event_name":"Liars Game","floor":8,"gold_loss":0,"cards_obtained":["Doubt"]},{"damage_healed":0,"gold_gain":0,"player_choice":"Take Wound","damage_taken":0,"relics_obtained":["Golden Idol"],"max_hp_gain":0,"max_hp_loss":0,"event_name":"Golden Idol","floor":13,"gold_loss":0,"cards_obtained":["Injury"]},{"damage_healed":0,"gold_gain":0,"player_choice":"Opened","damage_taken":0,"relics_obtained":["Lantern"],"max_hp_gain":0,"max_hp_loss":0,"event_name":"The Mausoleum","floor":20,"gold_loss":0,"cards_obtained":["Writhe"]},{"damage_healed":0,"gold_gain":0,"player_choice":"Trade","damage_taken":0,"relics_obtained":["NlothsMask"],"max_hp_gain":0,"max_hp_loss":0,"event_name":"FaceTrader","floor":22,"gold_loss":0}],"is_beta":false,"boss_relics":[{"not_picked":["Eternal Feather","Tiny House"],"picked":"Fusion Hammer"}],"items_purged_floors":[12],"is_endless":false,"potions_floor_spawned":[1,3,6,11,14,18,25],"killed_by":"Gremlin Leader","ascension_level":20}