{"gold_per_floor":[117,117,117,137,152,152,169,189,189,206,232,146,146,173,173,244,244,259,278,278,278,278,278],"floor_reached":23,"playtime":1018,"items_purged":[],"score":402,"play_id":"b327adba-ce88-4dfb-b918-c807a02db88e","local_time":"20191004123719","is_ascension_mode":true,"campfire_choices":[{"floor":6,"key":"REST"},{"floor":13,"key":"REST"},{"floor":15,"key":"REST"}],"neow_cost":"NONE","seed_source_timestamp":2028130933871000,"circlet_count":0,"master_deck":["AscendersBane","Strike_B+1","Strike_B+1","Strike_B+1","Defend_B+1","Defend_B+1","Defend_B+1","Defend_B+1","Zap","Dualcast","Ball Lightning","Ball Lightning","Undo","Gash","Conserve Battery","Skim+1","Defragment","Undo+1","Reboot+1","Gash+1","Double Energy+1","Writhe"],"relics":["Fusion Hammer","Toxic Egg 2","Shuriken","Mummified Hand","Philosopher\u0027s Stone","Art of War","Enchiridion"],"potions_floor_usage":[14],"damage_taken":[{"damage":6,"enemies":"Cultist","floor":1,"turns":4},{"damage":0,"enemies":"Jaw Worm","floor":4,"turns":4},{"damage":3,"enemies":"2 Louse","floor":5,"turns":3},{"damage":3,"enemies":"Looter","floor":7,"turns":3},{"damage":0,"enemies":"Large Slime","floor":8,"turns":4},{"damage":0,"enemies":"3 Louse","floor":10,"turns":3},{"damage":15,"enemies":"3 Sentries","floor":11,"turns":7},{"damage":19,"enemies":"Gremlin Nob","floor":14,"turns":4},{"damage":39,"enemies":"The Guardian","floor":16,"turns":10},{"damage":6,"enemies":"2 Thieves","floor":18,"turns":5},{"damage":16,"enemies":"Shell Parasite","floor":19,"turns":4},{"damage":22,"enemies":"Gremlin Leader","floor":23,"turns":6}],"seed_played":"8802520567808608884","potions_obtained":[{"floor":1,"key":"Ancient Potion"},{"floor":5,"key":"Weak Potion"},{"floor":19,"key":"Dexterity Potion"}],"is_trial":false,"path_per_floor":["M","?","?","M","M","R","M","M","T","M","E","$","R","E","R","B",null,"M","M","?","?","?","E"],"character_chosen":"DEFECT","items_purchased":["Defragment"],"campfire_rested":3,"item_purchase_floors":[12],"current_hp_per_floor":[58,51,30,30,27,48,45,45,45,45,30,30,51,32,53,14,57,51,35,35,35,14,0],"gold":278,"neow_bonus":"BOSS_RELIC","is_prod":false,"is_daily":false,"chose_seed":false,"campfire_upgraded":0,"win_rate":0,"timestamp":1570217839,"path_taken":["M","?","?","M","M","R","M","M","T","M","E","$","R","E","R","BOSS","M","M","?","?","?","E"],"build_version":"2019-07-17","purchased_purges":0,"victory":false,"max_hp_per_floor":[71,71,71,71,71,71,71,71,71,71,71,71,71,71,71,71,71,71,71,71,71,71,71],"card_choices":[{"not_picked":["Heatsinks","Steam"],"picked":"Ball Lightning","floor":1},{"not_picked":["Heatsinks","Genetic Algorithm"],"picked":"Ball Lightning","floor":4},{"not_picked":["Redo","Barrage"],"picked":"Undo","floor":5},{"not_picked":["Barrage","Go for the Eyes"],"picked":"Gash","floor":7},{"not_picked":["Rip and Tear","Go for the Eyes"],"picked":"Conserve Battery","floor":8},{"not_picked":["Sweeping Beam","Static Discharge","Rebound"],"picked":"SKIP","floor":10},{"not_picked":["Leap+1","Melter"],"picked":"Skim+1","floor":11},{"not_picked":["Compile Driver","Amplify+1"],"picked":"Undo+1","floor":14},{"not_picked":["Hyperbeam","Rainbow+1"],"picked":"Reboot+1","floor":16},{"not_picked":["Steam Power+1","Stack+1"],"picked":"Gash+1","floor":18},{"not_picked":["Beam Cell","Sunder"],"picked":"Double Energy+1","floor":19}],"player_experience":820853,"relics_obtained":[{"floor":9,"key":"Toxic Egg 2"},{"floor":11,"key":"Shuriken"},{"floor":14,"key":"Mummified Hand"},{"floor":22,"key":"Enchiridion"}],"event_choices":[{"cards_removed":["Strike_B"],"damage_healed":0,"gold_gain":0,"player_choice":"Card Removal","damage_taken":7,"max_hp_gain":0,"max_hp_loss":0,"event_name":"Golden Wing","floor":2,"gold_loss":0},{"damage_healed":0,"gold_gain":0,"player_choice":"Entered Light","damage_taken":21,"max_hp_gain":0,"max_hp_loss":0,"event_name":"Shining Light","floor":3,"gold_loss":0,"cards_upgraded":["Defend_B","Defend_B"]},{"damage_healed":0,"gold_gain":0,"player_choice":"Opened","damage_taken":0,"relics_obtained":["Art of War"],"max_hp_gain":0,"max_hp_loss":0,"event_name":"The Mausoleum","floor":20,"gold_loss":0,"cards_obtained":["Writhe"]},{"damage_healed":0,"gold_gain":0,"player_choice":"Simplicity","damage_taken":0,"max_hp_gain":0,"max_hp_loss":0,"event_name":"Back to Basics","floor":21,"gold_loss":0,"cards_upgraded":["Strike_B","Strike_B","Strike_B","Defend_B","Defend_B"]},{"damage_healed":0,"gold_gain":0,"player_choice":"Obtained Book","damage_taken":21,"max_hp_gain":0,"max_hp_loss":0,"event_name":"Cursed Tome","floor":22,"gold_loss":0}],"is_beta":false,"boss_relics":[{"not_picked":["Eternal Feather","Orrery"],"picked":"Philosopher\u0027s Stone"}],"items_purged_floors":[],"is_endless":false,"potions_floor_spawned":[1,5,7,19],"killed_by":"Gremlin Leader","ascension_level":20}