{"gold_per_floor":[110,125,135,100,100,100,131,131,131,156,156,172,172],"floor_reached":13,"playtime":760,"items_purged":[],"score":186,"play_id":"edd9939e-3856-4cca-94f4-acd1cf40556c","local_time":"20190827110857","is_ascension_mode":true,"campfire_choices":[{"data":"Compile Driver","floor":6,"key":"SMITH"},{"floor":8,"key":"REST"}],"neow_cost":"NONE","seed_source_timestamp":1126116389111300,"circlet_count":0,"master_deck":["AscendersBane","Strike_B","Strike_B","Strike_B","Strike_B","Defend_B","Defend_B","Defend_B","Defend_B","Zap+1","Dualcast","Genetic Algorithm","Conserve Battery","Compile Driver+1","Chill","Double Energy"],"relics":["Cracked Core","Dead Branch","Torii","Girya","Sundial"],"potions_floor_usage":[7],"damage_taken":[{"damage":2,"enemies":"Cultist","floor":1,"turns":4},{"damage":2,"enemies":"2 Louse","floor":2,"turns":4},{"damage":10,"enemies":"Small Slimes","floor":3,"turns":4},{"damage":34,"enemies":"Gremlin Nob","floor":7,"turns":4},{"damage":6,"enemies":"3 Sentries","floor":10,"turns":6},{"damage":0,"enemies":"3 Louse","floor":12,"turns":1},{"damage":37,"enemies":"Gremlin Nob","floor":13,"turns":3}],"seed_played":"-8223030416280451742","potions_obtained":[{"floor":1,"key":"Block Potion"}],"is_trial":false,"path_per_floor":["M","M","M","?","?","R","E","R","T","E","$","M","E"],"character_chosen":"DEFECT","items_purchased":[],"campfire_rested":1,"item_purchase_floors":[],"current_hp_per_floor":[62,60,50,67,56,56,22,43,43,37,37,37,0],"gold":172,"neow_bonus":"UPGRADE_CARD","is_prod":false,"is_daily":false,"chose_seed":false,"campfire_upgraded":1,"win_rate":0,"timestamp":1566929337,"path_taken":["M","?","M","?","?","R","E","R","T","E","$","M","E"],"build_version":"2019-07-17","purchased_purges":0,"victory":false,"max_hp_per_floor":[71,71,71,71,71,71,71,71,71,71,71,71,71],"card_choices":[{"not_picked":["Melter","Leap"],"picked":"Genetic Algorithm","floor":1},{"not_picked":["Redo","Beam Cell"],"picked":"Conserve Battery","floor":2},{"not_picked":["Beam Cell","Storm"],"picked":"Compile Driver","floor":3},{"not_picked":["Go for the Eyes","Streamline"],"picked":"Chill","floor":7},{"not_picked":["Darkness","Heatsinks"],"picked":"Double Energy","floor":10},{"not_picked":["Reprogram","Consume","Beam Cell"],"picked":"SKIP","floor":12}],"player_experience":751306,"relics_obtained":[{"floor":7,"key":"Torii"},{"floor":9,"key":"Girya"},{"floor":10,"key":"Sundial"}],"event_choices":[{"damage_healed":17,"gold_gain":0,"player_choice":"Healed","damage_taken":0,"max_hp_gain":0,"max_hp_loss":0,"event_name":"The Cleric","floor":4,"gold_loss":35},{"damage_healed":0,"gold_gain":0,"player_choice":"Success","damage_taken":11,"relics_obtained":["Dead Branch"],"max_hp_gain":0,"max_hp_loss":0,"event_name":"Scrap Ooze","floor":5,"gold_loss":0}],"is_beta":false,"boss_relics":[],"items_purged_floors":[],"is_endless":false,"potions_floor_spawned":[1],"killed_by":"Gremlin Nob","ascension_level":20}