{"gold_per_floor":[115,25,25,25,49,84,84,109,134,134,167,191,215,228,228,228],"floor_reached":16,"playtime":444,"items_purged":[],"score":274,"play_id":"3a5e5e83-1073-4053-8a95-1a46e544dd04","local_time":"20190625190350","is_ascension_mode":true,"campfire_choices":[{"data":"Consume","floor":7,"key":"SMITH"},{"data":"Hologram","floor":10,"key":"SMITH"},{"floor":15,"key":"REST"}],"neow_cost":"NONE","seed_source_timestamp":924016378668845,"circlet_count":0,"master_deck":["AscendersBane","Strike_B","Strike_B","Strike_B","Strike_B","Defend_B+1","Defend_B","Defend_B","Defend_B+1","Zap","Dualcast","Glacier","Capacitor","Cold Snap","Consume+1","Gash","Hologram+1","Compile Driver","Doom and Gloom","Echo Form"],"relics":["Cracked Core","NeowsBlessing","Golden Idol","Bag of Preparation","War Paint","Bag of Marbles","Matryoshka"],"potions_floor_usage":[12,16],"damage_taken":[{"damage":0,"enemies":"2 Louse","floor":1,"turns":1},{"damage":0,"enemies":"Jaw Worm","floor":5,"turns":1},{"damage":0,"enemies":"3 Sentries","floor":6,"turns":1},{"damage":0,"enemies":"Cultist","floor":8,"turns":4},{"damage":27,"enemies":"Gremlin Nob","floor":11,"turns":5},{"damage":0,"enemies":"Gremlin Gang","floor":12,"turns":3},{"damage":7,"enemies":"Large Slime","floor":13,"turns":6},{"damage":0,"enemies":"Blue Slaver","floor":14,"turns":5},{"damage":29,"enemies":"The Guardian","floor":16,"turns":7}],"seed_played":"-4292182720509723269","potions_obtained":[{"floor":1,"key":"FocusPotion"},{"floor":6,"key":"Explosive Potion"},{"floor":12,"key":"Dexterity Potion"},{"floor":13,"key":"Poison Potion"}],"is_trial":false,"path_per_floor":["M","$","?","?","M","E","R","M","T","R","E","M","M","M","R","B"],"character_chosen":"DEFECT","items_purchased":["Capacitor","Cold Snap"],"campfire_rested":1,"item_purchase_floors":[2,2],"current_hp_per_floor":[64,64,40,40,40,40,40,40,40,40,13,13,6,6,27,0],"gold":228,"neow_bonus":"THREE_ENEMY_KILL","is_prod":false,"is_daily":false,"chose_seed":false,"campfire_upgraded":2,"win_rate":0,"timestamp":1561514630,"path_taken":["M","$","?","?","M","E","R","?","T","R","E","?","M","M","R","BOSS"],"build_version":"2019-01-23","purchased_purges":0,"victory":false,"max_hp_per_floor":[71,71,71,71,71,71,71,71,71,71,71,71,71,71,71,71],"card_choices":[{"not_picked":["Rip and Tear","Auto Shields"],"picked":"Glacier","floor":1},{"not_picked":["Steam Power","Stack"],"picked":"Consume","floor":5},{"not_picked":["Storm","Steam Power"],"picked":"Gash","floor":6},{"not_picked":["Leap","Chaos"],"picked":"Hologram","floor":8},{"not_picked":["Leap","Steam","Tempest"],"picked":"SKIP","floor":11},{"not_picked":["Rip and Tear","Go for the Eyes"],"picked":"Compile Driver","floor":12},{"not_picked":["Steam","Go for the Eyes"],"picked":"Doom and Gloom","floor":13},{"not_picked":["Gash","FTL"],"picked":"Echo Form","floor":14}],"player_experience":630405,"relics_obtained":[{"floor":6,"key":"War Paint"},{"floor":9,"key":"Bag of Marbles"},{"floor":11,"key":"Matryoshka"}],"event_choices":[{"damage_healed":0,"gold_gain":0,"player_choice":"Take Damage","damage_taken":24,"relics_obtained":["Golden Idol"],"max_hp_gain":0,"max_hp_loss":0,"event_name":"Golden Idol","floor":3,"gold_loss":0},{"damage_healed":0,"gold_gain":0,"player_choice":"Gave Potion","damage_taken":0,"relics_obtained":["Bag of Preparation"],"max_hp_gain":0,"max_hp_loss":0,"event_name":"WeMeetAgain","floor":4,"gold_loss":0}],"is_beta":false,"boss_relics":[],"items_purged_floors":[],"is_endless":false,"potions_floor_spawned":[1,6,12,13],"killed_by":"The Guardian","ascension_level":20}