{"gold_per_floor":[119,133,153,167,66,66,98,174,174,324,339,339,101,124,124,197,197,212,223,223,223,123,123,136,51,51,51,51,80,80,111,111,111],"floor_reached":33,"playtime":927,"items_purged":["Doubt","Strike_B"],"score":562,"play_id":"96f4d270-4b0c-4d5b-9d9c-96c86d9b276b","local_time":"20190824133954","is_ascension_mode":true,"campfire_choices":[{"data":"Sunder","floor":6,"key":"SMITH"},{"data":"Dualcast","floor":12,"key":"SMITH"},{"floor":15,"key":"REST"},{"floor":23,"key":"REST"},{"data":"Conserve Battery","floor":28,"key":"SMITH"},{"floor":30,"key":"REST"},{"floor":32,"key":"REST"}],"neow_cost":"NONE","seed_source_timestamp":875803898860300,"circlet_count":0,"master_deck":["AscendersBane","Strike_B","Strike_B","Strike_B","Defend_B","Defend_B","Defend_B","Defend_B","Zap+1","Dualcast+1","Melter","Conserve Battery+1","Streamline","Conserve Battery","Sunder+1","Ball Lightning","Echo Form","All For One","Glacier","Ball Lightning","Capacitor"],"relics":["Cracked Core","Bag of Preparation","Pear","Pen Nib","Sozu","Kunai","Ornamental Fan","Bottled Flame","Bag of Marbles"],"potions_floor_usage":[16],"damage_taken":[{"damage":0,"enemies":"Cultist","floor":1,"turns":3},{"damage":0,"enemies":"2 Louse","floor":2,"turns":1},{"damage":2,"enemies":"Jaw Worm","floor":3,"turns":4},{"damage":15,"enemies":"Exordium Wildlife","floor":4,"turns":4},{"damage":26,"enemies":"Lagavulin","floor":7,"turns":7},{"damage":7,"enemies":"Red Slaver","floor":11,"turns":3},{"damage":1,"enemies":"The Guardian","floor":16,"turns":8},{"damage":11,"enemies":"2 Thieves","floor":18,"turns":3},{"damage":27,"enemies":"Shell Parasite","floor":19,"turns":4},{"damage":9,"enemies":"Centurion and Healer","floor":24,"turns":7},{"damage":26,"enemies":"Gremlin Leader","floor":29,"turns":6},{"damage":23,"enemies":"Book of Stabbing","floor":31,"turns":6},{"damage":61,"enemies":"Collector","floor":33,"turns":6}],"seed_played":"-852609914038647144","potions_obtained":[{"floor":1,"key":"GamblersBrew"},{"floor":3,"key":"Ancient Potion"}],"is_trial":false,"path_per_floor":["M","M","M","M","$","R","E","?","T","?","M","R","$","T","R","B",null,"M","M","?","?","$","R","M","?","T","?","R","E","R","E","R","B"],"character_chosen":"DEFECT","items_purchased":["Conserve Battery","Sunder","Echo Form","Regen Potion"],"campfire_rested":4,"item_purchase_floors":[5,5,13,13],"current_hp_per_floor":[64,64,62,47,47,47,21,21,31,31,24,24,24,24,48,62,76,65,38,54,31,31,56,47,47,47,47,47,21,46,23,48,0],"gold":111,"neow_bonus":"UPGRADE_CARD","is_prod":false,"is_daily":false,"chose_seed":false,"campfire_upgraded":3,"win_rate":0,"timestamp":1566679194,"path_taken":["M","M","?","M","$","R","E","?","T","?","M","R","$","?","R","BOSS","M","M","?","?","?","R","M","?","T","?","R","E","R","E","R","BOSS"],"build_version":"2019-07-17","purchased_purges":2,"victory":false,"max_hp_per_floor":[71,71,71,71,71,71,71,71,81,81,81,81,81,81,81,81,81,81,81,81,86,86,86,86,86,86,86,86,86,86,86,86,86],"card_choices":[{"not_picked":["Hello World","Barrage"],"picked":"Melter","floor":1},{"not_picked":["Melter","Gash"],"picked":"Conserve Battery","floor":2},{"not_picked":["Steam","Barrage","Heatsinks"],"picked":"SKIP","floor":3},{"not_picked":["Reinforced Body","Rebound"],"picked":"Streamline","floor":4},{"not_picked":["Streamline","Rainbow"],"picked":"Ball Lightning","floor":7},{"not_picked":["Streamline","Reprogram","Steam"],"picked":"SKIP","floor":11},{"not_picked":["Creative AI","Rainbow"],"picked":"All For One","floor":16},{"not_picked":["Sunder","Beam Cell+1"],"picked":"Glacier","floor":18},{"not_picked":["Barrage","Steam","Coolheaded"],"picked":"SKIP","floor":19},{"not_picked":["Rebound+1","Recycle"],"picked":"Ball Lightning","floor":24},{"not_picked":["Barrage","Redo","Aggregate+1"],"picked":"SKIP","floor":29},{"not_picked":["Sweeping Beam","Chill"],"picked":"Capacitor","floor":31}],"player_experience":744606,"relics_obtained":[{"floor":7,"key":"Bag of Preparation"},{"floor":9,"key":"Pear"},{"floor":14,"key":"Pen Nib"},{"floor":26,"key":"Ornamental Fan"},{"floor":29,"key":"Bottled Flame"},{"floor":31,"key":"Bag of Marbles"}],"event_choices":[{"damage_healed":0,"gold_gain":76,"player_choice":"Gained Gold","damage_taken":0,"max_hp_gain":0,"max_hp_loss":0,"event_name":"Golden Wing","floor":8,"gold_loss":0},{"damage_healed":0,"gold_gain":150,"player_choice":"AGREE","damage_taken":0,"max_hp_gain":0,"max_hp_loss":0,"event_name":"Liars Game","floor":10,"gold_loss":0,"cards_obtained":["Doubt"]},{"damage_healed":16,"gold_gain":0,"player_choice":"Heal","damage_taken":0,"max_hp_gain":0,"max_hp_loss":0,"event_name":"The Library","floor":20,"gold_loss":0},{"damage_healed":0,"gold_gain":0,"player_choice":"Shed Blood","damage_taken":28,"max_hp_gain":5,"max_hp_loss":0,"event_name":"Forgotten Altar","floor":21,"gold_loss":0},{"damage_healed":0,"gold_gain":0,"player_choice":"Obtained Relic","damage_taken":0,"relics_obtained":["Kunai"],"max_hp_gain":0,"max_hp_loss":0,"event_name":"Addict","floor":25,"gold_loss":85},{"damage_healed":0,"gold_gain":0,"player_choice":"0 cards matched","damage_taken":0,"max_hp_gain":0,"max_hp_loss":0,"event_name":"Match and Keep!","floor":27,"gold_loss":0,"cards_obtained":[]}],"is_beta":false,"boss_relics":[{"not_picked":["Coffee Dripper","FrozenCore"],"picked":"Sozu"}],"items_purged_floors":[13,22],"is_endless":false,"potions_floor_spawned":[1,3,29,31],"killed_by":"Collector","ascension_level":20}