{"gold_per_floor":[114,184,195,345,362,362,362,379,379,409,409],"floor_reached":11,"playtime":369,"items_purged":[],"score":146,"play_id":"6e28a0aa-4634-4510-a17b-23c77b598f87","local_time":"20190810220309","is_ascension_mode":true,"campfire_choices":[{"floor":6,"key":"REST"}],"neow_cost":"NONE","seed_source_timestamp":767926620865600,"circlet_count":0,"master_deck":["AscendersBane","Strike_B","Strike_B","Strike_B","Strike_B","Defend_B","Defend_B","Defend_B","Defend_B","Zap","Dualcast","Genetic Algorithm","Doom and Gloom","Leap","White Noise","Gash","Ball Lightning","Doubt","Seek","Compile Driver","Core Surge"],"relics":["Orrery","Bottled Lightning","Frozen Egg 2"],"potions_floor_usage":[11],"damage_taken":[{"damage":12,"enemies":"Small Slimes","floor":1,"turns":6},{"damage":1,"enemies":"2 Louse","floor":3,"turns":5},{"damage":7,"enemies":"Jaw Worm","floor":5,"turns":3},{"damage":27,"enemies":"Exordium Wildlife","floor":8,"turns":5},{"damage":27,"enemies":"3 Sentries","floor":10,"turns":6},{"damage":20,"enemies":"Gremlin Gang","floor":11,"turns":2}],"seed_played":"2609297507420211397","potions_obtained":[{"floor":3,"key":"Dexterity Potion"},{"floor":10,"key":"GamblersBrew"}],"is_trial":false,"path_per_floor":["M","?","M","?","M","R","?","M","T","E","M"],"character_chosen":"DEFECT","items_purchased":[],"campfire_rested":1,"item_purchase_floors":[],"current_hp_per_floor":[52,52,51,51,44,65,70,43,43,16,0],"gold":409,"neow_bonus":"BOSS_RELIC","is_prod":false,"is_daily":false,"chose_seed":false,"campfire_upgraded":0,"win_rate":0,"timestamp":1565499789,"path_taken":["M","?","M","?","M","R","?","M","T","E","?"],"build_version":"2019-07-17","purchased_purges":0,"victory":false,"max_hp_per_floor":[71,71,71,71,71,71,76,76,76,76,76],"card_choices":[{"not_picked":["Barrage","Rebound"],"picked":"Genetic Algorithm","floor":0},{"not_picked":["Cold Snap","Redo"],"picked":"Doom and Gloom","floor":0},{"not_picked":["Streamline","Hologram"],"picked":"Leap","floor":0},{"not_picked":["Stack","Beam Cell"],"picked":"White Noise","floor":0},{"not_picked":["Streamline","Redo"],"picked":"Gash","floor":1},{"not_picked":["Beam Cell","Lockon"],"picked":"Ball Lightning","floor":3},{"not_picked":["Conserve Battery","Ball Lightning"],"picked":"Seek","floor":5},{"not_picked":["Rebound","Fission"],"picked":"Compile Driver","floor":8},{"not_picked":["Consume","Turbo"],"picked":"Core Surge","floor":10}],"player_experience":722354,"relics_obtained":[{"floor":9,"key":"Bottled Lightning"},{"floor":10,"key":"Frozen Egg 2"}],"event_choices":[{"damage_healed":0,"gold_gain":70,"player_choice":"Gained Gold","damage_taken":0,"max_hp_gain":0,"max_hp_loss":0,"event_name":"Golden Wing","floor":2,"gold_loss":0},{"damage_healed":0,"gold_gain":150,"player_choice":"AGREE","damage_taken":0,"max_hp_gain":0,"max_hp_loss":0,"event_name":"Liars Game","floor":4,"gold_loss":0,"cards_obtained":["Doubt"]},{"damage_healed":0,"gold_gain":0,"player_choice":"Donut","damage_taken":0,"max_hp_gain":5,"max_hp_loss":0,"event_name":"Big Fish","floor":7,"gold_loss":0}],"is_beta":false,"boss_relics":[],"items_purged_floors":[],"is_endless":false,"potions_floor_spawned":[3,10],"killed_by":"Gremlin Gang","ascension_level":20}