{"gold_per_floor":[116,48,58,74,74,74,74,74,131,149,167,181,28,28,28,124,124,141,141,125,40,40,40,68,68,91,119,44,44,56,56,56,56],"floor_reached":33,"playtime":3348,"items_purged":[],"score":325,"play_id":"b41db8fd-2b0d-40ca-8f90-b747d86a9b91","local_time":"20190406072606","is_ascension_mode":true,"campfire_choices":[{"data":"Inflame","floor":6.0,"key":"SMITH"},{"data":"True Grit","floor":15.0,"key":"SMITH"},{"data":"Demon Form","floor":23.0,"key":"SMITH"},{"floor":25,"key":"REST"},{"floor":32,"key":"REST"}],"neow_cost":"NONE","seed_source_timestamp":0,"circlet_count":0,"master_deck":["Strike_R","Defend_R","Defend_R","Defend_R","Defend_R","Bash+1","Ghostly Armor","Inflame+1","True Grit+1","Feed","Shrug It Off","Demon Form+1","Shrug It Off"],"special_seed":0,"relics":["Burning Blood","Vajra","Tiny Chest","Bronze Scales","Runic Dome","Orichalcum","Shuriken","Omamori","PreservedInsect"],"potions_floor_usage":[33],"damage_taken":[{"damage":6.0,"enemies":"Cultist","floor":1.0,"turns":3.0},{"damage":6.0,"enemies":"2 Louse","floor":3.0,"turns":4.0},{"damage":5.0,"enemies":"Small Slimes","floor":4.0,"turns":3.0},{"damage":1.0,"enemies":"3 Louse","floor":10.0,"turns":4.0},{"damage":10.0,"enemies":"Lots of Slimes","floor":11.0,"turns":6.0},{"damage":15.0,"enemies":"2 Fungi Beasts","floor":12.0,"turns":4.0},{"damage":35.0,"enemies":"The Guardian","floor":16.0,"turns":17.0},{"damage":10.0,"enemies":"Spheric Guardian","floor":18.0,"turns":5.0},{"damage":13.0,"enemies":"2 Thieves","floor":20.0,"turns":4.0},{"damage":32,"enemies":"Gremlin Leader","floor":24,"turns":9},{"damage":37,"enemies":"Book of Stabbing","floor":27,"turns":6},{"damage":25,"enemies":"Snake Plant","floor":30,"turns":7},{"damage":69,"enemies":"Champ","floor":33,"turns":14}],"seed_played":"4687070105879988761","potions_obtained":[{"floor":4.0,"key":"Block Potion"},{"floor":8.0,"key":"GamblersBrew"},{"floor":8.0,"key":"AttackPotion"},{"floor":12.0,"key":"FearPotion"},{"floor":16.0,"key":"Explosive Potion"},{"floor":18.0,"key":"BloodPotion"},{"floor":30,"key":"Dexterity Potion"}],"is_trial":false,"path_per_floor":["M","$","M","M","?","R","?","?","T","M","M","M","$","?","R","B",null,"M","?","M","?","?","R","E","R","T","E","?","?","M","$","R","B"],"character_chosen":"IRONCLAD","items_purchased":["Inflame","Bronze Scales"],"campfire_rested":2,"item_purchase_floors":[2,13],"current_hp_per_floor":[80,80,80,80,80,80,73,73,73,78,74,68,68,61,61,35,86,85,85,89,89,71,71,48,78,78,47,47,47,31,31,61,0],"gold":56,"neow_bonus":"UPGRADE_CARD","is_prod":false,"is_daily":false,"chose_seed":false,"campfire_upgraded":3,"win_rate":0,"timestamp":1554549966,"path_taken":["M","$","M","?","?","R","?","?","T","?","M","M","$","?","R","BOSS","M","?","M","?","?","R","E","R","T","E","?","?","?","$","R","BOSS"],"build_version":"2019-01-23","purchased_purges":0,"victory":false,"max_hp_per_floor":[80,80,80,80,80,80,80,80,80,80,80,83,83,83,83,86,86,89,89,92,92,97,97,100,100,100,100,100,100,103,103,103,103],"card_choices":[{"not_picked":["Heavy Blade","Sentinel"],"picked":"Ghostly Armor","floor":1.0},{"not_picked":["Wild Strike","Infernal Blade","Warcry"],"picked":"SKIP","floor":3.0},{"not_picked":["Combust","Blood for Blood","Second Wind"],"picked":"SKIP","floor":4.0},{"not_picked":["Perfected Strike","Rupture"],"picked":"True Grit","floor":10.0},{"not_picked":["Shrug It Off","Headbutt"],"picked":"Feed","floor":11.0},{"not_picked":["Warcry","Cleave"],"picked":"Shrug It Off","floor":12.0},{"not_picked":["Reaper","Brutality"],"picked":"Demon Form","floor":16.0},{"not_picked":["Wild Strike","Twin Strike","Second Wind+1"],"picked":"SKIP","floor":18.0},{"not_picked":["Wild Strike","Dropkick+1","Combust"],"picked":"SKIP","floor":20.0},{"not_picked":["Flame Barrier","Shockwave+1"],"picked":"Shrug It Off","floor":24},{"not_picked":["Immolate","Wild Strike","Perfected Strike"],"picked":"SKIP","floor":27},{"not_picked":["Sword Boomerang","Clash+1","Cleave"],"picked":"SKIP","floor":30}],"player_experience":159102,"relics_obtained":[{"floor":9.0,"key":"Tiny Chest"},{"floor":24,"key":"Shuriken"},{"floor":26,"key":"Omamori"},{"floor":27,"key":"PreservedInsect"}],"event_choices":[{"cards_removed":["Strike_R"],"damage_healed":0.0,"max_hp_gain":0.0,"max_hp_loss":0.0,"gold_gain":0.0,"event_name":"Living Wall","player_choice":"Forget","floor":5.0,"gold_loss":0.0,"damage_taken":0.0},{"damage_healed":0.0,"max_hp_gain":0.0,"max_hp_loss":0.0,"gold_gain":0.0,"event_name":"Scrap Ooze","player_choice":"Success","floor":7.0,"gold_loss":0.0,"damage_taken":7.0,"relics_obtained":["Vajra"]},{"damage_healed":0.0,"max_hp_gain":0.0,"max_hp_loss":0.0,"gold_gain":0.0,"event_name":"Lab","player_choice":"Got Potions","floor":8.0,"gold_loss":0.0,"damage_taken":0.0},{"cards_removed":["Strike_R"],"damage_healed":0.0,"max_hp_gain":0.0,"max_hp_loss":0.0,"gold_gain":0.0,"event_name":"Golden Wing","player_choice":"Card Removal","floor":14.0,"gold_loss":0.0,"damage_taken":7.0},{"cards_removed":["Strike_R"],"damage_healed":0.0,"max_hp_gain":0.0,"max_hp_loss":0.0,"gold_gain":0.0,"event_name":"Back to Basics","player_choice":"Elegance","floor":19.0,"gold_loss":0.0,"damage_taken":0.0},{"damage_healed":0.0,"max_hp_gain":0.0,"max_hp_loss":0.0,"gold_gain":0.0,"event_name":"Addict","player_choice":"Obtained Relic","floor":21.0,"gold_loss":85.0,"damage_taken":0.0,"relics_obtained":["Orichalcum"]},{"damage_healed":0.0,"max_hp_gain":5.0,"max_hp_loss":0.0,"gold_gain":0.0,"event_name":"Forgotten Altar","player_choice":"Shed Blood","floor":22.0,"gold_loss":0.0,"damage_taken":23.0},{"cards_removed":["Strike_R"],"damage_healed":0,"gold_gain":0,"player_choice":"Gave Gold","damage_taken":0,"max_hp_gain":0,"max_hp_loss":0,"event_name":"Beggar","floor":28,"gold_loss":75},{"damage_healed":0,"gold_gain":0,"player_choice":"0 cards matched","damage_taken":0,"max_hp_gain":0,"max_hp_loss":0,"event_name":"Match and Keep!","floor":29,"gold_loss":0,"cards_obtained":[]}],"is_beta":false,"boss_relics":[{"not_picked":["Calling Bell","Coffee Dripper"],"picked":"Runic Dome"}],"items_purged_floors":[],"is_endless":false,"potions_floor_spawned":[4,12,16,18,30],"killed_by":"Champ","ascension_level":2}