{"gold_per_floor":[112,123,198,148,217,217,247,265,265,277,290,2,2,17,17,115,115,105,105,20,45,62,62,62,75,75,92,92,105,121,2,2,102,102,118,118,137,155,155,155,171,16,90,90,110,110,145,164,164,164],"floor_reached":51,"playtime":3543,"items_purged":["Regret"],"score":731,"play_id":"b2df8fdf-f0f4-4426-b882-a80e95bf6254","local_time":"20190410231716","is_ascension_mode":false,"campfire_choices":[{"data":"Bash","floor":6.0,"key":"SMITH"},{"data":"Corruption","floor":13.0,"key":"SMITH"},{"data":"Carnage","floor":15.0,"key":"SMITH"},{"floor":23.0,"key":"REST"},{"data":"Bloodletting","floor":28.0,"key":"SMITH"},{"floor":32.0,"key":"REST"},{"data":"Limit Break","floor":40.0,"key":"SMITH"},{"data":"Fiend Fire","floor":44.0,"key":"SMITH"},{"data":"Demon Form","floor":46.0,"key":"SMITH"},{"data":"Clothesline","floor":49,"key":"SMITH"}],"neow_cost":"NONE","seed_source_timestamp":18888820019000,"circlet_count":0,"master_deck":["Strike_R","Strike_R","Defend_R","Defend_R+1","Defend_R","Defend_R","Bash+1","Cleave","Clothesline+1","Carnage+1","Armaments","Flame Barrier","Inflame","Headbutt","Armaments","Limit Break+1","Corruption+1","Shrug It Off","Demon Form+1","Iron Wave+1","Fiend Fire+1","Sentinel","Bloodletting+1","True Grit","Clash+1","Battle Trance+1","Double Tap","Ghostly Armor","Bloodletting","Feel No Pain","Exhume","Power Through+1","Flame Barrier+1","Iron Wave+1","Headbutt+1","Burning Pact+1","Pummel"],"special_seed":0,"relics":["Burning Blood","Omamori","The Courier","Pear","Calling Bell","Centennial Puzzle","Sundial","Torii","Red Mask","Bottled Tornado","Snecko Eye","Strange Spoon","Dodecahedron","War Paint"],"potions_floor_usage":[47,47,50],"damage_taken":[{"damage":0.0,"enemies":"2 Louse","floor":1.0,"turns":4.0},{"damage":5.0,"enemies":"Small Slimes","floor":2.0,"turns":4.0},{"damage":16.0,"enemies":"Lagavulin","floor":7.0,"turns":7.0},{"damage":0.0,"enemies":"Cultist","floor":8.0,"turns":3.0},{"damage":4.0,"enemies":"Looter","floor":10.0,"turns":3.0},{"damage":4.0,"enemies":"Blue Slaver","floor":11.0,"turns":5.0},{"damage":11.0,"enemies":"Exordium Wildlife","floor":14.0,"turns":4.0},{"damage":55.0,"enemies":"Slime Boss","floor":16.0,"turns":11.0},{"damage":15.0,"enemies":"2 Thieves","floor":18.0,"turns":4.0},{"damage":50.0,"enemies":"Masked Bandits","floor":21.0,"turns":7.0},{"damage":9.0,"enemies":"Shell Parasite","floor":22.0,"turns":6.0},{"damage":17.0,"enemies":"3 Cultists","floor":25.0,"turns":6.0},{"damage":4.0,"enemies":"Centurion and Healer","floor":27.0,"turns":5.0},{"damage":19.0,"enemies":"Cultist and Chosen","floor":29.0,"turns":6.0},{"damage":7.0,"enemies":"Chosen and Byrds","floor":30.0,"turns":5.0},{"damage":21.0,"enemies":"Champ","floor":33.0,"turns":12.0},{"damage":3.0,"enemies":"3 Darklings","floor":35.0,"turns":4.0},{"damage":3.0,"enemies":"Orb Walker","floor":37.0,"turns":3.0},{"damage":7.0,"enemies":"Transient","floor":38.0,"turns":5.0},{"damage":9.0,"enemies":"Writhing Mass","floor":41.0,"turns":4.0},{"damage":7.0,"enemies":"3 Darklings","floor":45.0,"turns":6.0},{"damage":3,"enemies":"Reptomancer","floor":47,"turns":3},{"damage":0,"enemies":"Spire Growth","floor":48,"turns":4},{"damage":4,"enemies":"Time Eater","floor":50,"turns":7}],"seed_played":"-1534093308931290869","potions_obtained":[{"floor":1.0,"key":"Strength Potion"},{"floor":10.0,"key":"Swift Potion"},{"floor":11.0,"key":"FairyPotion"},{"floor":25.0,"key":"Swift Potion"},{"floor":29.0,"key":"Swift Potion"},{"floor":33.0,"key":"Ancient Potion"},{"floor":41.0,"key":"SteroidPotion"},{"floor":48,"key":"SteroidPotion"}],"is_trial":false,"path_per_floor":["M","M","?","?","?","R","E","M","T","M","M","$","R","M","R","B",null,"M","?","$","?","M","R","?","M","T","M","R","M","M","$","R","B",null,"M","?","M","M","?","R","M","$","T","R","M","R","E","M","R","B",null],"character_chosen":"IRONCLAD","items_purchased":["Inflame","Headbutt","Armaments","Limit Break","Corruption","Sentinel","Bloodletting","Feel No Pain","Strange Spoon"],"campfire_rested":2,"item_purchase_floors":[12,12,12,12,12,20,20,31,42],"current_hp_per_floor":[80,80,69,69,69,69,59,65,75,77,79,79,79,74,74,25,90,81,81,81,37,34,61,61,50,50,52,52,39,38,38,65,50,90,90,90,90,89,89,89,86,86,86,86,85,85,88,90,90,90],"gold":164,"neow_bonus":"RANDOM_COMMON_RELIC","is_prod":false,"is_daily":false,"chose_seed":false,"campfire_upgraded":8,"win_rate":1,"timestamp":1554963436,"path_taken":["M","M","?","?","?","R","E","M","T","M","M","$","R","M","R","BOSS","M","?","$","?","M","R","?","M","T","M","R","M","M","?","R","BOSS","M","?","?","M","?","R","M","$","T","R","M","R","E","M","R","BOSS"],"build_version":"2019-01-23","purchased_purges":1,"victory":true,"max_hp_per_floor":[80,80,80,80,80,80,80,80,90,90,90,90,90,90,90,90,90,90,90,90,90,90,90,90,90,90,90,90,90,90,90,90,90,90,90,90,90,90,90,90,90,90,90,90,90,90,90,90,90,90],"card_choices":[{"not_picked":["Burning Pact","Corruption"],"picked":"Cleave","floor":1.0},{"not_picked":["Heavy Blade","Clash"],"picked":"Clothesline","floor":2.0},{"not_picked":["Pommel Strike","Blood for Blood"],"picked":"Carnage","floor":7.0},{"not_picked":["Iron Wave","Intimidate"],"picked":"Armaments","floor":8.0},{"not_picked":["Warcry","Pommel Strike"],"picked":"Flame Barrier","floor":10.0},{"not_picked":["Reckless Charge","Entrench","Clash"],"picked":"SKIP","floor":11.0},{"not_picked":["Havoc","Infernal Blade"],"picked":"Shrug It Off","floor":14.0},{"not_picked":["Exhume","Fiend Fire"],"picked":"Demon Form","floor":16.0},{"not_picked":["Warcry","Sword Boomerang+1"],"picked":"Iron Wave+1","floor":18.0},{"not_picked":["Combust","Evolve"],"picked":"True Grit","floor":21.0},{"not_picked":["True Grit","Intimidate+1"],"picked":"Clash+1","floor":22.0},{"not_picked":["Havoc","Armaments"],"picked":"Battle Trance","floor":25.0},{"not_picked":["True Grit","Perfected Strike"],"picked":"Double Tap","floor":27.0},{"not_picked":["Thunderclap","Havoc+1"],"picked":"Ghostly Armor","floor":29.0},{"not_picked":["Dropkick","Anger"],"picked":"Bloodletting","floor":30.0},{"not_picked":["Berserk","Offering"],"picked":"Exhume","floor":33.0},{"not_picked":["Infernal Blade+1","Second Wind"],"picked":"Power Through+1","floor":35.0},{"not_picked":["Pommel Strike+1","Twin Strike"],"picked":"Flame Barrier+1","floor":37.0},{"not_picked":["Flex+1","Clash+1","Twin Strike+1"],"picked":"SKIP","floor":38.0},{"not_picked":["Heavy Blade+1","Perfected Strike"],"picked":"Iron Wave+1","floor":41.0},{"not_picked":["Shrug It Off","Warcry"],"picked":"Headbutt+1","floor":45.0},{"not_picked":["Sword Boomerang+1","Combust"],"picked":"Burning Pact+1","floor":47},{"not_picked":["Clash+1","Headbutt"],"picked":"Pummel","floor":48}],"player_experience":275863,"relics_obtained":[{"floor":7.0,"key":"The Courier"},{"floor":9.0,"key":"Pear"},{"floor":17.0,"key":"Centennial Puzzle"},{"floor":17.0,"key":"Sundial"},{"floor":17.0,"key":"Torii"},{"floor":21.0,"key":"Red Mask"},{"floor":26.0,"key":"Bottled Tornado"},{"floor":43.0,"key":"Dodecahedron"},{"floor":47,"key":"War Paint"}],"event_choices":[{"damage_healed":0.0,"max_hp_gain":0.0,"max_hp_loss":0.0,"gold_gain":75.0,"event_name":"World of Goop","player_choice":"Gather Gold","floor":3.0,"gold_loss":0.0,"damage_taken":11.0},{"cards_removed":["Strike_R"],"damage_healed":0.0,"max_hp_gain":0.0,"max_hp_loss":0.0,"gold_gain":0.0,"event_name":"The Cleric","player_choice":"Card Removal","floor":4.0,"gold_loss":50.0,"damage_taken":0.0},{"damage_healed":0.0,"max_hp_gain":0.0,"max_hp_loss":0.0,"gold_gain":69.0,"event_name":"Golden Wing","player_choice":"Gained Gold","floor":5.0,"gold_loss":0.0,"damage_taken":0.0},{"damage_healed":0.0,"max_hp_gain":0.0,"max_hp_loss":0.0,"gold_gain":0.0,"cards_transformed":["Strike_R"],"event_name":"Transmorgrifier","player_choice":"Transformed","floor":19.0,"gold_loss":0.0,"damage_taken":0.0,"cards_obtained":["Fiend Fire"]},{"damage_healed":0.0,"max_hp_gain":0.0,"max_hp_loss":0.0,"gold_gain":0.0,"event_name":"Masked Bandits","player_choice":"Fought Bandits","floor":21.0,"gold_loss":0.0,"damage_taken":0.0},{"damage_healed":0.0,"max_hp_gain":0.0,"max_hp_loss":0.0,"gold_gain":0.0,"event_name":"Forgotten Altar","player_choice":"Smashed Altar","floor":24.0,"gold_loss":0.0,"damage_taken":0.0,"cards_obtained":["Decay"]},{"cards_removed":["Decay"],"damage_healed":0.0,"max_hp_gain":0.0,"max_hp_loss":0.0,"gold_gain":0.0,"event_name":"Fountain of Cleansing","player_choice":"Removed Curses","floor":36.0,"gold_loss":0.0,"damage_taken":0.0},{"cards_removed":["Strike_R"],"damage_healed":0.0,"max_hp_gain":0.0,"max_hp_loss":0.0,"gold_gain":0.0,"event_name":"Falling","player_choice":"Removed Attack","floor":39.0,"gold_loss":0.0,"damage_taken":0.0}],"is_beta":false,"boss_relics":[{"not_picked":["Tiny House","Runic Pyramid"],"picked":"Calling Bell"},{"not_picked":["Black Blood","Velvet Choker"],"picked":"Snecko Eye"}],"items_purged_floors":[31],"is_endless":false,"potions_floor_spawned":[1,10,11,25,29,33,41,45,48],"ascension_level":0}