{"gold_per_floor":[112,130,148,163,176,176,193,193,193,193,207,220,233,245,245,342,342,358,375,271,271,289,289,301,301,372,372,372,387,406,424,424,424],"floor_reached":33,"playtime":1283,"items_purged":[],"score":249,"play_id":"eaffecfc-dd8d-4a50-922d-87a9dc9862ee","local_time":"20190410214442","is_ascension_mode":false,"campfire_choices":[{"data":"Armaments","floor":6.0,"key":"SMITH"},{"data":"Havoc","floor":8.0,"key":"SMITH"},{"data":"True Grit","floor":10.0,"key":"SMITH"},{"data":"Feed","floor":15.0,"key":"SMITH"},{"floor":23.0,"key":"REST"},{"data":"Infernal Blade","floor":25.0,"key":"SMITH"},{"data":"Inflame","floor":28.0,"key":"SMITH"},{"floor":32,"key":"REST"}],"neow_cost":"PERCENT_DAMAGE","seed_source_timestamp":0,"circlet_count":0,"master_deck":["Strike_R","Strike_R","Strike_R","Strike_R","Strike_R","Defend_R","Defend_R","Defend_R","Defend_R","Bash","Immolate","Headbutt","True Grit+1","Inflame+1","Armaments+1","Havoc+1","Ghostly Armor","Feed+1","Metallicize","Disarm","Immolate","Battle Trance","Shrug It Off","Infernal Blade+1","Feel No Pain","Uppercut+1","Flame Barrier+1","Armaments"],"special_seed":0,"relics":["Burning Blood"],"potions_floor_usage":[31],"damage_taken":[{"damage":0.0,"enemies":"2 Louse","floor":1.0,"turns":1.0},{"damage":1.0,"enemies":"Cultist","floor":2.0,"turns":3.0},{"damage":0.0,"enemies":"Small Slimes","floor":3.0,"turns":3.0},{"damage":0.0,"enemies":"3 Louse","floor":4.0,"turns":1.0},{"damage":0.0,"enemies":"Lots of Slimes","floor":5.0,"turns":1.0},{"damage":4.0,"enemies":"Exordium Thugs","floor":7.0,"turns":3.0},{"damage":4.0,"enemies":"Exordium Wildlife","floor":11.0,"turns":3.0},{"damage":4.0,"enemies":"Blue Slaver","floor":12.0,"turns":3.0},{"damage":0.0,"enemies":"Lots of Slimes","floor":13.0,"turns":1.0},{"damage":7.0,"enemies":"Exordium Thugs","floor":14.0,"turns":4.0},{"damage":35.0,"enemies":"Slime Boss","floor":16.0,"turns":10.0},{"damage":3.0,"enemies":"Chosen","floor":18.0,"turns":5.0},{"damage":26.0,"enemies":"3 Byrds","floor":19.0,"turns":6.0},{"damage":20.0,"enemies":"Colosseum Slavers","floor":21.0,"turns":5.0},{"damage":11.0,"enemies":"Snake Plant","floor":22.0,"turns":6.0},{"damage":20.0,"enemies":"Snecko","floor":24.0,"turns":7.0},{"damage":11.0,"enemies":"3 Cultists","floor":29.0,"turns":4.0},{"damage":12.0,"enemies":"Shelled Parasite and Fungi","floor":30.0,"turns":8.0},{"damage":7,"enemies":"Cultist and Chosen","floor":31,"turns":6},{"damage":84,"enemies":"Collector","floor":33,"turns":8}],"seed_played":"223716475938729214","potions_obtained":[{"floor":2.0,"key":"FearPotion"},{"floor":3.0,"key":"Poison Potion"},{"floor":13.0,"key":"Swift Potion"},{"floor":16.0,"key":"SteroidPotion"},{"floor":24.0,"key":"GamblersBrew"},{"floor":30.0,"key":"PowerPotion"}],"is_trial":false,"path_per_floor":["M","M","M","M","M","R","M","R","T","R","M","M","M","M","R","B",null,"M","M","$","?","M","R","M","R","T","?","R","M","M","M","R","B"],"character_chosen":"IRONCLAD","items_purchased":["Infernal Blade","Feel No Pain"],"campfire_rested":2,"item_purchase_floors":[20,20],"current_hp_per_floor":[62,67,73,79,80,80,80,80,80,80,80,83,83,85,85,56,86,86,70,70,60,55,83,69,69,69,60,60,55,49,48,76,0],"gold":424,"neow_bonus":"THREE_RARE_CARDS","is_prod":false,"is_daily":false,"chose_seed":false,"campfire_upgraded":6,"win_rate":0,"timestamp":1554954282,"path_taken":["M","M","M","M","M","R","M","R","T","R","M","M","M","M","R","BOSS","M","M","$","?","M","R","M","R","T","?","R","M","?","M","R","BOSS"],"build_version":"2019-01-23","purchased_purges":0,"victory":false,"max_hp_per_floor":[80,80,80,80,80,80,80,80,80,80,80,83,83,86,86,86,86,86,90,90,94,94,94,94,94,94,94,94,94,94,94,94,94],"card_choices":[{"not_picked":["Bludgeon","Exhume"],"picked":"Immolate","floor":0.0},{"not_picked":["Clash","Flex"],"picked":"Headbutt","floor":1.0},{"not_picked":["Anger","Ghostly Armor"],"picked":"True Grit","floor":2.0},{"not_picked":["Havoc","Headbutt"],"picked":"Inflame","floor":3.0},{"not_picked":["Anger","Perfected Strike"],"picked":"Armaments","floor":4.0},{"not_picked":["Flex","Clash"],"picked":"Havoc","floor":5.0},{"not_picked":["Sentinel","Iron Wave"],"picked":"Ghostly Armor","floor":7.0},{"not_picked":["Warcry","Shockwave"],"picked":"Feed","floor":11.0},{"not_picked":["Hemokinesis","Anger","Rampage"],"picked":"SKIP","floor":12.0},{"not_picked":["Twin Strike","Whirlwind"],"picked":"Metallicize","floor":13.0},{"not_picked":["Cleave","Twin Strike"],"picked":"Disarm","floor":14.0},{"not_picked":["Limit Break","Brutality"],"picked":"Immolate","floor":16.0},{"not_picked":["Iron Wave","Anger+1"],"picked":"Battle Trance","floor":18.0},{"not_picked":["Thunderclap","Wild Strike"],"picked":"Shrug It Off","floor":19.0},{"not_picked":["Heavy Blade+1","Twin Strike","Brutality"],"picked":"SKIP","floor":22.0},{"not_picked":["Heavy Blade","Clash"],"picked":"Uppercut+1","floor":24.0},{"not_picked":["Shockwave","Shrug It Off"],"picked":"Flame Barrier+1","floor":29.0},{"not_picked":["Clothesline","Rage","Anger+1"],"picked":"SKIP","floor":30.0},{"not_picked":["Perfected Strike","Evolve"],"picked":"Armaments","floor":31}],"player_experience":1768401,"relics_obtained":[],"event_choices":[{"damage_healed":0.0,"max_hp_gain":0.0,"max_hp_loss":0.0,"gold_gain":0.0,"event_name":"Colosseum","player_choice":"Fight","floor":21.0,"gold_loss":0.0,"damage_taken":0.0},{"damage_healed":0.0,"max_hp_gain":0.0,"max_hp_loss":0.0,"gold_gain":0.0,"event_name":"Colosseum","player_choice":"Fled From Nobs","floor":21.0,"gold_loss":0.0,"damage_taken":0.0},{"damage_healed":0.0,"max_hp_gain":0.0,"max_hp_loss":0.0,"gold_gain":0.0,"event_name":"Wheel of Change","player_choice":"Damaged","floor":27.0,"gold_loss":0.0,"damage_taken":9.0}],"is_beta":false,"boss_relics":[{"not_picked":["Velvet Choker","Fusion Hammer","Runic Pyramid"]}],"items_purged_floors":[],"is_endless":false,"potions_floor_spawned":[2,3,13,16,22,24,30],"killed_by":"Collector","ascension_level":0}