{"gold_per_floor":[210,225,225,235,183,183,202,212,212,227,152,152,152,187,187,283,283,299,299,57,57,57,57,83,83,83,83,83,101,126,137,137,239,239,252,263,309,320,339,368,368,384,384,384,230,230,230,256,256,256,256,256,131,163,163],"floor_reached":55,"playtime":1960,"items_purged":["Strike_R","Shame","Strike_R"],"score":749,"play_id":"c1e75b66-0315-40c4-8bd0-bf26b4074e39","local_time":"20190410175321","is_ascension_mode":true,"campfire_choices":[{"data":"Pommel Strike","floor":6.0,"key":"SMITH"},{"data":"Clothesline","floor":13,"key":"SMITH"},{"data":"Twin Strike","floor":15,"key":"SMITH"},{"floor":23,"key":"RECALL"},{"floor":25,"key":"REST"},{"data":"Shrug It Off","floor":27,"key":"SMITH"},{"data":"Shrug It Off","floor":32,"key":"SMITH"},{"floor":41,"key":"REST"},{"data":"Defend_R","floor":44,"key":"SMITH"},{"data":"Headbutt","floor":47,"key":"SMITH"},{"floor":49,"key":"REST"},{"data":"Defend_R","floor":52,"key":"SMITH"}],"neow_cost":"NONE","seed_source_timestamp":76542518611200,"circlet_count":0,"master_deck":["Strike_R","Strike_R","Strike_R","Defend_R","Defend_R","Defend_R+1","Defend_R+1","Bash+1","Shrug It Off+1","Pommel Strike+1","Clothesline+1","Twin Strike+1","Shrug It Off+1","Necronomicurse","Shrug It Off+1","Perfected Strike+1","Sword Boomerang+1","Perfected Strike+1","Headbutt+1"],"special_seed":0,"relics":["Burning Blood","Meat on the Bone","Mummified Hand","Sozu","Necronomicon","Shuriken","Bag of Marbles","Frozen Egg 2","Mango","Blood Vial","Snecko Eye","Pocketwatch","Pantograph","Question Card","Bag of Preparation","Nunchaku"],"potions_floor_usage":[55,55],"damage_taken":[{"damage":8.0,"enemies":"2 Louse","floor":1.0,"turns":3.0},{"damage":7.0,"enemies":"Small Slimes","floor":2.0,"turns":4.0},{"damage":5.0,"enemies":"Jaw Worm","floor":4.0,"turns":4.0},{"damage":8.0,"enemies":"3 Louse","floor":7.0,"turns":4.0},{"damage":0.0,"enemies":"Large Slime","floor":8.0,"turns":5.0},{"damage":10.0,"enemies":"Looter","floor":10.0,"turns":3.0},{"damage":26,"enemies":"Lagavulin","floor":14,"turns":6},{"damage":31,"enemies":"The Guardian","floor":16,"turns":12},{"damage":8,"enemies":"Shell Parasite","floor":18,"turns":4},{"damage":30,"enemies":"Gremlin Leader","floor":24,"turns":6},{"damage":0,"enemies":"3 Byrds","floor":29,"turns":4},{"damage":37,"enemies":"Slavers","floor":30,"turns":5},{"damage":2,"enemies":"Shelled Parasite and Fungi","floor":31,"turns":5},{"damage":40,"enemies":"Champ","floor":33,"turns":7},{"damage":0,"enemies":"Orb Walker","floor":35,"turns":1},{"damage":0,"enemies":"3 Shapes","floor":36,"turns":2},{"damage":2,"enemies":"2 Orb Walkers","floor":37,"turns":3},{"damage":25,"enemies":"Writhing Mass","floor":38,"turns":4},{"damage":0,"enemies":"Maw","floor":39,"turns":6},{"damage":40,"enemies":"Reptomancer","floor":40,"turns":6},{"damage":18,"enemies":"4 Shapes","floor":42,"turns":3},{"damage":35,"enemies":"Giant Head","floor":48,"turns":6},{"damage":48,"enemies":"Time Eater","floor":50,"turns":5},{"damage":40,"enemies":"Shield and Spear","floor":54,"turns":6},{"damage":126,"enemies":"The Heart","floor":55,"turns":5}],"seed_played":"-7413960028066635869","potions_obtained":[{"floor":2.0,"key":"Explosive Potion"},{"floor":14,"key":"Dexterity Potion"}],"is_trial":false,"path_per_floor":["M","M","?","M","$","R","M","M","T","M","$","?","R","E","R","B",null,"M","?","$","?","?","R","E","R","T","R","T","M","E","M","R","B",null,"M","M","?","M","M","E","R","M","T","R","$","?","R","E","R","B",null,"R","$","E","B"],"character_chosen":"IRONCLAD","items_purchased":["Pommel Strike","Shuriken","Headbutt"],"campfire_rested":3,"item_purchase_floors":[5,20,45],"current_hp_per_floor":[78,77,77,78,78,78,76,80,80,76,76,81,81,61,61,48,85,83,67,67,67,67,67,55,80,94,94,94,99,68,74,74,54,99,99,99,99,80,88,56,85,75,75,75,75,75,75,60,88,64,94,94,94,60,0],"gold":163,"neow_bonus":"HUNDRED_GOLD","is_prod":false,"is_daily":false,"chose_seed":false,"campfire_upgraded":8,"win_rate":0,"timestamp":1554944001,"path_taken":["M","M","?","M","$","R","M","M","T","M","$","?","R","E","R","BOSS","M","?","$","?","?","R","E","R","T","R","?","M","E","M","R","BOSS","M","M","?","M","M","E","R","M","T","R","$","?","R","E","R","BOSS","R","$","E","BOSS"],"build_version":"2019-01-23","purchased_purges":3,"victory":false,"max_hp_per_floor":[80,80,80,80,80,80,80,80,80,80,80,85,85,85,85,85,85,85,85,85,85,85,85,85,85,99,99,99,99,99,99,99,99,99,99,99,99,99,99,99,99,99,99,99,99,94,94,94,94,94,94,94,94,94,94],"card_choices":[{"not_picked":["Sword Boomerang","Spot Weakness","Havoc"],"picked":"SKIP","floor":1.0},{"not_picked":["Wild Strike","Shockwave"],"picked":"Shrug It Off","floor":2.0},{"not_picked":["Flex","Dual Wield","Body Slam"],"picked":"SKIP","floor":4.0},{"not_picked":["Double Tap","Metallicize","Sentinel"],"picked":"SKIP","floor":7.0},{"not_picked":["Pommel Strike","Havoc"],"picked":"Clothesline","floor":8.0},{"not_picked":["Heavy Blade","Iron Wave"],"picked":"Twin Strike","floor":10.0},{"not_picked":["Clothesline","Twin Strike","Infernal Blade"],"picked":"SKIP","floor":14},{"not_picked":["Anger","Wild Strike"],"picked":"Shrug It Off","floor":18},{"not_picked":["Armaments","Dropkick+1","Combust"],"picked":"SKIP","floor":24},{"not_picked":["Evolve+1","Flex"],"picked":"Shrug It Off+1","floor":29},{"not_picked":["Shrug It Off","Fire Breathing+1","Dark Embrace+1"],"picked":"SKIP","floor":30},{"not_picked":["Headbutt","Second Wind"],"picked":"Perfected Strike+1","floor":31},{"not_picked":["Fire Breathing+1","Clash+1","Havoc"],"picked":"SKIP","floor":35},{"not_picked":["Hemokinesis","Power Through+1","Cleave"],"picked":"SKIP","floor":36},{"not_picked":["Pummel+1","Searing Blow+1","Twin Strike"],"picked":"SKIP","floor":38},{"not_picked":["Rage+1","Second Wind"],"picked":"Sword Boomerang+1","floor":39},{"not_picked":["Ghostly Armor+1","Intimidate+1","Iron Wave+1"],"picked":"SKIP","floor":40},{"not_picked":["Shrug It Off","Havoc"],"picked":"Perfected Strike+1","floor":42},{"not_picked":["Barricade+1","Burning Pact+1","Ghostly Armor","Flex+1"],"picked":"SKIP","floor":48},{"not_picked":["Battle Trance+1","Rampage+1","Juggernaut+1","Armaments"],"picked":"SKIP","floor":54}],"player_experience":518517,"relics_obtained":[{"floor":9.0,"key":"Meat on the Bone"},{"floor":14,"key":"Mummified Hand"},{"floor":19,"key":"Necronomicon"},{"floor":24,"key":"Frozen Egg 2"},{"floor":26,"key":"Mango"},{"floor":30,"key":"Blood Vial"},{"floor":37,"key":"Pocketwatch"},{"floor":40,"key":"Pantograph"},{"floor":43,"key":"Question Card"},{"floor":48,"key":"Bag of Preparation"},{"floor":54,"key":"Nunchaku"}],"event_choices":[{"damage_healed":0.0,"max_hp_gain":0.0,"max_hp_loss":0.0,"gold_gain":0.0,"event_name":"Living Wall","player_choice":"Grow","floor":3.0,"gold_loss":0.0,"damage_taken":0.0,"cards_upgraded":["Bash"]},{"damage_healed":0,"gold_gain":0,"player_choice":"Donut","damage_taken":0,"max_hp_gain":5,"max_hp_loss":0,"event_name":"Big Fish","floor":12,"gold_loss":0},{"damage_healed":0,"gold_gain":0,"player_choice":"Obtained Book","damage_taken":16,"max_hp_gain":0,"max_hp_loss":0,"event_name":"Cursed Tome","floor":19,"gold_loss":0},{"damage_healed":0,"gold_gain":0,"player_choice":"Ignored","damage_taken":0,"max_hp_gain":0,"max_hp_loss":0,"event_name":"Ghosts","floor":21,"gold_loss":0},{"damage_healed":0,"gold_gain":0,"player_choice":"Stole Relic","damage_taken":0,"relics_obtained":["Bag of Marbles"],"max_hp_gain":0,"max_hp_loss":0,"event_name":"Addict","floor":22,"gold_loss":0,"cards_obtained":["Shame"]},{"damage_healed":0,"gold_gain":0,"player_choice":"Fight","damage_taken":0,"max_hp_gain":0,"max_hp_loss":0,"event_name":"Mysterious Sphere","floor":37,"gold_loss":0},{"damage_healed":0,"gold_gain":0,"player_choice":"Max HP","damage_taken":0,"max_hp_gain":0,"max_hp_loss":5,"event_name":"Winding Halls","floor":46,"gold_loss":0}],"is_beta":false,"boss_relics":[{"not_picked":["Philosopher\u0027s Stone","Black Star"],"picked":"Sozu"},{"not_picked":["Busted Crown","Velvet Choker"],"picked":"Snecko Eye"}],"items_purged_floors":[11,45,53],"is_endless":false,"potions_floor_spawned":[2,14,24,30,33,35,39,40],"killed_by":"The Heart","ascension_level":1}