{"gold_per_floor":[119,50,64,64,10,35,35,67,112,124,134,134,14,24,24,125,125,140,140,158,174,174,174,191,191,191,225,225,241,251,264,264,264],"floor_reached":33,"playtime":1454,"items_purged":[],"score":349,"play_id":"14ca4ee0-643f-4302-85f0-31133bd7abe7","local_time":"20181008175155","is_ascension_mode":true,"campfire_choices":[{"floor":7,"key":"REST"},{"data":"Cloak And Dagger","floor":15,"key":"SMITH"},{"floor":23,"key":"REST"},{"floor":25,"key":"REST"},{"floor":28,"key":"REST"},{"floor":32,"key":"REST"}],"neow_cost":"","seed_source_timestamp":2159774531433552,"circlet_count":0,"master_deck":["Defend_G","Defend_G","Defend_G","Defend_G","Defend_G","Strike_G","Strike_G","Strike_G","Strike_G","Strike_G","Survivor","Neutralize","Deflect","Infinite Blades","Dagger Spray","Blade Dance","Dagger Spray","Footwork","Slice","Deflect","Cloak And Dagger+1","Backstab","Dash","Adrenaline","Blade Dance","Infinite Blades","Slice","Dagger Throw","Decay","Blade Dance+1","Cloak And Dagger+1","PiercingWail+1","Envenom"],"relics":["Ring of the Snake","Lantern","Tingsha","Question Card","Oddly Smooth Stone","Happy Flower","Cursed Key","Bottled Flame","Boot"],"potions_floor_usage":[8,16,24,27,33,33],"damage_taken":[{"damage":8,"enemies":"2 Louse","floor":1,"turns":3},{"damage":0,"enemies":"Jaw Worm","floor":3,"turns":6},{"damage":19,"enemies":"3 Sentries","floor":6,"turns":7},{"damage":25,"enemies":"Lagavulin","floor":8,"turns":8},{"damage":0,"enemies":"Cultist","floor":10,"turns":3},{"damage":0,"enemies":"Red Slaver","floor":11,"turns":3},{"damage":8,"enemies":"Large Slime","floor":14,"turns":7},{"damage":41,"enemies":"The Guardian","floor":16,"turns":16},{"damage":2,"enemies":"3 Byrds","floor":18,"turns":4},{"damage":0,"enemies":"Chosen","floor":20,"turns":4},{"damage":28,"enemies":"Centurion and Healer","floor":21,"turns":7},{"damage":1,"enemies":"Snecko","floor":24,"turns":5},{"damage":20,"enemies":"Slavers","floor":27,"turns":7},{"damage":18,"enemies":"Sentry and Sphere","floor":29,"turns":4},{"damage":12,"enemies":"Centurion and Healer","floor":30,"turns":7},{"damage":11,"enemies":"Snecko","floor":31,"turns":4},{"damage":40,"enemies":"Automaton","floor":33,"turns":4}],"seed_played":"-6388236387633338495","potions_obtained":[{"floor":6,"key":"Regen Potion"},{"floor":11,"key":"LiquidBronze"},{"floor":14,"key":"Regen Potion"},{"floor":20,"key":"GamblersBrew"},{"floor":24,"key":"EssenceOfSteel"},{"floor":30,"key":"EssenceOfSteel"},{"floor":31,"key":"Explosive Potion"}],"is_trial":false,"path_per_floor":["M","$","M","?","$","E","R","E","T","M","M","?","$","M","R","B",null,"M","?","M","M","?","R","M","R","T","E","R","M","M","M","R"],"character_chosen":"THE_SILENT","items_purchased":["Infinite Blades","Blade Dance","Cloak And Dagger","Backstab"],"campfire_rested":5,"item_purchase_floors":[2,5,13,13],"current_hp_per_floor":[62,62,62,59,59,40,61,50,50,50,50,50,50,42,42,16,57,55,42,42,14,5,27,26,48,48,28,50,32,20,9,31,0],"gold":264,"neow_bonus":"","is_prod":false,"is_daily":false,"chose_seed":false,"campfire_upgraded":1,"win_rate":0,"timestamp":1539042715,"path_taken":["M","$","M","?","?","E","R","E","T","M","?","?","$","?","R","BOSS","M","?","M","M","?","R","?","R","T","E","R","?","M","?","R","BOSS"],"build_version":"2018-10-04v2","purchased_purges":0,"victory":false,"max_hp_per_floor":[70,70,70,70,70,70,70,70,70,70,70,70,70,70,70,70,70,70,75,75,75,75,75,75,75,75,75,75,75,75,75,75,75],"card_choices":[{"not_picked":["Dagger Throw","Flying Knee"],"picked":"Deflect","floor":1},{"not_picked":["Flechettes","Outmaneuver"],"picked":"Dagger Spray","floor":3},{"not_picked":["Well Laid Plans","Dagger Throw"],"picked":"Dagger Spray","floor":6},{"not_picked":["Quick Slash","Slice"],"picked":"Footwork","floor":8},{"not_picked":["Well Laid Plans","Backflip","Wraith Form v2"],"picked":"Slice","floor":10},{"not_picked":["Flying Knee","PiercingWail","Deadly Poison"],"picked":"Deflect","floor":11},{"not_picked":["Dagger Throw","Dagger Spray","Poisoned Stab"],"picked":"Dash","floor":14},{"not_picked":["Phantasmal Killer","Grand Finale","Night Terror"],"picked":"Adrenaline","floor":16},{"not_picked":["Underhanded Strike","Predator","Deflect+1"],"picked":"Blade Dance","floor":18},{"not_picked":["Poisoned Stab","Underhanded Strike+1","Bouncing Flask+1"],"picked":"Infinite Blades","floor":20},{"not_picked":["Sucker Punch","Poisoned Stab+1","Terror"],"picked":"Slice","floor":21},{"not_picked":["Malaise","Deadly Poison","Predator"],"picked":"Dagger Throw","floor":24},{"not_picked":["Dagger Spray+1","PiercingWail","Reflex"],"picked":"Blade Dance+1","floor":27},{"not_picked":["Footwork+1","Underhanded Strike","Expertise"],"picked":"Cloak And Dagger+1","floor":29},{"not_picked":["Eviscerate","Outmaneuver","Deflect"],"picked":"PiercingWail+1","floor":30},{"not_picked":["Blade Dance","Prepared","Riddle With Holes"],"picked":"Envenom","floor":31}],"player_experience":675441,"relics_obtained":[{"floor":6,"key":"Tingsha"},{"floor":8,"key":"Question Card"},{"floor":9,"key":"Oddly Smooth Stone"},{"floor":26,"key":"Bottled Flame"},{"floor":27,"key":"Boot"}],"event_choices":[{"event_name":"Scrap Ooze","player_choice":"success","floor":4,"damage_taken":3},{"event_name":"WeMeetAgain","player_choice":"Potion","floor":12,"damage_taken":0},{"event_name":"Forgotten Altar","player_choice":"Shed Blood","floor":19,"damage_taken":0},{"event_name":"Cursed Tome","player_choice":"Stopped","floor":22,"damage_taken":0}],"is_beta":false,"boss_relics":[{"not_picked":["Ectoplasm","Astrolabe"],"picked":"Cursed Key"}],"items_purged_floors":[],"is_endless":false,"potions_floor_spawned":[6,11,14,20,24,30,31],"killed_by":"Automaton","ascension_level":5}