{"gold_per_floor":[110,124,1,14,14,14,27,42,65,77,77,77,92,108,108,108],"floor_reached":16,"playtime":1446,"items_purged":["Strike_B"],"score":106,"play_id":"4de048c6-3294-4d3f-8744-521448e2e0a3","local_time":"20190411124350","is_ascension_mode":true,"campfire_choices":[{"floor":6.0,"key":"REST"},{"floor":12.0,"key":"REST"},{"floor":15.0,"key":"REST"}],"neow_cost":"NONE","seed_source_timestamp":547558052712303,"circlet_count":0,"master_deck":["Strike_B","Strike_B","Strike_B","Defend_B","Defend_B","Defend_B+1","Defend_B","Zap","Dualcast","Reprogram","Beam Cell+1","Turbo","Hologram","FTL","Gash","Go for the Eyes"],"special_seed":0,"relics":["Cracked Core","PreservedInsect","Golden Idol"],"potions_floor_usage":[16,16,16],"damage_taken":[{"damage":4.0,"enemies":"Jaw Worm","floor":1.0,"turns":4.0},{"damage":8.0,"enemies":"2 Louse","floor":2.0,"turns":3.0},{"damage":5.0,"enemies":"Small Slimes","floor":4.0,"turns":3.0},{"damage":5.0,"enemies":"Blue Slaver","floor":7.0,"turns":4.0},{"damage":13.0,"enemies":"3 Louse","floor":8.0,"turns":3.0},{"damage":13.0,"enemies":"Large Slime","floor":10.0,"turns":5.0},{"damage":17.0,"enemies":"Red Slaver","floor":13.0,"turns":4.0},{"damage":5.0,"enemies":"Blue Slaver","floor":14.0,"turns":2.0},{"damage":53,"enemies":"Slime Boss","floor":16,"turns":8}],"seed_played":"7083954162533277332","potions_obtained":[{"floor":1.0,"key":"Weak Potion"},{"floor":2.0,"key":"Strength Potion"},{"floor":8.0,"key":"Swift Potion"}],"is_trial":false,"path_per_floor":["M","M","$","M","?","R","M","M","T","M","?","R","M","M","R","B"],"character_chosen":"DEFECT","items_purchased":["Beam Cell"],"campfire_rested":3,"item_purchase_floors":[3],"current_hp_per_floor":[71,63,63,58,43,65,60,47,47,34,34,54,37,32,52,0],"gold":108,"neow_bonus":"THREE_CARDS","is_prod":false,"is_daily":false,"chose_seed":false,"campfire_upgraded":0,"win_rate":0,"timestamp":1555004630,"path_taken":["M","M","$","M","?","R","M","M","T","M","?","R","M","M","R","BOSS"],"build_version":"2019-01-23","purchased_purges":1,"victory":false,"max_hp_per_floor":[75,75,75,75,75,75,75,75,75,75,69,69,69,69,69,69],"card_choices":[{"not_picked":["Chill","Leap","Undo"],"picked":"SKIP","floor":1.0},{"not_picked":["Ball Lightning","Undo"],"picked":"Reprogram","floor":2.0},{"not_picked":["Compile Driver","Sweeping Beam"],"picked":"Turbo","floor":4.0},{"not_picked":["Undo","Consume"],"picked":"Hologram","floor":7.0},{"not_picked":["Undo","Glacier"],"picked":"FTL","floor":8.0},{"not_picked":["Darkness","Stack"],"picked":"Gash","floor":10.0},{"not_picked":["Steam","Ball Lightning"],"picked":"Go for the Eyes","floor":13.0},{"not_picked":["Ball Lightning","Barrage","Blizzard"],"picked":"SKIP","floor":14.0}],"player_experience":297457,"relics_obtained":[{"floor":9.0,"key":"PreservedInsect"}],"event_choices":[{"damage_healed":0.0,"max_hp_gain":0.0,"max_hp_loss":0.0,"gold_gain":0.0,"event_name":"Shining Light","player_choice":"Entered Light","floor":5.0,"gold_loss":0.0,"damage_taken":15.0,"cards_upgraded":["Defend_B","Beam Cell"]},{"damage_healed":0.0,"max_hp_gain":0.0,"max_hp_loss":6.0,"gold_gain":0.0,"event_name":"Golden Idol","player_choice":"Lose Max HP","floor":11.0,"gold_loss":0.0,"damage_taken":0.0,"relics_obtained":["Golden Idol"]}],"is_beta":false,"boss_relics":[],"items_purged_floors":[3],"is_endless":false,"potions_floor_spawned":[1,2,8,13],"killed_by":"Slime Boss","ascension_level":2}