{"gold_per_floor":[116,132,132,51,127,127,160,85,85,96,121,121,153,171,171,249,249,262,274,290,30,30,30,30],"floor_reached":24,"playtime":780,"items_purged":[],"score":418,"play_id":"3d3d666a-f425-490f-a975-b283035e5f6d","local_time":"20190409105643","is_ascension_mode":true,"campfire_choices":[{"data":"Bash","floor":6,"key":"SMITH"},{"data":"Pommel Strike","floor":12,"key":"SMITH"},{"data":"Heavy Blade","floor":15,"key":"SMITH"},{"data":"Spot Weakness","floor":23,"key":"SMITH"}],"neow_cost":"NONE","seed_source_timestamp":2114934904738287,"circlet_count":0,"master_deck":["AscendersBane","Strike_R","Strike_R","Strike_R","Defend_R","Defend_R","Defend_R","Defend_R","Bash+1","Spot Weakness+1","Anger","Shockwave","Spot Weakness","Fiend Fire","Rampage","Pommel Strike+1","Heavy Blade+1","Feed","Twin Strike","Inflame+1"],"relics":["Burning Blood","NeowsBlessing","Ornamental Fan","Kunai","Dream Catcher","Bronze Scales","Paper Frog","Eternal Feather","Frozen Egg 2"],"potions_floor_usage":[11],"damage_taken":[{"damage":0,"enemies":"Small Slimes","floor":1,"turns":1},{"damage":0,"enemies":"Cultist","floor":2,"turns":1},{"damage":0,"enemies":"3 Sentries","floor":7,"turns":2},{"damage":0,"enemies":"2 Louse","floor":10,"turns":2},{"damage":16,"enemies":"Gremlin Nob","floor":11,"turns":3},{"damage":17,"enemies":"Lagavulin","floor":13,"turns":6},{"damage":11,"enemies":"Looter","floor":14,"turns":2},{"damage":38,"enemies":"Slime Boss","floor":16,"turns":6},{"damage":14,"enemies":"Chosen","floor":18,"turns":4},{"damage":7,"enemies":"3 Byrds","floor":19,"turns":4},{"damage":25,"enemies":"Snecko","floor":20,"turns":4},{"damage":57,"enemies":"Slavers","floor":24,"turns":3}],"seed_played":"2555251851057785553","potions_obtained":[{"floor":1,"key":"Poison Potion"},{"floor":2,"key":"FearPotion"},{"floor":11,"key":"Ancient Potion"},{"floor":13,"key":"LiquidBronze"}],"is_trial":false,"path_per_floor":["?","T","?","?"],"character_chosen":"IRONCLAD","items_purchased":["Spot Weakness","Frozen Egg 2"],"campfire_rested":0,"item_purchase_floors":[4,21],"current_hp_per_floor":[74,75,75,75,75,75,75,75,75,75,65,65,54,49,49,17,61,53,55,36,36,36,48,0],"gold":30,"neow_bonus":"THREE_ENEMY_KILL","is_prod":false,"is_daily":false,"chose_seed":false,"campfire_upgraded":4,"win_rate":0,"timestamp":1554821803,"path_taken":["M","M","?","$","?","R","E","?","T","M","E","R","E","M","R","BOSS","M","M","M","$","?","R","E"],"build_version":"2019-01-23","purchased_purges":0,"victory":false,"max_hp_per_floor":[75,75,75,75,75,75,75,75,75,75,75,75,75,75,75,75,75,75,78,78,78,78,78,81],"card_choices":[{"not_picked":["Body Slam","Fire Breathing"],"picked":"Spot Weakness","floor":1},{"not_picked":["Iron Wave","Bloodletting"],"picked":"Anger","floor":2},{"not_picked":["Pummel","Sentinel"],"picked":"Fiend Fire","floor":7},{"not_picked":["Fire Breathing","True Grit"],"picked":"Rampage","floor":10},{"not_picked":["Warcry","Clash"],"picked":"Pommel Strike","floor":11},{"not_picked":["Pommel Strike","Seeing Red"],"picked":"Heavy Blade","floor":13},{"not_picked":["Perfected Strike","Power Through","Iron Wave"],"picked":"SKIP","floor":14},{"not_picked":["Dark Embrace","Offering"],"picked":"Feed","floor":16},{"not_picked":["Blood for Blood","Pommel Strike","Entrench"],"picked":"SKIP","floor":18},{"not_picked":["Body Slam","Dual Wield"],"picked":"Twin Strike","floor":19},{"not_picked":["Fire Breathing","Cleave","Uppercut"],"picked":"SKIP","floor":20}],"player_experience":1647630,"relics_obtained":[{"floor":5,"key":"Ornamental Fan"},{"floor":7,"key":"Kunai"},{"floor":9,"key":"Dream Catcher"},{"floor":11,"key":"Bronze Scales"},{"floor":13,"key":"Paper Frog"}],"event_choices":[{"damage_healed":0,"gold_gain":0,"cards_transformed":["Strike_R"],"player_choice":"Transformed","damage_taken":0,"max_hp_gain":0,"max_hp_loss":0,"event_name":"Transmorgrifier","floor":3,"gold_loss":0,"cards_obtained":["Shockwave"]},{"cards_removed":["Strike_R"],"damage_healed":0,"gold_gain":0,"player_choice":"Card Removal","damage_taken":0,"max_hp_gain":0,"max_hp_loss":0,"event_name":"The Cleric","floor":8,"gold_loss":75},{"damage_healed":0,"gold_gain":0,"player_choice":"Read","damage_taken":0,"max_hp_gain":0,"max_hp_loss":0,"event_name":"The Library","floor":22,"gold_loss":0,"cards_obtained":["Inflame"]}],"is_beta":false,"boss_relics":[{"not_picked":["Lizard Tail","Mark of Pain"],"picked":"Eternal Feather"}],"items_purged_floors":[],"is_endless":false,"potions_floor_spawned":[1,2,11,13,16,18,20],"killed_by":"Slavers","ascension_level":15}