{"gold_per_floor":[119,119,133,95,108,136,136,156,156,171,171,185,199,214,214,312,312,323,348,348,348],"floor_reached":21,"playtime":1288,"items_purged":[],"score":229,"play_id":"f4aad03b-190d-4644-9c2c-43e65747f00a","local_time":"20180923112856","is_ascension_mode":true,"campfire_choices":[{"floor":7,"key":"REST"},{"floor":15,"key":"REST"}],"neow_cost":"NONE","seed_source_timestamp":840936426450397,"circlet_count":0,"master_deck":["Defend_G","Defend_G","Defend_G","Defend_G","Strike_G","Strike_G","Strike_G","Survivor","Neutralize","Blade Dance","Prepared","Endless Agony","Reflex","Tactician","Acrobatics","Acrobatics","After Image","Noxious Fumes","Die Die Die","Concentrate+1","Underhanded Strike+1"],"relics":["Empty Cage","Ninja Scroll","Tingsha","Pocketwatch","Snecko Eye","Red Mask"],"potions_floor_usage":[6,12,16,16,18],"damage_taken":[{"damage":0,"enemies":"2 Louse","floor":1,"turns":4},{"damage":0,"enemies":"Jaw Worm","floor":3,"turns":3},{"damage":0,"enemies":"Small Slimes","floor":5,"turns":3},{"damage":25,"enemies":"3 Sentries","floor":6,"turns":10},{"damage":2,"enemies":"Red Slaver","floor":8,"turns":3},{"damage":9,"enemies":"Blue Slaver","floor":10,"turns":4},{"damage":10,"enemies":"2 Fungi Beasts","floor":12,"turns":3},{"damage":2,"enemies":"Gremlin Gang","floor":13,"turns":5},{"damage":6,"enemies":"Exordium Thugs","floor":14,"turns":5},{"damage":27,"enemies":"Slime Boss","floor":16,"turns":11},{"damage":25,"enemies":"2 Thieves","floor":18,"turns":4},{"damage":29,"enemies":"Masked Bandits","floor":19,"turns":5},{"damage":20,"enemies":"Shell Parasite","floor":21,"turns":4}],"seed_played":"-5180898643039499722","potions_obtained":[{"floor":5,"key":"Block Potion"},{"floor":8,"key":"FearPotion"},{"floor":10,"key":"Regen Potion"},{"floor":12,"key":"SkillPotion"},{"floor":14,"key":"SkillPotion"},{"floor":16,"key":"Regen Potion"},{"floor":18,"key":"SpeedPotion"}],"is_trial":false,"path_per_floor":["M","?","M","?","M","E","R","M","T","M","?","M","M","M","R","B",null,"M","?","?"],"character_chosen":"THE_SILENT","items_purchased":[],"campfire_rested":2,"item_purchase_floors":[],"current_hp_per_floor":[70,58,58,58,58,33,54,52,52,43,36,35,33,27,48,21,58,45,16,16,0],"gold":348,"neow_bonus":"BOSS_RELIC","is_prod":false,"is_daily":false,"chose_seed":false,"campfire_upgraded":0,"win_rate":0,"timestamp":1537723736,"path_taken":["M","?","M","?","M","E","R","?","T","?","?","?","M","M","R","BOSS","M","?","?","M"],"build_version":"2018-09-20","purchased_purges":0,"victory":false,"max_hp_per_floor":[70,70,70,70,70,70,70,70,70,70,70,70,70,70,70,70,70,70,70,70,70],"card_choices":[{"not_picked":["Dagger Spray","Outmaneuver"],"picked":"Blade Dance","floor":1},{"not_picked":["Terror","Acrobatics"],"picked":"Prepared","floor":3},{"not_picked":["Flechettes","Deadly Poison"],"picked":"Endless Agony","floor":5},{"not_picked":["Blade Dance","Poisoned Stab"],"picked":"Reflex","floor":6},{"not_picked":["Quick Slash","Dodge and Roll"],"picked":"Tactician","floor":8},{"not_picked":["Tactician","Flying Knee"],"picked":"Acrobatics","floor":10},{"not_picked":["Sucker Punch","Quick Slash"],"picked":"Acrobatics","floor":12},{"not_picked":["Distraction","Accuracy"],"picked":"After Image","floor":13},{"not_picked":["Choke","Heel Hook"],"picked":"Noxious Fumes","floor":14},{"not_picked":["Wraith Form v2","A Thousand Cuts"],"picked":"Die Die Die","floor":16},{"not_picked":["Riddle With Holes","Backflip"],"picked":"Concentrate+1","floor":18},{"not_picked":["Slice","Bane+1"],"picked":"Underhanded Strike+1","floor":19}],"player_experience":559939,"relics_obtained":[{"floor":6,"key":"Tingsha"},{"floor":9,"key":"Pocketwatch"},{"floor":19,"key":"Red Mask"}],"event_choices":[{"event_name":"Scrap Ooze","player_choice":"success","floor":2,"damage_taken":12},{"event_name":"World of Goop","player_choice":"Left","floor":4,"damage_taken":0},{"event_name":"Golden Wing","player_choice":"Card Removal","floor":11,"damage_taken":0},{"event_name":"Masked Bandits","player_choice":"Fought Bandits","floor":19,"damage_taken":0},{"event_name":"Beggar","player_choice":"Ignored","floor":20,"damage_taken":0}],"is_beta":false,"boss_relics":[{"not_picked":["Runic Pyramid","Runic Dome"],"picked":"Snecko Eye"}],"items_purged_floors":[],"is_endless":false,"potions_floor_spawned":[5,8,10,12,14,16,18],"killed_by":"Shell Parasite","ascension_level":5}