{"gold_per_floor":[113,113,113,125,125,155,175,205,205,225,225,236,511,531,531,531],"floor_reached":16,"playtime":583,"items_purged":[],"score":253,"play_id":"1313f47e-a0b7-46c5-a66c-9883c8d2879c","local_time":"20190407175228","is_ascension_mode":true,"campfire_choices":[{"floor":11,"key":"REST"},{"data":"Loop","floor":15,"key":"SMITH"}],"neow_cost":"NONE","seed_source_timestamp":742543341173400,"circlet_count":0,"master_deck":["AscendersBane","Strike_B","Strike_B","Strike_B","Defend_B+1","Defend_B","Defend_B+1","Defend_B","Zap","Dualcast","Coolheaded+1","Ball Lightning","Coolheaded","Loop+1","Undo","Regret"],"relics":["Cracked Core","NeowsBlessing","PreservedInsect","Girya","Darkstone Periapt"],"potions_floor_usage":[16],"damage_taken":[{"damage":0,"enemies":"Jaw Worm","floor":1,"turns":1},{"damage":0,"enemies":"Cultist","floor":4,"turns":1},{"damage":0,"enemies":"Gremlin Nob","floor":6,"turns":1},{"damage":0,"enemies":"Small Slimes","floor":7,"turns":3},{"damage":19,"enemies":"Lagavulin","floor":8,"turns":6},{"damage":5,"enemies":"3 Louse","floor":10,"turns":4},{"damage":8,"enemies":"Exordium Thugs","floor":12,"turns":5},{"damage":5,"enemies":"Large Slime","floor":14,"turns":5},{"damage":43,"enemies":"Hexaghost","floor":16,"turns":14}],"seed_played":"-4688801049919199697","potions_obtained":[{"floor":6,"key":"Ancient Potion"},{"floor":8,"key":"Regen Potion"}],"is_trial":false,"path_per_floor":["M","?","?","M","?","E","M","E","T","M","R","M","?","M","R","B"],"character_chosen":"DEFECT","items_purchased":[],"campfire_rested":1,"item_purchase_floors":[],"current_hp_per_floor":[64,64,43,43,36,36,36,17,17,12,33,25,31,26,26,0],"gold":531,"neow_bonus":"THREE_ENEMY_KILL","is_prod":false,"is_daily":false,"chose_seed":false,"campfire_upgraded":1,"win_rate":0,"timestamp":1554684748,"path_taken":["M","?","?","M","?","E","M","E","T","?","R","M","?","?","R","BOSS"],"build_version":"2019-01-23","purchased_purges":0,"victory":false,"max_hp_per_floor":[71,71,71,71,71,71,71,71,71,71,71,71,77,77,77,77],"card_choices":[{"not_picked":["Skim","BootSequence"],"picked":"Coolheaded","floor":1},{"not_picked":["Leap","Streamline"],"picked":"Ball Lightning","floor":4},{"not_picked":["Sunder","Go for the Eyes"],"picked":"Coolheaded","floor":6},{"not_picked":["Sweeping Beam","Machine Learning"],"picked":"Loop","floor":7},{"not_picked":["FTL","Coolheaded","Gash"],"picked":"SKIP","floor":8},{"not_picked":["Sweeping Beam","Leap"],"picked":"Undo","floor":10},{"not_picked":["Conserve Battery","All For One","Hologram"],"picked":"SKIP","floor":12},{"not_picked":["Consume","Stack","Aggregate"],"picked":"SKIP","floor":14}],"player_experience":488941,"relics_obtained":[{"floor":6,"key":"PreservedInsect"},{"floor":8,"key":"Girya"},{"floor":9,"key":"Darkstone Periapt"}],"event_choices":[{"damage_healed":0,"gold_gain":0,"player_choice":"Grow","damage_taken":0,"max_hp_gain":0,"max_hp_loss":0,"event_name":"Living Wall","floor":2,"gold_loss":0,"cards_upgraded":["Coolheaded"]},{"damage_healed":0,"gold_gain":0,"player_choice":"Entered Light","damage_taken":21,"max_hp_gain":0,"max_hp_loss":0,"event_name":"Shining Light","floor":3,"gold_loss":0,"cards_upgraded":["Defend_B","Defend_B"]},{"cards_removed":["Strike_B"],"damage_healed":0,"gold_gain":0,"player_choice":"Card Removal","damage_taken":7,"max_hp_gain":0,"max_hp_loss":0,"event_name":"Golden Wing","floor":5,"gold_loss":0},{"damage_healed":0,"gold_gain":275,"player_choice":"Desecrate","damage_taken":0,"max_hp_gain":0,"max_hp_loss":0,"event_name":"Golden Shrine","floor":13,"gold_loss":0,"cards_obtained":["Regret"]}],"is_beta":false,"boss_relics":[],"items_purged_floors":[],"is_endless":false,"potions_floor_spawned":[6,8,12,14],"killed_by":"Hexaghost","ascension_level":17}