{"gold_per_floor":[109,31,41,41,54,54,81,81,81,97,97,117,117,87,87,185,185,202,213,213,224,224,224,224,236,260,260,280,291,310,327,327,327],"floor_reached":33,"playtime":2956,"items_purged":[],"score":290,"play_id":"05cb455d-5bfd-4524-90c9-68bd6fc1f98e","local_time":"20190406142117","is_ascension_mode":true,"campfire_choices":[{"data":"Searing Blow","floor":6,"key":"SMITH"},{"data":"Searing Blow+1","floor":8,"key":"SMITH"},{"data":"Searing Blow+2","floor":11,"key":"SMITH"},{"data":"Entrench","floor":15,"key":"SMITH"},{"data":"Searing Blow+3","floor":23,"key":"SMITH"},{"data":"Searing Blow+4","floor":27,"key":"SMITH"},{"data":"Searing Blow+5","floor":32,"key":"SMITH"}],"neow_cost":"NONE","seed_source_timestamp":613536590330800,"circlet_count":0,"master_deck":["Defend_R","Defend_R","Defend_R","Defend_R+1","Bash","Entrench+1","Sentinel+1","Searing Blow+6","Double Tap","Flame Barrier","Bite","Bite","Bite","Bite","Shrug It Off+1","Cleave","Armaments","Carnage+1"],"relics":["Burning Blood","NeowsBlessing","Odd Mushroom","Omamori","Snecko Eye","Paper Frog","Juzu Bracelet"],"potions_floor_usage":[7,7,12,16,16,18,25,28,33,33],"damage_taken":[{"damage":0,"enemies":"Small Slimes","floor":1,"turns":1},{"damage":0,"enemies":"Cultist","floor":3,"turns":1},{"damage":0,"enemies":"2 Louse","floor":5,"turns":1},{"damage":28,"enemies":"The Mushroom Lair","floor":7,"turns":6},{"damage":2,"enemies":"2 Fungi Beasts","floor":10,"turns":4},{"damage":14,"enemies":"Lots of Slimes","floor":12,"turns":5},{"damage":11,"enemies":"Slime Boss","floor":16,"turns":13},{"damage":3,"enemies":"Spheric Guardian","floor":18,"turns":3},{"damage":8,"enemies":"Chosen","floor":19,"turns":5},{"damage":10,"enemies":"Snecko","floor":21,"turns":5},{"damage":4,"enemies":"Sentry and Sphere","floor":25,"turns":5},{"damage":2,"enemies":"Centurion and Healer","floor":28,"turns":6},{"damage":2,"enemies":"Shelled Parasite and Fungi","floor":29,"turns":3},{"damage":13,"enemies":"Cultist and Chosen","floor":30,"turns":8},{"damage":1,"enemies":"Centurion and Healer","floor":31,"turns":5},{"damage":88,"enemies":"Automaton","floor":33,"turns":10}],"seed_played":"7783740073228078501","potions_obtained":[{"floor":3,"key":"Block Potion"},{"floor":5,"key":"Weak Potion"},{"floor":7,"key":"SteroidPotion"},{"floor":10,"key":"SteroidPotion"},{"floor":14,"key":"Energy Potion"},{"floor":14,"key":"Ancient Potion"},{"floor":18,"key":"SteroidPotion"},{"floor":21,"key":"SteroidPotion"},{"floor":25,"key":"Weak Potion"},{"floor":31,"key":"Regen Potion"}],"is_trial":false,"path_per_floor":["M","$","M","?","M","R","?","R","T","M","R","M","?","?","R","B",null,"M","M","?","M","?","R","?","M","T","R","M","M","M","M","R","B"],"character_chosen":"IRONCLAD","items_purchased":["Entrench"],"campfire_rested":0,"item_purchase_floors":[2],"current_hp_per_floor":[80,80,80,80,80,80,58,58,58,62,62,54,38,38,38,33,80,80,78,56,56,56,56,56,56,56,56,56,56,56,56,56,0],"gold":327,"neow_bonus":"THREE_ENEMY_KILL","is_prod":false,"is_daily":false,"chose_seed":false,"campfire_upgraded":7,"win_rate":0,"timestamp":1554574877,"path_taken":["M","$","M","?","?","R","?","R","T","M","R","M","?","?","R","BOSS","M","?","?","M","?","R","?","M","T","R","M","M","M","M","R","BOSS"],"build_version":"2019-01-23","purchased_purges":0,"victory":false,"max_hp_per_floor":[80,80,80,80,80,80,80,80,80,80,80,80,80,80,80,80,80,80,80,56,56,56,56,56,56,56,56,56,56,56,56,56,56],"card_choices":[{"not_picked":["Flex","Bloodletting","Thunderclap"],"picked":"SKIP","floor":1},{"not_picked":["Dropkick","Clothesline"],"picked":"Sentinel","floor":3},{"not_picked":["Iron Wave","Spot Weakness"],"picked":"Searing Blow","floor":5},{"not_picked":["Berserk","Clothesline","Clash"],"picked":"SKIP","floor":10},{"not_picked":["Whirlwind","Burning Pact","Havoc"],"picked":"SKIP","floor":12},{"not_picked":["Demon Form","Exhume"],"picked":"Double Tap","floor":16},{"not_picked":["Ghostly Armor","Blood for Blood+1","Anger"],"picked":"SKIP","floor":18},{"not_picked":["Warcry+1","Perfected Strike"],"picked":"Flame Barrier","floor":19},{"not_picked":["Heavy Blade","Armaments+1","Whirlwind+1"],"picked":"SKIP","floor":21},{"not_picked":["Sword Boomerang","Iron Wave"],"picked":"Shrug It Off+1","floor":25},{"not_picked":["Spot Weakness","Hemokinesis+1"],"picked":"Cleave","floor":28},{"not_picked":["Flex","Berserk"],"picked":"Armaments","floor":29},{"not_picked":["Flex+1","Anger"],"picked":"Carnage+1","floor":30},{"not_picked":["Sword Boomerang","Bloodletting+1","Iron Wave"],"picked":"SKIP","floor":31}],"player_experience":174687,"relics_obtained":[{"floor":7,"key":"Odd Mushroom"},{"floor":9,"key":"Omamori"},{"floor":26,"key":"Juzu Bracelet"}],"event_choices":[{"cards_removed":["Strike_R"],"damage_healed":0,"gold_gain":0,"player_choice":"Purged","damage_taken":0,"max_hp_gain":0,"max_hp_loss":0,"event_name":"Purifier","floor":4,"gold_loss":0},{"damage_healed":0,"gold_gain":0,"player_choice":"Fought Mushrooms","damage_taken":0,"max_hp_gain":0,"max_hp_loss":0,"event_name":"Mushrooms","floor":7,"gold_loss":0},{"damage_healed":0,"gold_gain":0,"player_choice":"Entered Light","damage_taken":16,"max_hp_gain":0,"max_hp_loss":0,"event_name":"Shining Light","floor":13,"gold_loss":0,"cards_upgraded":["Sentinel","Defend_R"]},{"damage_healed":0,"gold_gain":0,"player_choice":"Bought 2 Potions","damage_taken":0,"max_hp_gain":0,"max_hp_loss":0,"event_name":"The Woman in Blue","floor":14,"gold_loss":0},{"damage_healed":0,"gold_gain":0,"player_choice":"Became a vampire","damage_taken":0,"max_hp_gain":0,"max_hp_loss":24,"event_name":"Vampires","floor":20,"gold_loss":0,"cards_obtained":["Bite","Bite","Bite","Bite","Bite"]},{"damage_healed":0,"gold_gain":0,"player_choice":"Opened","damage_taken":0,"relics_obtained":["Paper Frog"],"max_hp_gain":0,"max_hp_loss":0,"event_name":"The Mausoleum","floor":22,"gold_loss":0},{"cards_removed":["Bite"],"damage_healed":0,"gold_gain":0,"player_choice":"Purged","damage_taken":0,"max_hp_gain":0,"max_hp_loss":0,"event_name":"Purifier","floor":24,"gold_loss":0}],"is_beta":false,"boss_relics":[{"not_picked":["Orrery","Velvet Choker"],"picked":"Snecko Eye"}],"items_purged_floors":[],"is_endless":false,"potions_floor_spawned":[3,5,7,10,18,21,25,31],"killed_by":"Automaton","ascension_level":2}