{"gold_per_floor":[115,127,127,127,142,142,168,187,187,187,197,208,226,237,237,237],"floor_reached":16,"playtime":502,"items_purged":[],"score":106,"play_id":"b7188825-1885-42d8-b9fd-c36d7f33a0ff","local_time":"20190202232647","is_ascension_mode":false,"campfire_choices":[{"data":"Searing Blow","floor":6.0,"key":"SMITH"},{"data":"Searing Blow+1","floor":15,"key":"SMITH"}],"neow_cost":"NONE","seed_source_timestamp":385935778012486,"circlet_count":0,"master_deck":["Strike_R","Strike_R","Strike_R","Strike_R","Defend_R","Defend_R","Defend_R","Defend_R","Bash","Searing Blow+2","Pommel Strike","Body Slam+1","Inflame","Thunderclap","Reckless Charge","Dual Wield"],"special_seed":0,"relics":["Burning Blood"],"potions_floor_usage":[13,16,16,16],"damage_taken":[{"damage":5.0,"enemies":"Small Slimes","floor":1.0,"turns":3.0},{"damage":4.0,"enemies":"2 Louse","floor":2.0,"turns":3.0},{"damage":1.0,"enemies":"Cultist","floor":5.0,"turns":3.0},{"damage":34.0,"enemies":"Gremlin Nob","floor":7.0,"turns":5.0},{"damage":10,"enemies":"Looter","floor":8,"turns":3},{"damage":5,"enemies":"2 Fungi Beasts","floor":11,"turns":3},{"damage":10,"enemies":"Exordium Thugs","floor":12,"turns":3},{"damage":11,"enemies":"Red Slaver","floor":13,"turns":3},{"damage":5,"enemies":"Large Slime","floor":14,"turns":4},{"damage":62,"enemies":"Hexaghost","floor":16,"turns":11}],"seed_played":"1058272598815590883","potions_obtained":[{"floor":1.0,"key":"GamblersBrew"},{"floor":11,"key":"Regen Potion"},{"floor":12,"key":"SteroidPotion"},{"floor":14,"key":"Block Potion"}],"is_trial":false,"path_per_floor":["M","M","?","?","M","R","E","M","T","?","M","M","M","M","R","B"],"character_chosen":"IRONCLAD","items_purchased":[],"campfire_rested":0,"item_purchase_floors":[],"current_hp_per_floor":[88,88,88,81,86,86,58,54,54,54,55,51,55,56,56,0],"gold":237,"neow_bonus":"TEN_PERCENT_HP_BONUS","is_prod":false,"is_daily":false,"chose_seed":false,"campfire_upgraded":2,"win_rate":0,"timestamp":1549175207,"path_taken":["M","M","?","?","M","R","E","M","T","?","M","M","?","M","R","BOSS"],"build_version":"2019-01-23","purchased_purges":0,"victory":false,"max_hp_per_floor":[88,88,88,88,88,88,88,88,88,88,88,88,88,88,88,88],"card_choices":[{"not_picked":["Shrug It Off","Flame Barrier"],"picked":"Searing Blow","floor":1.0},{"not_picked":["Headbutt","Blood for Blood","Sever Soul"],"picked":"SKIP","floor":2.0},{"not_picked":["True Grit","Intimidate"],"picked":"Pommel Strike","floor":5.0},{"not_picked":["Shockwave","Anger"],"picked":"Body Slam","floor":7},{"not_picked":["Havoc","Metallicize","Perfected Strike"],"picked":"SKIP","floor":8},{"not_picked":["Wild Strike","Feel No Pain"],"picked":"Inflame","floor":11},{"not_picked":["Fire Breathing","Fiend Fire"],"picked":"Thunderclap","floor":12},{"not_picked":["Thunderclap","True Grit"],"picked":"Reckless Charge","floor":13},{"not_picked":["Body Slam","Searing Blow"],"picked":"Dual Wield","floor":14}],"player_experience":1377413,"relics_obtained":[],"event_choices":[{"damage_healed":0.0,"max_hp_gain":0.0,"max_hp_loss":0.0,"gold_gain":0.0,"event_name":"Scrap Ooze","player_choice":"Fled","floor":3.0,"gold_loss":0.0,"damage_taken":0.0},{"cards_removed":["Strike_R"],"damage_healed":0.0,"max_hp_gain":0.0,"max_hp_loss":0.0,"gold_gain":0.0,"event_name":"Golden Wing","player_choice":"Card Removal","floor":4.0,"gold_loss":0.0,"damage_taken":7.0},{"damage_healed":0,"gold_gain":0,"player_choice":"Upgraded","damage_taken":0,"max_hp_gain":0,"max_hp_loss":0,"event_name":"Upgrade Shrine","floor":10,"gold_loss":0,"cards_upgraded":["Body Slam"]}],"is_beta":false,"boss_relics":[],"items_purged_floors":[],"is_endless":false,"potions_floor_spawned":[1,11,12,14],"killed_by":"Hexaghost","ascension_level":0}