{"gold_per_floor":[111,61,61,72,147,147,147,159,159,159,175,175,188,9,9,104,104,121,138,138,138,59,59,384,396,396,406,406,406,406,406,406,502,502,518,538,548,548,565,565,565,598,598,204,236,252,127,227,227,227,227,227,146,176,176],"floor_reached":55,"playtime":5155,"items_purged":["Strike_R","Defend_R","Defend_R"],"score":928,"play_id":"8cde7e4f-f736-43e3-b82a-459a80cb20b2","local_time":"20190408152224","is_ascension_mode":true,"campfire_choices":[{"data":"Body Slam","floor":6.0,"key":"SMITH"},{"data":"Metallicize","floor":10.0,"key":"SMITH"},{"data":"Barricade","floor":12.0,"key":"SMITH"},{"data":"Body Slam","floor":15.0,"key":"SMITH"},{"data":"True Grit","floor":23.0,"key":"SMITH"},{"data":"Impervious","floor":28.0,"key":"SMITH"},{"data":"Metallicize","floor":32.0,"key":"SMITH"},{"floor":49,"key":"RECALL"},{"data":"Power Through","floor":52,"key":"SMITH"}],"neow_cost":"NONE","seed_source_timestamp":787800723733700,"circlet_count":0,"master_deck":["Defend_R","Bash+1","Body Slam+1","Shockwave+1","Metallicize+1","Barricade+1","Inflame","Body Slam+1","Impervious+1","True Grit+1","Metallicize+1","Power Through+1","Shrug It Off+1","Reaper","Metallicize+1","Inflame","Madness","Madness","Ghostly Armor+1","Shrug It Off+1","Finesse+1","Disarm+1"],"special_seed":0,"relics":["Burning Blood","Pantograph","Sozu","Nilry\u0027s Codex","Old Coin","Cursed Key","Toxic Egg 2","Letter Opener","Dream Catcher","Calipers"],"potions_floor_usage":[],"damage_taken":[{"damage":13.0,"enemies":"Small Slimes","floor":1.0,"turns":4.0},{"damage":5.0,"enemies":"2 Louse","floor":4.0,"turns":4.0},{"damage":0.0,"enemies":"Cultist","floor":8.0,"turns":3.0},{"damage":4.0,"enemies":"Blue Slaver","floor":11.0,"turns":5.0},{"damage":13.0,"enemies":"Large Slime","floor":13.0,"turns":7.0},{"damage":36.0,"enemies":"Slime Boss","floor":16.0,"turns":14.0},{"damage":5.0,"enemies":"Spheric Guardian","floor":18.0,"turns":6.0},{"damage":0.0,"enemies":"Chosen","floor":19.0,"turns":5.0},{"damage":5.0,"enemies":"Book of Stabbing","floor":24.0,"turns":5.0},{"damage":7.0,"enemies":"Snake Plant","floor":25.0,"turns":4.0},{"damage":26.0,"enemies":"3 Cultists","floor":27.0,"turns":8.0},{"damage":0.0,"enemies":"Collector","floor":33.0,"turns":5.0},{"damage":6.0,"enemies":"3 Shapes","floor":35.0,"turns":5.0},{"damage":0.0,"enemies":"Orb Walker","floor":36.0,"turns":4.0},{"damage":0.0,"enemies":"Transient","floor":37.0,"turns":5.0},{"damage":10.0,"enemies":"3 Darklings","floor":39.0,"turns":9.0},{"damage":0.0,"enemies":"Spire Growth","floor":41.0,"turns":1.0},{"damage":13.0,"enemies":"Giant Head","floor":42.0,"turns":7.0},{"damage":0,"enemies":"Nemesis","floor":45,"turns":7},{"damage":24,"enemies":"Transient","floor":46,"turns":5},{"damage":16,"enemies":"Awakened One","floor":50,"turns":11},{"damage":56,"enemies":"Shield and Spear","floor":54,"turns":7},{"damage":84,"enemies":"The Heart","floor":55,"turns":15}],"seed_played":"7122885487185910070","potions_obtained":[{"floor":4.0,"key":"BloodPotion"},{"floor":8.0,"key":"SmokeBomb"},{"floor":11.0,"key":"GamblersBrew"}],"is_trial":false,"path_per_floor":["M","?","?","M","?","R","?","M","T","R","M","R","M","$","R","B",null,"M","M","?","?","$","R","E","M","T","M","R","?","?","?","R","B",null,"M","M","M","?","M","?","M","E","T","$","E","M","$","?","R","B",null,"R","$","E","B"],"character_chosen":"IRONCLAD","items_purchased":["Inflame","Body Slam","Power Through","Letter Opener","Shrug It Off+1","Finesse+1"],"campfire_rested":0,"item_purchase_floors":[14,14,22,44,44,53],"current_hp_per_floor":[73,73,73,74,63,63,63,77,77,77,79,79,72,72,72,50,80,80,80,80,64,64,64,65,64,64,44,44,44,44,80,80,80,80,80,80,80,70,76,76,80,78,78,78,80,80,80,80,80,80,80,80,80,39,0],"gold":176,"neow_bonus":"UPGRADE_CARD","is_prod":false,"is_daily":false,"chose_seed":false,"campfire_upgraded":8,"win_rate":0,"timestamp":1554751344,"path_taken":["M","?","?","?","?","R","?","?","T","R","M","R","M","$","R","BOSS","M","M","?","?","?","R","E","M","T","?","R","?","?","?","R","BOSS","M","M","M","?","M","?","M","E","T","$","E","M","$","?","R","BOSS","R","$","E","BOSS"],"build_version":"2019-01-23","purchased_purges":3,"victory":false,"max_hp_per_floor":[80,80,80,80,80,80,80,80,80,80,80,80,80,80,80,80,80,80,80,80,80,80,80,80,80,80,80,80,80,80,80,80,80,80,80,80,80,80,80,80,80,80,80,80,80,80,80,80,80,80,80,80,80,80,80],"card_choices":[{"not_picked":["Perfected Strike","Flex"],"picked":"Body Slam","floor":1.0},{"not_picked":["Iron Wave","Headbutt","Flex"],"picked":"SKIP","floor":4.0},{"not_picked":["Iron Wave","Headbutt","Flex"],"picked":"SKIP","floor":4.0},{"not_picked":["Rupture","Flex"],"picked":"Metallicize","floor":8.0},{"not_picked":["Thunderclap","Perfected Strike"],"picked":"Barricade","floor":11.0},{"not_picked":["Twin Strike","Havoc","Second Wind"],"picked":"SKIP","floor":13.0},{"not_picked":["Feed","Offering"],"picked":"Impervious","floor":16.0},{"not_picked":["Headbutt","Twin Strike+1","Anger+1"],"picked":"SKIP","floor":18.0},{"not_picked":["Wild Strike","Perfected Strike","Clash"],"picked":"SKIP","floor":19.0},{"not_picked":["Clothesline","Juggernaut","Second Wind"],"picked":"SKIP","floor":24.0},{"not_picked":["Perfected Strike","Hemokinesis","Havoc"],"picked":"SKIP","floor":25.0},{"not_picked":["True Grit","Havoc+1"],"picked":"Shrug It Off+1","floor":27.0},{"not_picked":["Immolate","Exhume"],"picked":"Reaper","floor":33.0},{"not_picked":["True Grit","Thunderclap","Havoc+1"],"picked":"SKIP","floor":35.0},{"not_picked":["Pommel Strike","Twin Strike"],"picked":"Metallicize+1","floor":36.0},{"not_picked":["Uppercut","Rampage+1"],"picked":"Inflame","floor":37.0},{"not_picked":["Clash","Evolve+1","Fire Breathing+1"],"picked":"SKIP","floor":39.0},{"not_picked":["Cleave","Heavy Blade+1"],"picked":"Ghostly Armor+1","floor":42.0},{"not_picked":["Blood for Blood","Iron Wave","Clash"],"picked":"SKIP","floor":45},{"not_picked":["Evolve+1","Berserk","Clothesline"],"picked":"SKIP","floor":46},{"not_picked":["Iron Wave","Twin Strike"],"picked":"Disarm+1","floor":54}],"player_experience":263636,"relics_obtained":[{"floor":9.0,"key":"Pantograph"},{"floor":21.0,"key":"Nilry\u0027s Codex"},{"floor":24.0,"key":"Old Coin"},{"floor":42.0,"key":"Toxic Egg 2"},{"floor":45,"key":"Dream Catcher"},{"floor":54,"key":"Calipers"}],"event_choices":[{"cards_removed":["Strike_R"],"damage_healed":0.0,"max_hp_gain":0.0,"max_hp_loss":0.0,"gold_gain":0.0,"event_name":"The Cleric","player_choice":"Card Removal","floor":2.0,"gold_loss":50.0,"damage_taken":0.0},{"damage_healed":0.0,"max_hp_gain":0.0,"max_hp_loss":0.0,"gold_gain":0.0,"cards_transformed":["Strike_R"],"event_name":"Transmorgrifier","player_choice":"Transformed","floor":3.0,"gold_loss":0.0,"damage_taken":0.0,"cards_obtained":["Shockwave"]},{"damage_healed":0.0,"max_hp_gain":0.0,"max_hp_loss":0.0,"gold_gain":75.0,"event_name":"World of Goop","player_choice":"Gather Gold","floor":5.0,"gold_loss":0.0,"damage_taken":11.0},{"damage_healed":0.0,"max_hp_gain":0.0,"max_hp_loss":0.0,"gold_gain":0.0,"event_name":"Upgrade Shrine","player_choice":"Upgraded","floor":7.0,"gold_loss":0.0,"damage_taken":0.0,"cards_upgraded":["Shockwave"]},{"damage_healed":0.0,"max_hp_gain":0.0,"max_hp_loss":0.0,"gold_gain":0.0,"cards_transformed":["Strike_R","Strike_R"],"event_name":"Drug Dealer","player_choice":"Became Test Subject","floor":20.0,"gold_loss":0.0,"damage_taken":0.0,"cards_obtained":["True Grit","Metallicize"]},{"damage_healed":0.0,"max_hp_gain":0.0,"max_hp_loss":0.0,"gold_gain":0.0,"event_name":"Cursed Tome","player_choice":"Obtained Book","floor":21.0,"gold_loss":0.0,"damage_taken":16.0},{"damage_healed":0.0,"max_hp_gain":0.0,"max_hp_loss":0.0,"gold_gain":0.0,"event_name":"The Mausoleum","player_choice":"Ignored","floor":29.0,"gold_loss":0.0,"damage_taken":0.0},{"cards_removed":["Defend_R"],"damage_healed":0.0,"max_hp_gain":0.0,"max_hp_loss":0.0,"gold_gain":0.0,"event_name":"Back to Basics","player_choice":"Elegance","floor":30.0,"gold_loss":0.0,"damage_taken":0.0},{"damage_healed":36.0,"max_hp_gain":0.0,"max_hp_loss":0.0,"gold_gain":0.0,"event_name":"Wheel of Change","player_choice":"Full Heal","floor":31.0,"gold_loss":0.0,"damage_taken":0.0},{"damage_healed":0.0,"max_hp_gain":0.0,"max_hp_loss":0.0,"gold_gain":0.0,"event_name":"Winding Halls","player_choice":"Embrace Madness","floor":38.0,"gold_loss":0.0,"damage_taken":10.0,"cards_obtained":["Madness","Madness"]},{"damage_healed":0.0,"max_hp_gain":0.0,"max_hp_loss":0.0,"gold_gain":0.0,"event_name":"Tomb of Lord Red Mask","player_choice":"Ignored","floor":40.0,"gold_loss":0.0,"damage_taken":0.0},{"damage_healed":0,"gold_gain":100,"player_choice":"Pray","damage_taken":0,"max_hp_gain":0,"max_hp_loss":0,"event_name":"Golden Shrine","floor":48,"gold_loss":0}],"is_beta":false,"boss_relics":[{"not_picked":["Black Star","Philosopher\u0027s Stone"],"picked":"Sozu"},{"not_picked":["Mark of Pain","Snecko Eye"],"picked":"Cursed Key"}],"items_purged_floors":[14,44,47],"is_endless":false,"potions_floor_spawned":[4,8,11,18,25,33,35,36,42,54],"killed_by":"The Heart","ascension_level":3}