{"gold_per_floor":[144,244,289,334,379,469,469,514,539,539,569,17,17,107,107,407,407,452,452,2,47,47,137,2,102,102,139,196,298,310,367,379,691,703,760,1771,1828,1890,1902,1914,2067,2169,2181,2193,96,141,21,66,66,66],"floor_reached":51,"playtime":7133,"items_purged":[],"score":1096,"play_id":"d1fa9f9b-397f-4ea0-ad99-dfba07abb962","local_time":"20190404102553","daily_mods":["Heirloom","Hoarder","Midas"],"is_ascension_mode":false,"campfire_choices":[{"floor":7.0,"key":"REST"},{"floor":10.0,"key":"REST"},{"floor":13.0,"key":"REST"},{"floor":15.0,"key":"REST"},{"floor":32,"key":"REST"},{"floor":40,"key":"REST"},{"floor":44,"key":"REST"},{"data":"1","floor":49,"key":"LIFT"}],"neow_cost":"","seed_source_timestamp":0,"circlet_count":0,"master_deck":["Defend_G","Defend_G","Defend_G","Defend_G","Defend_G","Strike_G","Strike_G","Strike_G","Strike_G","Strike_G","Survivor","Neutralize","Dodge and Roll","Dodge and Roll","Dodge and Roll","All Out Attack","All Out Attack","All Out Attack","Well Laid Plans","Well Laid Plans","Well Laid Plans","Deflect","Deflect","Deflect","Flying Knee","Flying Knee","Flying Knee","Flying Knee","Flying Knee","Flying Knee","Secret Technique","Secret Technique","Secret Technique","Flash of Steel","Flash of Steel","Flash of Steel","PiercingWail","PiercingWail","PiercingWail","Grand Finale","Grand Finale","Grand Finale","Escape Plan","Escape Plan","Escape Plan","Deadly Poison","Deadly Poison","Deadly Poison","Blade Dance","Blade Dance","Blade Dance","Bouncing Flask","Bouncing Flask","Bouncing Flask","Dagger Throw","Dagger Throw","Dagger Throw","The Bomb","The Bomb","The Bomb","Noxious Fumes","Noxious Fumes","Noxious Fumes","Deadly Poison","Deadly Poison","Deadly Poison","Backstab","Backstab","Backstab","Parasite","Parasite","Parasite","Decay","Decay","Decay","Infinite Blades","Infinite Blades","Infinite Blades","Leg Sweep","Leg Sweep","Leg Sweep","Crippling Poison","Crippling Poison","Crippling Poison","After Image","After Image","After Image","Calculated Gamble","Calculated Gamble","Calculated Gamble","Normality","Normality","Normality","Normality","Normality","Normality","Slice","Slice","Slice","Clumsy","Clumsy","Clumsy","Distraction+1","Distraction+1","Distraction+1","Endless Agony+1","Endless Agony+1","Endless Agony+1","Regret","Regret","Regret","Finisher","Finisher","Finisher","Bane","Bane","Bane","Footwork+1","Footwork+1","Footwork+1"],"special_seed":17989,"relics":["Ring of the Snake","StoneCalendar","The Courier","Lantern","Tiny Chest","Membership Card","Mercury Hourglass","Mango","Vajra","Potion Belt","Cursed Key","TwistedFunnel","PreservedInsect","Juzu Bracelet","Anchor","Boot","Matryoshka","Blood Vial","MawBank","Regal Pillow","Bag of Preparation","Centennial Puzzle","Pear","MutagenicStrength","Runic Pyramid","Pen Nib","FossilizedHelix","Kunai","Darkstone Periapt","Mummified Hand","Bird Faced Urn","Happy Flower","Cauldron","Paper Crane","Thread and Needle","Letter Opener","Pantograph","Pocketwatch","Ancient Tea Set","Omamori","Bottled Lightning","Girya","Sundial","Question Card","Toxic Egg 2","Meat on the Bone","Shuriken","Bottled Flame","Ninja Scroll","Tingsha","Torii"],"potions_floor_usage":[33,33,42,50,50],"damage_taken":[{"damage":0.0,"enemies":"Jaw Worm","floor":1.0,"turns":5.0},{"damage":0.0,"enemies":"Cultist","floor":3.0,"turns":6.0},{"damage":0.0,"enemies":"2 Louse","floor":4.0,"turns":2.0},{"damage":17.0,"enemies":"Large Slime","floor":5.0,"turns":7.0},{"damage":14.0,"enemies":"Lagavulin","floor":6.0,"turns":7.0},{"damage":10.0,"enemies":"Exordium Wildlife","floor":8.0,"turns":4.0},{"damage":5.0,"enemies":"3 Sentries","floor":14.0,"turns":3.0},{"damage":33.0,"enemies":"The Guardian","floor":16.0,"turns":9.0},{"damage":11,"enemies":"Shell Parasite","floor":18,"turns":7},{"damage":0,"enemies":"3 Byrds","floor":21,"turns":2},{"damage":14,"enemies":"Book of Stabbing","floor":23,"turns":4},{"damage":0,"enemies":"Snake Plant","floor":28,"turns":3},{"damage":0,"enemies":"Slavers","floor":29,"turns":2},{"damage":0,"enemies":"Centurion and Healer","floor":31,"turns":3},{"damage":11,"enemies":"Collector","floor":33,"turns":6},{"damage":4,"enemies":"3 Shapes","floor":35,"turns":3},{"damage":0,"enemies":"Orb Walker","floor":37,"turns":2},{"damage":2,"enemies":"2 Orb Walkers","floor":41,"turns":4},{"damage":9,"enemies":"Reptomancer","floor":42,"turns":4},{"damage":4,"enemies":"Writhing Mass","floor":46,"turns":3},{"damage":1,"enemies":"Maw","floor":48,"turns":6},{"damage":103,"enemies":"Awakened One","floor":50,"turns":15}],"seed_played":"8059318561791735055","potions_obtained":[{"floor":1.0,"key":"Swift Potion"},{"floor":5.0,"key":"Strength Potion"},{"floor":6.0,"key":"AttackPotion"},{"floor":14.0,"key":"Energy Potion"},{"floor":18,"key":"Dexterity Potion"},{"floor":23,"key":"SkillPotion"},{"floor":31,"key":"Regen Potion"},{"floor":37,"key":"LiquidBronze"},{"floor":41,"key":"SteroidPotion"},{"floor":42,"key":"SkillPotion"},{"floor":45,"key":"Regen Potion"},{"floor":45,"key":"FairyPotion"},{"floor":45,"key":"EntropicBrew"}],"is_trial":false,"path_per_floor":["M","?","M","M","M","E","R","M","T","R","T","$","R","E","R","B",null,"M","?","$","M","?","E","$","?","T","T","M","E","?","M","R","B",null,"M","?","M","T","?","R","?","E","T","R","$","M","$","M","R","B",null],"character_chosen":"THE_SILENT","items_purchased":["Membership Card","Mercury Hourglass","Secret Technique","Mango","Vajra","Flash of Steel","TwistedFunnel","PreservedInsect","Juzu Bracelet","Anchor","Boot","Matryoshka","Deadly Poison","Blade Dance","The Bomb","Noxious Fumes","Deadly Poison","Backstab","Mummified Hand","Bird Faced Urn","Happy Flower","Finisher","Bane","Cauldron","Paper Crane","Thread and Needle","Letter Opener","Pantograph","Pocketwatch","Ancient Tea Set","Omamori","Bottled Lightning","Girya","Sundial","Question Card","Toxic Egg 2","Meat on the Bone","Shuriken","Bottled Flame","Ninja Scroll","Tingsha","Torii"],"campfire_rested":7,"item_purchase_floors":[12,12,12,12,12,12,20,20,20,20,20,20,20,20,24,24,24,24,45,45,45,45,45,45,45,45,45,45,45,45,45,45,45,45,45,45,45,45,45,45,45,47],"current_hp_per_floor":[70,70,70,70,53,39,60,50,50,70,70,84,84,79,84,51,84,73,57,57,57,86,72,72,72,72,72,74,86,86,88,99,88,99,95,95,97,97,97,99,97,97,97,99,99,97,97,98,98,47],"gold":66,"neow_bonus":"","is_prod":false,"is_daily":true,"chose_seed":false,"campfire_upgraded":0,"win_rate":0,"timestamp":1554369953,"path_taken":["M","?","M","?","?","E","R","?","T","R","?","$","R","E","R","BOSS","M","?","$","M","?","E","?","?","T","?","M","E","?","M","R","BOSS","M","?","M","?","?","R","?","E","T","R","$","M","$","M","R","BOSS"],"build_version":"2019-01-23","purchased_purges":0,"victory":true,"max_hp_per_floor":[70,70,70,70,70,70,70,70,70,70,70,84,84,84,84,84,84,84,89,89,89,89,89,89,89,89,89,89,99,99,99,99,99,99,99,99,99,99,99,99,99,99,99,99,99,99,99,99,99,99],"card_choices":[{"not_picked":["Choke","Predator"],"picked":"Dodge and Roll","floor":1.0},{"not_picked":["Bane","Riddle With Holes"],"picked":"All Out Attack","floor":3.0},{"not_picked":["Skewer","Backflip"],"picked":"Well Laid Plans","floor":4.0},{"not_picked":["All Out Attack","Prepared"],"picked":"Deflect","floor":5.0},{"not_picked":["Tactician","Doppelganger"],"picked":"Flying Knee","floor":6.0},{"not_picked":["Backflip","Prepared"],"picked":"Flying Knee","floor":8.0},{"not_picked":["Prepared","Predator"],"picked":"PiercingWail","floor":14.0},{"not_picked":["A Thousand Cuts","Doppelganger"],"picked":"Grand Finale","floor":16.0},{"not_picked":["Underhanded Strike+1","Accuracy"],"picked":"Escape Plan","floor":18},{"not_picked":["Escape Plan","Accuracy"],"picked":"Bouncing Flask","floor":21},{"not_picked":["Setup+1","Storm of Steel"],"picked":"Dagger Throw","floor":23},{"not_picked":["Dagger Throw","Dodge and Roll"],"picked":"Infinite Blades","floor":28},{"not_picked":["Dagger Spray","Acrobatics"],"picked":"Leg Sweep","floor":29},{"not_picked":["Riddle With Holes","Dagger Spray+1"],"picked":"Crippling Poison","floor":31},{"not_picked":["A Thousand Cuts","Adrenaline"],"picked":"After Image","floor":33},{"not_picked":["Masterful Stab+1","Quick Slash"],"picked":"Calculated Gamble","floor":35},{"not_picked":["Cloak And Dagger","Terror"],"picked":"Slice","floor":37},{"not_picked":["Underhanded Strike","Dagger Spray+1"],"picked":"Distraction+1","floor":41},{"not_picked":["Bouncing Flask","Dagger Spray+1"],"picked":"Endless Agony+1","floor":42},{"not_picked":["Heel Hook+1","Masterful Stab+1","PiercingWail+1"],"picked":"Footwork+1","floor":46},{"not_picked":["Skewer+1","Bane","Dodge and Roll+1","Prepared+1"],"picked":"SKIP","floor":48}],"player_experience":297064,"relics_obtained":[{"floor":6.0,"key":"The Courier"},{"floor":9.0,"key":"Lantern"},{"floor":11.0,"key":"Tiny Chest"},{"floor":14.0,"key":"Potion Belt"},{"floor":23,"key":"Blood Vial"},{"floor":26,"key":"MawBank"},{"floor":26,"key":"Regal Pillow"},{"floor":27,"key":"Bag of Preparation"},{"floor":27,"key":"Centennial Puzzle"},{"floor":29,"key":"Pear"},{"floor":38,"key":"Pen Nib"},{"floor":41,"key":"FossilizedHelix"},{"floor":42,"key":"Kunai"},{"floor":43,"key":"Darkstone Periapt"}],"event_choices":[{"damage_healed":0.0,"max_hp_gain":0.0,"max_hp_loss":0.0,"gold_gain":100.0,"event_name":"Golden Shrine","player_choice":"Pray","floor":2.0,"gold_loss":0.0,"damage_taken":0.0},{"damage_healed":0,"gold_gain":0,"player_choice":"Shed Blood","damage_taken":21,"max_hp_gain":5,"max_hp_loss":0,"event_name":"Forgotten Altar","floor":19,"gold_loss":0},{"damage_healed":29,"gold_gain":0,"player_choice":"Heal","damage_taken":0,"max_hp_gain":0,"max_hp_loss":0,"event_name":"The Library","floor":22,"gold_loss":0},{"damage_healed":0,"gold_gain":100,"player_choice":"Pray","damage_taken":0,"max_hp_gain":0,"max_hp_loss":0,"event_name":"Golden Shrine","floor":25,"gold_loss":0},{"damage_healed":0,"gold_gain":0,"player_choice":"Inject Mutagens","damage_taken":0,"relics_obtained":["MutagenicStrength"],"max_hp_gain":0,"max_hp_loss":0,"event_name":"Drug Dealer","floor":30,"gold_loss":0},{"damage_healed":0,"gold_gain":999,"player_choice":"Gold","damage_taken":0,"max_hp_gain":0,"max_hp_loss":0,"event_name":"MindBloom","floor":36,"gold_loss":0,"cards_obtained":["Normality","Normality"]},{"damage_healed":0,"gold_gain":0,"player_choice":"Ignored","damage_taken":0,"max_hp_gain":0,"max_hp_loss":0,"event_name":"SecretPortal","floor":39,"gold_loss":0},{"damage_healed":0,"gold_gain":0,"player_choice":"Fight","damage_taken":0,"max_hp_gain":0,"max_hp_loss":0,"event_name":"Mysterious Sphere","floor":41,"gold_loss":0}],"is_beta":false,"boss_relics":[{"not_picked":["WristBlade","White Beast Statue"],"picked":"Cursed Key"},{"not_picked":["Fusion Hammer","Ring of the Serpent"],"picked":"Runic Pyramid"}],"items_purged_floors":[],"is_endless":false,"potions_floor_spawned":[1,5,6,14,18,23,31,37,41,42,48],"ascension_level":0}