{"gold_per_floor":[114,114,114,129,144,144,174,174,199,199,214,147,197,212,212,312,312,327,239,254,4,19,19,34,34,59,89,104,104,119,119,119,219,219,234,86,86,101,101,131,131,131,156,198,210,237,264,18,18,18],"floor_reached":51,"playtime":2273,"items_purged":[],"score":975,"play_id":"e1ec7f97-c917-41e7-975c-d879fb1a39ee","local_time":"20180920085933","daily_mods":["Heirloom","Cursed Run","Time Dilation"],"is_ascension_mode":false,"campfire_choices":[{"data":"Wraith Form v2","floor":6,"key":"SMITH"},{"data":"Accuracy","floor":8,"key":"SMITH"},{"data":"Cloak And Dagger","floor":15,"key":"SMITH"},{"data":"After Image","floor":23,"key":"SMITH"},{"data":"Cloak And Dagger","floor":25,"key":"SMITH"},{"floor":32,"key":"REST"},{"data":"Terror","floor":41,"key":"SMITH"},{"data":"Cloak And Dagger","floor":49,"key":"SMITH"}],"neow_cost":"","seed_source_timestamp":0,"circlet_count":0,"master_deck":["Defend_G","Defend_G","Defend_G","Defend_G","Defend_G","Strike_G","Strike_G","Survivor","Neutralize","Escape Plan","Wraith Form v2+1","Blade Dance","Cloak And Dagger+1","Accuracy+1","Parasite","Cloak And Dagger+1","Infinite Blades","All Out Attack","Decay","After Image+1","Blade Dance","Purity","Outmaneuver","Blade Dance","Cloak And Dagger","Injury","Terror+1","Bandage Up","Prepared+1","Shame","Tools of the Trade","Accuracy","Backstab","Cloak And Dagger","Finisher","Regret","Corpse Explosion","Pain","PiercingWail","Underhanded Strike+1","Caltrops","Cloak And Dagger+1","PiercingWail","Deep Breath","Pain"],"special_seed":17794,"relics":["Cursed Key","Darkstone Periapt","Du-Vu Doll","Unceasing Top","WarpedTongs","Vajra","Centennial Puzzle","Smiling Mask","Empty Cage","Blue Candle","Regal Pillow","Art of War","Eternal Feather","CultistMask","Strawberry","MawBank","Ornamental Fan","Meat on the Bone"],"potions_floor_usage":[16,18,27,33,50,50],"damage_taken":[{"damage":0,"enemies":"Small Slimes","floor":1,"turns":4},{"damage":2,"enemies":"2 Louse","floor":4,"turns":3},{"damage":3,"enemies":"Jaw Worm","floor":5,"turns":3},{"damage":3,"enemies":"Gremlin Nob","floor":7,"turns":4},{"damage":0,"enemies":"Gremlin Gang","floor":11,"turns":4},{"damage":6,"enemies":"Blue Slaver","floor":14,"turns":5},{"damage":16,"enemies":"The Guardian","floor":16,"turns":7},{"damage":9,"enemies":"3 Byrds","floor":18,"turns":4},{"damage":8,"enemies":"2 Thieves","floor":20,"turns":2},{"damage":1,"enemies":"Cultist and Chosen","floor":22,"turns":4},{"damage":3,"enemies":"3 Cultists","floor":24,"turns":4},{"damage":1,"enemies":"Book of Stabbing","floor":27,"turns":4},{"damage":1,"enemies":"Shelled Parasite and Fungi","floor":28,"turns":3},{"damage":0,"enemies":"Chosen and Byrds","floor":30,"turns":4},{"damage":16,"enemies":"Champ","floor":33,"turns":9},{"damage":0,"enemies":"Orb Walker","floor":35,"turns":2},{"damage":0,"enemies":"3 Shapes","floor":38,"turns":2},{"damage":13,"enemies":"Giant Head","floor":40,"turns":6},{"damage":4,"enemies":"Nemesis","floor":44,"turns":5},{"damage":4,"enemies":"Sphere and 2 Shapes","floor":46,"turns":3},{"damage":2,"enemies":"Reptomancer","floor":47,"turns":5},{"damage":57,"enemies":"Awakened One","floor":50,"turns":8}],"seed_played":"1139054497184590397","potions_obtained":[{"floor":1,"key":"Weak Potion"},{"floor":4,"key":"AttackPotion"},{"floor":7,"key":"Ancient Potion"},{"floor":18,"key":"Explosive Potion"},{"floor":24,"key":"SteroidPotion"},{"floor":27,"key":"EssenceOfSteel"},{"floor":33,"key":"Swift Potion"},{"floor":40,"key":"Fire Potion"}],"is_trial":false,"path_per_floor":["M","?","?","M","M","R","E","R","T","?","M","$","T","M","R","B",null,"M","$","M","$","M","R","M","R","T","E","M","?","M","?","R","B",null,"M","$","?","M","?","E","R","?","T","E","T","M","M","$","R","B"],"character_chosen":"THE_SILENT","items_purchased":["Infinite Blades","Purity","Blue Candle","Accuracy","Backstab","Caltrops","Cloak And Dagger","PiercingWail","Deep Breath"],"campfire_rested":1,"item_purchase_floors":[12,19,21,36,36,48,48,48,48],"current_hp_per_floor":[70,70,76,74,71,71,68,68,74,74,74,74,80,74,74,64,94,85,85,77,77,76,76,73,73,79,78,77,57,57,37,83,77,111,111,111,111,111,111,105,118,118,124,120,126,126,124,124,130,83],"gold":18,"neow_bonus":"","is_prod":false,"is_daily":true,"chose_seed":false,"campfire_upgraded":7,"win_rate":0,"timestamp":1537455573,"path_taken":["M","?","?","M","M","R","E","R","T","?","?","$","?","M","R","BOSS","M","$","?","?","?","R","M","R","T","E","M","?","M","?","R","BOSS","M","$","?","M","?","E","R","?","T","E","?","M","M","?","R","BOSS"],"build_version":"2018-09-06","purchased_purges":0,"victory":true,"max_hp_per_floor":[70,70,76,76,76,76,76,76,82,82,82,82,88,88,88,94,94,94,94,94,94,94,94,94,94,100,100,100,100,100,105,105,111,111,111,111,111,111,111,118,118,118,124,124,130,130,130,130,130,136],"card_choices":[{"not_picked":["Underhanded Strike","Endless Agony"],"picked":"Escape Plan","floor":1},{"not_picked":["Deadly Poison","Bouncing Flask"],"picked":"Blade Dance","floor":4},{"not_picked":["Dagger Spray","Deadly Poison"],"picked":"Cloak And Dagger","floor":5},{"not_picked":["Doppelganger","Catalyst"],"picked":"Accuracy","floor":7},{"not_picked":["Underhanded Strike","Outmaneuver"],"picked":"Cloak And Dagger","floor":11},{"not_picked":["Sucker Punch","Noxious Fumes"],"picked":"All Out Attack","floor":14},{"not_picked":["Malaise","A Thousand Cuts"],"picked":"After Image","floor":16},{"not_picked":["Flying Knee","Accuracy"],"picked":"Blade Dance","floor":18},{"not_picked":["Tactician","Expertise"],"picked":"Outmaneuver","floor":20},{"not_picked":["Acrobatics+1","Quick Slash"],"picked":"Blade Dance","floor":22},{"not_picked":["Quick Slash","A Thousand Cuts"],"picked":"Cloak And Dagger","floor":24},{"not_picked":["Bouncing Flask","Backflip"],"picked":"Terror","floor":27},{"not_picked":["Underhanded Strike","Flying Knee","Backflip"],"picked":"SKIP","floor":28},{"not_picked":["Setup","Masterful Stab+1"],"picked":"Prepared+1","floor":30},{"not_picked":["Corpse Explosion","Glass Knife"],"picked":"Tools of the Trade","floor":33},{"not_picked":["Well Laid Plans+1","Dagger Spray+1","Dagger Throw+1"],"picked":"SKIP","floor":35},{"not_picked":["Endless Agony+1","Outmaneuver+1"],"picked":"Cloak And Dagger","floor":38},{"not_picked":["Terror+1","Acrobatics+1"],"picked":"Finisher","floor":40},{"not_picked":["Well Laid Plans+1","Eviscerate"],"picked":"Corpse Explosion","floor":44},{"not_picked":["Setup+1","Predator+1"],"picked":"PiercingWail","floor":46},{"not_picked":["Eviscerate+1","Acrobatics"],"picked":"Underhanded Strike+1","floor":47}],"player_experience":546035,"relics_obtained":[{"floor":7,"key":"Vajra"},{"floor":9,"key":"Centennial Puzzle"},{"floor":13,"key":"Smiling Mask"},{"floor":26,"key":"Regal Pillow"},{"floor":27,"key":"Art of War"},{"floor":40,"key":"Strawberry"},{"floor":43,"key":"MawBank"},{"floor":44,"key":"Ornamental Fan"},{"floor":45,"key":"Meat on the Bone"}],"event_choices":[{"event_name":"Living Wall","player_choice":"Change","floor":2,"damage_taken":0},{"event_name":"Accursed Blacksmith","player_choice":"Rummage","floor":3,"damage_taken":0},{"event_name":"Purifier","player_choice":"One Purge","floor":10,"damage_taken":0},{"event_name":"Knowing Skull","player_choice":"CARD ","floor":29,"damage_taken":0},{"event_name":"Forgotten Altar","player_choice":"Shed Blood","floor":31,"damage_taken":0},{"event_name":"The Woman in Blue","player_choice":"Bought 0 Potions","floor":37,"damage_taken":0},{"event_name":"FaceTrader","player_choice":"Trade","floor":39,"damage_taken":0},{"event_name":"Purifier","player_choice":"One Purge","floor":42,"damage_taken":0}],"is_beta":false,"boss_relics":[{"not_picked":["Orrery","Runic Pyramid"],"picked":"Empty Cage"},{"not_picked":["HoveringKite","White Beast Statue"],"picked":"Eternal Feather"}],"items_purged_floors":[],"is_endless":false,"potions_floor_spawned":[1,4,7,11,18,24,27,33,40],"ascension_level":0}