{"gold_per_floor":[364,376,35,49,68,102,102,113,113,140,140,158,168,232,232,329,329,349,349,11,0,19,19,19,39,39,39,55,55,68,68,68,173,173,183,183,58,70,82,82,0,0,45,45,45,57,57,7,7,7],"floor_reached":51,"playtime":2151,"items_purged":["Defend_B","Strike_B","Strike_B","Hyperbeam"],"score":1126,"play_id":"fbc978c5-adf9-4011-869a-157e4790bacc","local_time":"20190216230727","is_ascension_mode":true,"campfire_choices":[{"floor":7,"key":"REST"},{"data":"Defragment","floor":11,"key":"SMITH"},{"data":"White Noise","floor":15,"key":"SMITH"},{"data":"Chill","floor":23,"key":"SMITH"},{"data":"Self Repair","floor":24,"key":"SMITH"},{"data":"Coolheaded","floor":27,"key":"SMITH"},{"data":"Machine Learning","floor":29,"key":"SMITH"},{"data":"Ghostly","floor":32,"key":"SMITH"},{"data":"Blizzard","floor":40,"key":"SMITH"},{"data":"Recycle","floor":42,"key":"SMITH"},{"data":"Seek","floor":44,"key":"SMITH"},{"data":"Ghostly","floor":45,"key":"SMITH"},{"data":"Ghostly","floor":49,"key":"SMITH"}],"neow_cost":"TEN_PERCENT_HP_LOSS","seed_source_timestamp":1225136186549771,"circlet_count":0,"master_deck":["AscendersBane","Defend_B","Defend_B","Defend_B","Zap","Dualcast","Ball Lightning","Leap","Defragment+1","Melter","Cold Snap","Chill+1","Rebound","White Noise+1","Cold Snap","Self Repair+1","Machine Learning+1","Coolheaded+1","Recycle+1","Streamline","Core Surge","Ghostly+1","Ghostly+1","Ghostly+1","Ghostly","Ghostly","Seek+1","Blizzard+1","Echo Form+1","Madness","Madness"],"special_seed":0,"relics":["FrozenCore","Runic Capacitor","FossilizedHelix","Turnip","WingedGreaves","Frozen Egg 2","Emotion Chip","Sozu","Red Mask","Smiling Mask"],"potions_floor_usage":[33,33,50],"damage_taken":[{"damage":7.0,"enemies":"Jaw Worm","floor":1.0,"turns":3.0},{"damage":9.0,"enemies":"2 Louse","floor":2.0,"turns":3.0},{"damage":12.0,"enemies":"Small Slimes","floor":4.0,"turns":3.0},{"damage":9,"enemies":"Red Slaver","floor":5,"turns":3},{"damage":20,"enemies":"3 Sentries","floor":6,"turns":7},{"damage":0,"enemies":"Blue Slaver","floor":8,"turns":3},{"damage":10,"enemies":"Gremlin Nob","floor":10,"turns":5},{"damage":1,"enemies":"2 Fungi Beasts","floor":12,"turns":3},{"damage":0,"enemies":"Exordium Thugs","floor":13,"turns":4},{"damage":0,"enemies":"Hexaghost","floor":16,"turns":11},{"damage":0,"enemies":"Spheric Guardian","floor":18,"turns":3},{"damage":6,"enemies":"2 Thieves","floor":21,"turns":4},{"damage":10,"enemies":"3 Cultists","floor":22,"turns":6},{"damage":0,"enemies":"Snecko","floor":25,"turns":7},{"damage":8,"enemies":"Snake Plant","floor":28,"turns":7},{"damage":0,"enemies":"Centurion and Healer","floor":30,"turns":7},{"damage":13,"enemies":"Automaton","floor":33,"turns":14},{"damage":0,"enemies":"3 Darklings","floor":35,"turns":6},{"damage":0,"enemies":"3 Shapes","floor":38,"turns":4},{"damage":0,"enemies":"Jaw Worm Horde","floor":39,"turns":5},{"damage":0,"enemies":"3 Darklings","floor":46,"turns":7},{"damage":16,"enemies":"Time Eater","floor":50,"turns":16}],"seed_played":"-8222194322838860522","potions_obtained":[{"floor":2.0,"key":"FearPotion"},{"floor":8,"key":"PowerPotion"},{"floor":10,"key":"PowerPotion"},{"floor":13,"key":"FocusPotion"},{"floor":33,"key":"Ancient Potion"}],"is_trial":false,"path_per_floor":["M","M","$","M","M","E","R","M","T","E","R","M","M","?","R","B",null,"M","?","$","M","M","R","R","M","T","R","M","R","M","?","R","B",null,"M","?","$","M","M","R","?","R","T","R","R","M","?","$","R","B",null],"character_chosen":"DEFECT","items_purchased":["Defragment","Runic Capacitor","Frozen Egg 2"],"campfire_rested":1,"item_purchase_floors":[3,3,20],"current_hp_per_floor":[61,52,52,40,31,11,31,31,31,21,21,20,20,20,20,27,58,65,65,65,59,49,49,49,59,59,59,61,61,68,34,34,31,33,33,33,33,34,34,34,34,34,34,34,34,34,30,30,30,24],"gold":7,"neow_bonus":"TWO_FIFTY_GOLD","is_prod":false,"is_daily":false,"chose_seed":false,"campfire_upgraded":12,"win_rate":0,"timestamp":1550387247,"path_taken":["M","M","$","M","M","E","R","M","T","E","R","M","M","?","R","BOSS","M","?","$","M","M","R","R","M","T","R","M","R","M","?","R","BOSS","M","?","$","M","?","R","?","R","T","R","R","M","?","$","R","BOSS"],"build_version":"2019-01-23","purchased_purges":4,"victory":true,"max_hp_per_floor":[68,68,68,68,68,68,68,68,68,68,68,68,68,68,68,68,68,68,68,68,68,68,68,68,68,68,68,68,68,68,34,34,34,34,34,34,34,34,34,34,34,34,34,34,34,34,34,34,34,34],"card_choices":[{"not_picked":["Cold Snap","Streamline"],"picked":"Ball Lightning","floor":1.0},{"not_picked":["Conserve Battery","Streamline"],"picked":"Leap","floor":2.0},{"not_picked":["Barrage","Steam"],"picked":"Melter","floor":4},{"not_picked":["Undo","Auto Shields"],"picked":"Cold Snap","floor":5},{"not_picked":["Coolheaded","Ball Lightning"],"picked":"Chill","floor":6},{"not_picked":["All For One","Hello World"],"picked":"Rebound","floor":8},{"not_picked":["Ball Lightning","Conserve Battery"],"picked":"White Noise","floor":10},{"not_picked":["Ball Lightning","Redo"],"picked":"Cold Snap","floor":12},{"not_picked":["Scrape","Chaos"],"picked":"Self Repair","floor":13},{"not_picked":["Meteor Strike","All For One"],"picked":"Machine Learning","floor":16},{"not_picked":["Redo","Rebound"],"picked":"Coolheaded","floor":18},{"not_picked":["Sunder","Tempest"],"picked":"Streamline","floor":21},{"not_picked":["Redo","Barrage","Steam"],"picked":"SKIP","floor":22},{"not_picked":["Steam","Cold Snap"],"picked":"Core Surge","floor":25},{"not_picked":["Stack","Sweeping Beam+1","Turbo"],"picked":"SKIP","floor":28},{"not_picked":["Ball Lightning","Stack","Skim+1"],"picked":"SKIP","floor":30},{"not_picked":["All For One","Machine Learning+1"],"picked":"Seek","floor":33},{"not_picked":["Streamline+1","Genetic Algorithm+1","Gash"],"picked":"SKIP","floor":35},{"not_picked":["Storm+1","FTL+1"],"picked":"Blizzard","floor":38},{"not_picked":["Barrage","Rebound+1"],"picked":"Echo Form+1","floor":39},{"not_picked":["Steam+1","Conserve Battery","Reprogram+1"],"picked":"SKIP","floor":46}],"player_experience":409577,"relics_obtained":[{"floor":6,"key":"FossilizedHelix"},{"floor":9,"key":"Turnip"},{"floor":10,"key":"WingedGreaves"},{"floor":26,"key":"Emotion Chip"},{"floor":43,"key":"Smiling Mask"}],"event_choices":[{"damage_healed":0,"gold_gain":64,"player_choice":"Gained Gold","damage_taken":0,"max_hp_gain":0,"max_hp_loss":0,"event_name":"Golden Wing","floor":14,"gold_loss":0},{"damage_healed":0,"gold_gain":0,"cards_transformed":["Strike_B","Strike_B"],"player_choice":"Became Test Subject","damage_taken":0,"max_hp_gain":0,"max_hp_loss":0,"event_name":"Drug Dealer","floor":19,"gold_loss":0,"cards_obtained":["Recycle","Hyperbeam"]},{"damage_healed":0,"gold_gain":0,"player_choice":"Became a Ghost","damage_taken":0,"max_hp_gain":0,"max_hp_loss":34,"event_name":"Ghosts","floor":31,"gold_loss":0,"cards_obtained":["Ghostly","Ghostly","Ghostly","Ghostly","Ghostly"]},{"damage_healed":0,"gold_gain":0,"player_choice":"Got Potions","damage_taken":0,"max_hp_gain":0,"max_hp_loss":0,"event_name":"Lab","floor":36,"gold_loss":0},{"damage_healed":0,"gold_gain":0,"player_choice":"Paid","damage_taken":0,"relics_obtained":["Red Mask"],"max_hp_gain":0,"max_hp_loss":0,"event_name":"Tomb of Lord Red Mask","floor":41,"gold_loss":82},{"damage_healed":0,"gold_gain":0,"player_choice":"Embrace Madness","damage_taken":4,"max_hp_gain":0,"max_hp_loss":0,"event_name":"Winding Halls","floor":47,"gold_loss":0,"cards_obtained":["Madness","Madness"]}],"is_beta":false,"boss_relics":[{"not_picked":["Ectoplasm","Empty Cage"],"picked":"FrozenCore"},{"not_picked":["Runic Pyramid","Tiny House"],"picked":"Sozu"}],"items_purged_floors":[3,20,37,48],"is_endless":false,"potions_floor_spawned":[2,8,10,13,16,25,33,35,46],"ascension_level":12}