{"gold_per_floor":[112,125,125,145,157,157,173,186,260,272,292,292,292,310,310,411,411,422,422,422,372,392,392,392,55,82,82,94,107,107,118,118,118],"floor_reached":33,"playtime":1032,"items_purged":[],"score":268,"play_id":"cc298c34-0a23-41cc-ad93-40204403f8b3","local_time":"20190211155140","is_ascension_mode":false,"campfire_choices":[{"data":"Sunder","floor":6,"key":"SMITH"},{"floor":15,"key":"REST"},{"floor":23,"key":"REST"},{"data":"Bite","floor":27,"key":"SMITH"},{"floor":32,"key":"REST"}],"neow_cost":"NONE","seed_source_timestamp":1135727760531437,"circlet_count":0,"master_deck":["Defend_B","Defend_B","Defend_B","Zap","Dualcast","Sunder+1","Steam","Sweeping Beam","Ball Lightning","Steam","Loop","Cold Snap","Coolheaded","Parasite","Buffer","Electrodynamics","White Noise","Beam Cell","Cold Snap","Bite+1","Bite","Bite","Bite","Bite","Blind","Turbo","Secret Weapon","Core Surge","Loop+1","Cold Snap"],"relics":["Cracked Core"],"potions_floor_usage":[16,18,30,33],"damage_taken":[{"damage":0,"enemies":"2 Louse","floor":1,"turns":2},{"damage":0,"enemies":"Small Slimes","floor":2,"turns":1},{"damage":1,"enemies":"Cultist","floor":4,"turns":3},{"damage":3,"enemies":"Blue Slaver","floor":5,"turns":3},{"damage":0,"enemies":"Looter","floor":7,"turns":2},{"damage":7,"enemies":"Exordium Thugs","floor":8,"turns":3},{"damage":28,"enemies":"Gremlin Gang","floor":10,"turns":4},{"damage":7,"enemies":"2 Fungi Beasts","floor":11,"turns":2},{"damage":4,"enemies":"Looter","floor":14,"turns":2},{"damage":22,"enemies":"The Guardian","floor":16,"turns":13},{"damage":20,"enemies":"2 Thieves","floor":18,"turns":3},{"damage":25,"enemies":"Spheric Guardian","floor":22,"turns":6},{"damage":25,"enemies":"Centurion and Healer","floor":28,"turns":7},{"damage":10,"enemies":"Chosen and Byrds","floor":29,"turns":6},{"damage":7,"enemies":"Colosseum Slavers","floor":30,"turns":3},{"damage":30,"enemies":"Snake Plant","floor":31,"turns":6},{"damage":62,"enemies":"Automaton","floor":33,"turns":10}],"seed_played":"-2650559952052741698","potions_obtained":[{"floor":5,"key":"SteroidPotion"},{"floor":8,"key":"LiquidBronze"},{"floor":10,"key":"Energy Potion"},{"floor":16,"key":"FearPotion"},{"floor":18,"key":"FearPotion"},{"floor":31,"key":"FairyPotion"}],"is_trial":false,"path_per_floor":["M","M","?","M","M","R","M","M","T","M","M","?","?","M","R","B",null,"M","?","?","$","M","R","?","$","T","R","M","M","?","M","R","B"],"character_chosen":"DEFECT","items_purchased":["Beam Cell","Blind","Turbo","Secret Weapon"],"campfire_rested":3,"item_purchase_floors":[21,25,25,25],"current_hp_per_floor":[82,82,75,74,71,71,71,64,64,36,29,29,49,45,69,47,82,62,62,62,62,37,61,57,57,57,57,44,43,45,24,41,0],"gold":118,"neow_bonus":"TEN_PERCENT_HP_BONUS","is_prod":false,"is_daily":false,"chose_seed":false,"campfire_upgraded":2,"win_rate":0,"timestamp":1549925500,"path_taken":["M","M","?","M","M","R","M","M","T","M","M","?","?","M","R","BOSS","M","?","?","$","?","R","?","$","T","R","M","M","?","M","R","BOSS"],"build_version":"2019-01-23","purchased_purges":0,"victory":false,"max_hp_per_floor":[82,82,82,82,82,82,82,82,82,82,82,82,82,82,82,82,82,82,82,82,82,82,82,57,57,57,57,57,57,57,57,57,57],"card_choices":[{"not_picked":["Turbo","Stack"],"picked":"Sunder","floor":1},{"not_picked":["Heatsinks","Turbo"],"picked":"Steam","floor":2},{"not_picked":["Stack","Consume"],"picked":"Sweeping Beam","floor":4},{"not_picked":["Tempest","Barrage"],"picked":"Ball Lightning","floor":5},{"not_picked":["FTL","Auto Shields"],"picked":"Steam","floor":7},{"not_picked":["Rebound","Coolheaded"],"picked":"Loop","floor":8},{"not_picked":["Stack","Compile Driver"],"picked":"Cold Snap","floor":10},{"not_picked":["Stack","Skim"],"picked":"Coolheaded","floor":11},{"not_picked":["Chaos","Sweeping Beam"],"picked":"Buffer","floor":14},{"not_picked":["Seek","Multi-Cast"],"picked":"Electrodynamics","floor":16},{"not_picked":["Consume","Conserve Battery+1"],"picked":"White Noise","floor":18},{"not_picked":["Steam+1","Streamline"],"picked":"Cold Snap","floor":22},{"not_picked":["FTL+1","Reinforced Body+1"],"picked":"Core Surge","floor":28},{"not_picked":["Scrape+1","Hologram"],"picked":"Loop+1","floor":29},{"not_picked":["Hologram","Reprogram"],"picked":"Cold Snap","floor":31}],"player_experience":1436193,"relics_obtained":[],"event_choices":[{"cards_removed":["Strike_B"],"damage_healed":0,"gold_gain":0,"player_choice":"Card Removal","damage_taken":7,"max_hp_gain":0,"max_hp_loss":0,"event_name":"Golden Wing","floor":3,"gold_loss":0},{"damage_healed":0,"gold_gain":0,"player_choice":"Searched \u00270\u0027 times","damage_taken":0,"max_hp_gain":0,"max_hp_loss":0,"event_name":"Dead Adventurer","floor":12,"gold_loss":0},{"damage_healed":20,"gold_gain":0,"player_choice":"Healed and dodged fight","damage_taken":0,"max_hp_gain":0,"max_hp_loss":0,"event_name":"Mushrooms","floor":13,"gold_loss":0,"cards_obtained":["Parasite"]},{"cards_removed":["Strike_B"],"damage_healed":0,"gold_gain":0,"player_choice":"Elegance","damage_taken":0,"max_hp_gain":0,"max_hp_loss":0,"event_name":"Back to Basics","floor":19,"gold_loss":0},{"cards_removed":["Defend_B"],"damage_healed":0,"gold_gain":0,"player_choice":"Purged","damage_taken":0,"max_hp_gain":0,"max_hp_loss":0,"event_name":"Purifier","floor":20,"gold_loss":0},{"damage_healed":0,"gold_gain":0,"player_choice":"Became a vampire","damage_taken":0,"max_hp_gain":0,"max_hp_loss":25,"event_name":"Vampires","floor":24,"gold_loss":0,"cards_obtained":["Bite","Bite","Bite","Bite","Bite"]},{"damage_healed":0,"gold_gain":0,"player_choice":"Fight","damage_taken":0,"max_hp_gain":0,"max_hp_loss":0,"event_name":"Colosseum","floor":30,"gold_loss":0},{"damage_healed":0,"gold_gain":0,"player_choice":"Fled From Nobs","damage_taken":0,"max_hp_gain":0,"max_hp_loss":0,"event_name":"Colosseum","floor":30,"gold_loss":0}],"is_beta":false,"boss_relics":[{"not_picked":["Empty Cage","Ectoplasm","Runic Dome"]}],"items_purged_floors":[],"is_endless":false,"potions_floor_spawned":[5,8,10,16,18,31],"killed_by":"Automaton","ascension_level":0}