{"gold_per_floor":[114,114,129,94,152,152,167,182,182,197,197,197,197,212,212,312,312,327,27,27,57,72,72,3,3,3,18,48,48,63,78,78,178,178,193,193,0,0,15,15,18,93,93,54,54,84,84,99,99,99],"floor_reached":51,"playtime":2129,"items_purged":[],"score":958,"play_id":"3ca966af-8696-429c-b218-0f0b83e9cc2c","local_time":"20180906194821","daily_mods":["Allstar","Cursed Run","Night Terrors"],"is_ascension_mode":false,"campfire_choices":[{"data":"Metamorphosis","floor":6,"key":"SMITH"},{"data":"Madness","floor":11,"key":"SMITH"},{"data":"Transmutation","floor":13,"key":"SMITH"},{"data":"Setup","floor":15,"key":"SMITH"},{"data":"Cloak And Dagger","floor":23,"key":"SMITH"},{"data":"Infinite Blades","floor":25,"key":"SMITH"},{"floor":32,"key":"REST"},{"data":"Adrenaline","floor":40,"key":"SMITH"},{"data":"Noxious Fumes","floor":45,"key":"SMITH"},{"data":"Infinite Blades","floor":47,"key":"SMITH"},{"data":"Expertise","floor":49,"key":"SMITH"}],"neow_cost":"","seed_source_timestamp":0,"circlet_count":0,"master_deck":["Defend_G","Defend_G","Defend_G","Defend_G","Defend_G","Strike_G","Strike_G","Strike_G","Strike_G","Strike_G","Survivor","Neutralize","Dark Shackles","Transmutation+1","Metamorphosis+1","Madness+1","Swift Strike","Dash","Cloak And Dagger+1","Expertise+1","Backstab","Decay","Dagger Spray","Setup+1","Decay","Glass Knife","Infinite Blades+1","Metamorphosis+1","Noxious Fumes+1","Footwork","Injury","Distraction+1","Backflip+1","Finisher","Dash","Pain","Adrenaline+1","Accuracy+1","Dash+1","Leg Sweep+1","Injury","Clumsy","Noxious Fumes+1","Infinite Blades+1","Infinite Blades+1","Leg Sweep+1","Shame"],"special_seed":17781,"relics":["Cursed Key","Du-Vu Doll","CultistMask","Ornamental Fan","Art of War","Dead Branch","Tiny Chest","Shuriken","The Specimen","Nloth\u0027s Gift","Eternal Feather","Ice Cream","Red Mask","Prayer Wheel","Matryoshka","Strawberry","Pear","Meat on the Bone"],"potions_floor_usage":[16,16,27,27,28,30,35,35,41,48,50],"damage_taken":[{"damage":5,"enemies":"Small Slimes","floor":1,"turns":3},{"damage":6,"enemies":"Cultist","floor":3,"turns":5},{"damage":0,"enemies":"Jaw Worm","floor":7,"turns":4},{"damage":0,"enemies":"Looter","floor":8,"turns":3},{"damage":0,"enemies":"Lots of Slimes","floor":10,"turns":4},{"damage":1,"enemies":"Large Slime","floor":14,"turns":3},{"damage":0,"enemies":"Hexaghost","floor":16,"turns":7},{"damage":3,"enemies":"3 Byrds","floor":18,"turns":5},{"damage":11,"enemies":"2 Thieves","floor":22,"turns":4},{"damage":16,"enemies":"Snake Plant","floor":27,"turns":3},{"damage":12,"enemies":"Book of Stabbing","floor":28,"turns":4},{"damage":0,"enemies":"Cultist and Chosen","floor":30,"turns":2},{"damage":6,"enemies":"Centurion and Healer","floor":31,"turns":4},{"damage":61,"enemies":"Collector","floor":33,"turns":7},{"damage":13,"enemies":"3 Darklings","floor":35,"turns":4},{"damage":0,"enemies":"3 Shapes","floor":39,"turns":4},{"damage":15,"enemies":"Mysterious Sphere","floor":41,"turns":5},{"damage":1,"enemies":"Giant Head","floor":46,"turns":7},{"damage":20,"enemies":"Sphere and 2 Shapes","floor":48,"turns":3},{"damage":40,"enemies":"Donu and Deca","floor":50,"turns":6}],"seed_played":"-778787433029275369","potions_obtained":[{"floor":7,"key":"EssenceOfSteel"},{"floor":8,"key":"SkillPotion"},{"floor":14,"key":"Regen Potion"},{"floor":16,"key":"Swift Potion"},{"floor":18,"key":"SteroidPotion"},{"floor":27,"key":"Explosive Potion"},{"floor":31,"key":"SteroidPotion"},{"floor":33,"key":"GamblersBrew"},{"floor":39,"key":"SkillPotion"},{"floor":46,"key":"SmokeBomb"},{"floor":48,"key":"Regen Potion"}],"is_trial":false,"path_per_floor":["M","?","M","?","?","R","M","M","T","M","R","?","R","M","R","B",null,"M","$","?","?","M","R","$","R","T","M","E","?","M","M","R","B",null,"M","?","?","$","M","R","?","T","T","$","R","E","R","M","R","B"],"character_chosen":"THE_SILENT","items_purchased":["Dead Branch","Footwork","Noxious Fumes"],"campfire_rested":1,"item_purchase_floors":[19,24,44],"current_hp_per_floor":[65,65,59,70,70,70,70,70,76,76,76,76,76,75,75,81,82,79,79,79,79,68,68,68,68,74,67,55,55,55,49,83,22,83,70,70,70,70,70,83,68,68,85,85,100,99,100,80,100,74],"gold":99,"neow_bonus":"","is_prod":false,"is_daily":true,"chose_seed":false,"campfire_upgraded":10,"win_rate":0,"timestamp":1536284901,"path_taken":["M","?","?","?","?","R","M","?","T","M","R","?","R","M","R","BOSS","M","$","?","?","M","R","$","R","T","M","E","?","?","M","R","BOSS","M","?","?","?","M","R","?","?","T","$","R","E","R","M","R","BOSS"],"build_version":"2018-09-06","purchased_purges":0,"victory":true,"max_hp_per_floor":[70,70,70,70,70,70,70,70,76,76,76,76,76,76,76,82,82,82,82,82,82,82,82,82,82,88,88,88,88,88,88,83,83,83,83,83,83,83,83,83,83,83,100,100,100,100,100,100,100,100],"card_choices":[{"not_picked":["Underhanded Strike","Dodge and Roll"],"picked":"Dash","floor":1},{"not_picked":["Acrobatics","Poisoned Stab"],"picked":"Cloak And Dagger","floor":3},{"not_picked":["Sucker Punch","Concentrate"],"picked":"Expertise","floor":7},{"not_picked":["Riddle With Holes","Poisoned Stab"],"picked":"Backstab","floor":8},{"not_picked":["PiercingWail","Skewer"],"picked":"Dagger Spray","floor":10},{"not_picked":["Riddle With Holes","Crippling Poison"],"picked":"Setup","floor":14},{"not_picked":["Storm of Steel","Night Terror"],"picked":"Glass Knife","floor":16},{"not_picked":["Prepared","Crippling Poison"],"picked":"Infinite Blades","floor":18},{"not_picked":["Tactician","Backflip"],"picked":"Noxious Fumes+1","floor":22},{"not_picked":["Poisoned Stab","Dagger Spray+1"],"picked":"Distraction+1","floor":27},{"not_picked":["Distraction","Tools of the Trade"],"picked":"Backflip+1","floor":28},{"not_picked":["Tactician","Flying Knee"],"picked":"Finisher","floor":30},{"not_picked":["Prepared","Slice+1"],"picked":"Dash","floor":31},{"not_picked":["Corpse Explosion","Glass Knife"],"picked":"Adrenaline","floor":33},{"not_picked":["Heel Hook","Dagger Throw+1"],"picked":"Accuracy+1","floor":35},{"not_picked":["PiercingWail","Poisoned Stab+1"],"picked":"Dash+1","floor":39},{"not_picked":["Dagger Throw","Deadly Poison+1"],"picked":"Leg Sweep+1","floor":41},{"not_picked":["Malaise","Flying Knee"],"picked":"Infinite Blades","floor":46},{"not_picked":["Backstab","Setup"],"picked":"Infinite Blades+1","floor":48},{"not_picked":["Unload","Choke"],"picked":"Leg Sweep+1","floor":48}],"player_experience":475249,"relics_obtained":[{"floor":9,"key":"Ornamental Fan"},{"floor":12,"key":"Art of War"},{"floor":26,"key":"Shuriken"},{"floor":28,"key":"The Specimen"},{"floor":36,"key":"Ice Cream"},{"floor":41,"key":"Prayer Wheel"},{"floor":42,"key":"Matryoshka"},{"floor":43,"key":"Strawberry"},{"floor":43,"key":"Pear"},{"floor":46,"key":"Meat on the Bone"}],"event_choices":[{"event_name":"FaceTrader","player_choice":"Trade","floor":2,"damage_taken":0},{"event_name":"The Cleric","player_choice":"Healed","floor":4,"damage_taken":0},{"event_name":"Golden Wing","player_choice":"Gained Gold","floor":5,"damage_taken":0},{"event_name":"Wheel of Change","player_choice":"Relic","floor":12,"damage_taken":0},{"event_name":"Duplicator","player_choice":"One dupe","floor":20,"damage_taken":0},{"event_name":"The Mausoleum","player_choice":"Yes","floor":21,"damage_taken":0},{"event_name":"N\u0027loth","player_choice":"Traded a Darkstone Periapt","floor":29,"damage_taken":0},{"event_name":"Wheel of Change","player_choice":"Relic","floor":36,"damage_taken":0},{"event_name":"Tomb of Lord Red Mask","player_choice":"Paid","floor":37,"damage_taken":0},{"event_name":"Mysterious Sphere","player_choice":"Fight","floor":41,"damage_taken":0}],"is_beta":false,"boss_relics":[{"not_picked":["Philosopher\u0027s Stone","Velvet Choker","Runic Dome"]},{"not_picked":["White Beast Statue","Empty Cage"],"picked":"Eternal Feather"}],"items_purged_floors":[],"is_endless":false,"potions_floor_spawned":[7,8,14,16,18,27,31,33,39,46,48],"ascension_level":0}