{"gold_per_floor":[114,189,206,49,69,102,102,132,209,226,226,501,501,526,526,621,621,639,490,490,58,58,58,76,116,170,188,208,248,248,272,272,272],"floor_reached":33,"playtime":1164,"items_purged":[],"score":553,"play_id":"d3dc8518-eb17-41a8-99c8-d26ba8d33347","local_time":"20181018221023","is_ascension_mode":true,"campfire_choices":[{"floor":7,"key":"REST"},{"floor":13,"key":"REST"},{"data":"Reflex","floor":15,"key":"SMITH"},{"floor":23,"key":"REST"},{"floor":30,"key":"REST"},{"data":"Skewer","floor":32,"key":"SMITH"}],"neow_cost":"NONE","seed_source_timestamp":48480118127753,"circlet_count":0,"master_deck":["Defend_G","Defend_G","Defend_G","Defend_G","Defend_G","Strike_G","Strike_G","Strike_G","Strike_G","Survivor","Neutralize","AscendersBane","Terror","Dagger Throw","Sucker Punch","Skewer+1","Terror","Backstab","Skewer","Heel Hook","Outmaneuver","Storm of Steel","Injury","Reflex+1","Cloak And Dagger","All Out Attack","Well Laid Plans","Necronomicurse","Underhanded Strike","Finesse","Backflip","Dagger Throw","Flying Knee+1","Dash","Footwork","Dodge and Roll","Dash"],"relics":["Ring of the Snake","Prayer Wheel","Regal Pillow","Shuriken","Golden Idol","Sozu","PreservedInsect","Necronomicon","Tingsha","Happy Flower","Strawberry","Vajra"],"potions_floor_usage":[5,6,8,18,27],"damage_taken":[{"damage":13,"enemies":"Small Slimes","floor":1,"turns":5},{"damage":3,"enemies":"Jaw Worm","floor":3,"turns":4},{"damage":0,"enemies":"2 Louse","floor":5,"turns":3},{"damage":15,"enemies":"Lagavulin","floor":6,"turns":6},{"damage":17,"enemies":"3 Sentries","floor":8,"turns":9},{"damage":14,"enemies":"Gremlin Gang","floor":10,"turns":3},{"damage":0,"enemies":"Large Slime","floor":14,"turns":4},{"damage":45,"enemies":"The Guardian","floor":16,"turns":11},{"damage":12,"enemies":"3 Byrds","floor":18,"turns":7},{"damage":12,"enemies":"Shell Parasite","floor":24,"turns":3},{"damage":11,"enemies":"Book of Stabbing","floor":25,"turns":2},{"damage":25,"enemies":"Centurion and Healer","floor":27,"turns":4},{"damage":1,"enemies":"Cultist and Chosen","floor":28,"turns":4},{"damage":0,"enemies":"Gremlin Leader","floor":29,"turns":3},{"damage":0,"enemies":"Snake Plant","floor":31,"turns":2},{"damage":57,"enemies":"Collector","floor":33,"turns":5}],"seed_played":"-6454861359700892138","potions_obtained":[{"floor":3,"key":"Swift Potion"},{"floor":6,"key":"AttackPotion"},{"floor":10,"key":"Explosive Potion"},{"floor":16,"key":"GhostInAJar"}],"is_trial":false,"path_per_floor":["M","?","M","$","M","E","R","E","T","M","?","?","R","M","R","B",null,"M","$","?","$","?","R","M","E","T","M","M","E","R","M","R"],"character_chosen":"THE_SILENT","items_purchased":["Skewer","SteroidPotion","Terror","PreservedInsect","Underhanded Strike","Tingsha","Finesse"],"campfire_rested":4,"item_purchase_floors":[4,4,4,19,21,21,21],"current_hp_per_floor":[50,39,36,36,36,21,42,25,25,11,11,11,47,47,47,2,53,41,41,25,25,25,61,49,38,45,20,19,19,57,57,57,0],"gold":272,"neow_bonus":"TRANSFORM_CARD","is_prod":false,"is_daily":false,"chose_seed":false,"campfire_upgraded":2,"win_rate":0,"timestamp":1539915023,"path_taken":["M","?","M","$","?","E","R","E","T","M","?","?","R","M","R","BOSS","M","$","?","$","?","R","M","E","T","M","?","E","R","M","R","BOSS"],"build_version":"2018-10-18","purchased_purges":0,"victory":false,"max_hp_per_floor":[70,70,70,70,70,70,70,70,70,70,70,70,70,70,70,70,70,70,70,70,70,70,70,70,70,77,77,77,77,77,77,77,77],"card_choices":[{"not_picked":["Blade Dance","Poisoned Stab"],"picked":"Dagger Throw","floor":1},{"not_picked":["Deflect","Outmaneuver"],"picked":"Sucker Punch","floor":3},{"not_picked":["Cloak And Dagger","Bane"],"picked":"Backstab","floor":5},{"not_picked":["Underhanded Strike","Unload"],"picked":"Skewer","floor":6},{"not_picked":["Acrobatics","Catalyst"],"picked":"Heel Hook","floor":8},{"not_picked":["Backflip","Bane"],"picked":"Outmaneuver","floor":10},{"not_picked":["Deflect","Sucker Punch"],"picked":"Storm of Steel","floor":10},{"not_picked":["Sucker Punch","Quick Slash"],"picked":"Reflex","floor":14},{"not_picked":["Deadly Poison","Poisoned Stab"],"picked":"Cloak And Dagger","floor":14},{"not_picked":["PiercingWail","Heel Hook"],"picked":"All Out Attack","floor":18},{"not_picked":["Bane","Predator"],"picked":"Well Laid Plans","floor":18},{"not_picked":["Poisoned Stab","Dagger Spray"],"picked":"Backflip","floor":24},{"not_picked":["Blade Dance","Expertise","Sucker Punch"],"picked":"SKIP","floor":24},{"not_picked":["Poisoned Stab","Infinite Blades"],"picked":"Dagger Throw","floor":25},{"not_picked":["Predator","Skewer"],"picked":"Flying Knee+1","floor":27},{"not_picked":["Dagger Spray","Quick Slash"],"picked":"Dash","floor":27},{"not_picked":["Grand Finale","Choke"],"picked":"Footwork","floor":28},{"not_picked":["Expertise","Blade Dance","Dagger Throw"],"picked":"SKIP","floor":28},{"not_picked":["Infinite Blades","Deadly Poison"],"picked":"Dodge and Roll","floor":29},{"not_picked":["PiercingWail","Acrobatics"],"picked":"Dash","floor":31},{"not_picked":["Caltrops","Poisoned Stab","Dagger Spray"],"picked":"SKIP","floor":31}],"player_experience":370951,"relics_obtained":[{"floor":6,"key":"Prayer Wheel"},{"floor":8,"key":"Regal Pillow"},{"floor":9,"key":"Shuriken"},{"floor":20,"key":"Necronomicon"},{"floor":25,"key":"Happy Flower"},{"floor":26,"key":"Strawberry"},{"floor":29,"key":"Vajra"}],"event_choices":[{"damage_healed":0,"gold_gain":75,"player_choice":"Gather Gold","damage_taken":11,"max_hp_gain":0,"max_hp_loss":0,"event_name":"World of Goop","floor":2,"gold_loss":0},{"damage_healed":0,"gold_gain":0,"player_choice":"Take Wound","damage_taken":0,"relics_obtained":["Golden Idol"],"max_hp_gain":0,"max_hp_loss":0,"event_name":"Golden Idol","floor":11,"gold_loss":0,"cards_obtained":["Injury"]},{"damage_healed":0,"gold_gain":275,"player_choice":"Desecrate","damage_taken":0,"max_hp_gain":0,"max_hp_loss":0,"event_name":"Golden Shrine","floor":12,"gold_loss":0,"cards_obtained":["Regret"]},{"damage_healed":0,"gold_gain":0,"player_choice":"Obtained Book","damage_taken":16,"max_hp_gain":0,"max_hp_loss":0,"event_name":"Cursed Tome","floor":20,"gold_loss":0},{"cards_removed":["Regret"],"damage_healed":0,"gold_gain":0,"player_choice":"Elegance","damage_taken":0,"max_hp_gain":0,"max_hp_loss":0,"event_name":"Back to Basics","floor":22,"gold_loss":0}],"is_beta":true,"boss_relics":[{"not_picked":["Fusion Hammer","Eternal Feather"],"picked":"Sozu"}],"items_purged_floors":[],"is_endless":false,"potions_floor_spawned":[3,6,10,16,24,25,28,31],"killed_by":"Collector","ascension_level":13}