{"gold_per_floor":[118,118,134,134,87,87,114,76,100,127,127,127,141,160,160,257,257,274,274,287,287,304,335,335,352,352,352,81,81,81,92,92,193,193,203,203],"floor_reached":36,"playtime":1330,"items_purged":[],"score":647,"play_id":"f9dac644-f38e-4bdb-9535-0718dc6d7e70","local_time":"20190126132151","is_ascension_mode":true,"campfire_choices":[{"data":"Neutralize","floor":6,"key":"SMITH"},{"floor":12,"key":"REST"},{"floor":15,"key":"REST"},{"floor":24,"key":"REST"},{"floor":27,"key":"REST"},{"floor":29,"key":"REST"},{"floor":32,"key":"REST"}],"neow_cost":"NONE","seed_source_timestamp":430092690331346,"circlet_count":0,"master_deck":["Defend_G","Defend_G","Defend_G","Defend_G","Defend_G","Strike_G","Strike_G","Strike_G","Strike_G","Survivor","Neutralize+1","Backflip","Deflect","Dodge and Roll","Dagger Spray","All Out Attack","Noxious Fumes","Escape Plan","Bane","A Thousand Cuts","Slice","Dagger Spray","Catalyst+1","Burst+1","Backflip","Dagger Spray+1","Ghostly","Ghostly","Ghostly","Ghostly","Ghostly","Backflip+1","Envenom","Blade Dance","Dodge and Roll+1","Catalyst","Sucker Punch+1","Dagger Spray+1","Adrenaline","Heel Hook+1"],"relics":["Ring of the Snake","NeowsBlessing","Boot","Art of War","Bag of Marbles","Question Card","Shuriken","Orrery","Molten Egg 2","Darkstone Periapt","War Paint","Busted Crown"],"potions_floor_usage":[10,23,31,33],"damage_taken":[{"damage":0,"enemies":"2 Louse","floor":1,"turns":1},{"damage":0,"enemies":"Cultist","floor":3,"turns":1},{"damage":0,"enemies":"3 Sentries","floor":7,"turns":2},{"damage":36,"enemies":"Gremlin Nob","floor":10,"turns":6},{"damage":0,"enemies":"Small Slimes","floor":13,"turns":3},{"damage":0,"enemies":"Exordium Wildlife","floor":14,"turns":3},{"damage":7,"enemies":"The Guardian","floor":16,"turns":13},{"damage":34,"enemies":"Spheric Guardian","floor":18,"turns":9},{"damage":0,"enemies":"3 Byrds","floor":20,"turns":3},{"damage":15,"enemies":"3 Cultists","floor":22,"turns":6},{"damage":9,"enemies":"Book of Stabbing","floor":23,"turns":7},{"damage":10,"enemies":"Shelled Parasite and Fungi","floor":25,"turns":9},{"damage":3,"enemies":"Snake Plant","floor":31,"turns":4},{"damage":19,"enemies":"Collector","floor":33,"turns":10},{"damage":21,"enemies":"3 Shapes","floor":35,"turns":4},{"damage":16,"enemies":"Orb Walker","floor":36,"turns":4}],"seed_played":"-6885679543224668713","potions_obtained":[{"floor":7,"key":"Ancient Potion"},{"floor":10,"key":"SpeedPotion"},{"floor":14,"key":"Ancient Potion"},{"floor":20,"key":"FearPotion"},{"floor":25,"key":"Poison Potion"},{"floor":35,"key":"Dexterity Potion"}],"is_trial":false,"path_per_floor":["M","?","M","?","$","R","E","$","T","E","T","R","M","M","R","B",null,"M","?","M","?","M","E","R","M","T","R","$","R","?","M","R","B",null,"M","M"],"character_chosen":"THE_SILENT","items_purchased":["Dodge and Roll","All Out Attack","War Paint","Catalyst","Sucker Punch+1"],"campfire_rested":6,"item_purchase_floors":[5,8,28,28,28],"current_hp_per_floor":[63,63,63,56,56,56,56,56,56,20,20,41,41,41,62,55,66,32,32,32,32,17,8,18,8,8,18,18,28,22,19,29,10,29,8,0],"gold":203,"neow_bonus":"THREE_ENEMY_KILL","is_prod":false,"is_daily":false,"chose_seed":false,"campfire_upgraded":1,"win_rate":0,"timestamp":1548534111,"path_taken":["M","?","?","?","$","R","E","?","T","E","?","R","?","M","R","BOSS","M","?","M","?","?","E","R","M","T","R","$","R","?","?","R","BOSS","M","?"],"build_version":"2019-01-23","purchased_purges":0,"victory":false,"max_hp_per_floor":[70,70,70,70,70,70,70,70,70,70,70,70,70,70,70,70,70,70,35,35,35,35,35,35,35,35,35,35,35,35,35,35,35,35,35,35],"card_choices":[{"not_picked":["Flying Knee","PiercingWail"],"picked":"Backflip","floor":1},{"not_picked":["Tactician","Caltrops"],"picked":"Deflect","floor":3},{"not_picked":["Backflip","Catalyst"],"picked":"Dagger Spray","floor":7},{"not_picked":["Setup","Calculated Gamble"],"picked":"Noxious Fumes","floor":10},{"not_picked":["Outmaneuver","Dash","PiercingWail"],"picked":"Escape Plan","floor":13},{"not_picked":["Eviscerate","Tactician","Quick Slash"],"picked":"Bane","floor":14},{"not_picked":["Doppelganger","Night Terror","Phantasmal Killer"],"picked":"A Thousand Cuts","floor":16},{"not_picked":["Caltrops","Poisoned Stab","Escape Plan"],"picked":"Slice","floor":17},{"not_picked":["Acrobatics","Quick Slash","Flying Knee"],"picked":"Dagger Spray","floor":17},{"not_picked":["Bane","Dodge and Roll","Deflect"],"picked":"Catalyst","floor":17},{"not_picked":["Catalyst","Sucker Punch","Acrobatics"],"picked":"Burst","floor":17},{"not_picked":["Prepared","Quick Slash","Bane"],"picked":"Backflip","floor":17},{"not_picked":["Quick Slash","Prepared","Endless Agony"],"picked":"Dagger Spray+1","floor":18},{"not_picked":["Quick Slash","Dagger Throw+1","Slice"],"picked":"Backflip+1","floor":20},{"not_picked":["Terror","Masterful Stab","Flechettes+1"],"picked":"Envenom","floor":22},{"not_picked":["Flying Knee","Acrobatics","Quick Slash"],"picked":"Blade Dance","floor":23},{"not_picked":["Backflip","Crippling Poison","Endless Agony+1"],"picked":"Dodge and Roll+1","floor":25},{"not_picked":["Backflip","Dagger Throw+1","Prepared"],"picked":"Dagger Spray+1","floor":31},{"not_picked":["Burst","After Image","Die Die Die+1"],"picked":"Adrenaline","floor":33},{"not_picked":["PiercingWail"],"picked":"Heel Hook+1","floor":35}],"player_experience":1302241,"relics_obtained":[{"floor":7,"key":"Art of War"},{"floor":9,"key":"Bag of Marbles"},{"floor":10,"key":"Question Card"},{"floor":11,"key":"Shuriken"},{"floor":23,"key":"Molten Egg 2"},{"floor":26,"key":"Darkstone Periapt"}],"event_choices":[{"cards_removed":["Strike_G"],"damage_healed":0,"gold_gain":0,"player_choice":"Purged","damage_taken":0,"max_hp_gain":0,"max_hp_loss":0,"event_name":"Purifier","floor":2,"gold_loss":0},{"damage_healed":0,"gold_gain":0,"player_choice":"Success","damage_taken":7,"relics_obtained":["Boot"],"max_hp_gain":0,"max_hp_loss":0,"event_name":"Scrap Ooze","floor":4,"gold_loss":0},{"damage_healed":0,"gold_gain":0,"player_choice":"Became a Ghost","damage_taken":0,"max_hp_gain":0,"max_hp_loss":35,"event_name":"Ghosts","floor":19,"gold_loss":0,"cards_obtained":["Ghostly","Ghostly","Ghostly","Ghostly","Ghostly"]},{"damage_healed":0,"gold_gain":0,"player_choice":"Bought 0 Potions","damage_taken":0,"max_hp_gain":0,"max_hp_loss":0,"event_name":"The Woman in Blue","floor":21,"gold_loss":0},{"damage_healed":0,"gold_gain":0,"player_choice":"","damage_taken":6,"max_hp_gain":0,"max_hp_loss":0,"event_name":"Knowing Skull","floor":30,"potions_obtained":[],"gold_loss":0,"cards_obtained":[]}],"is_beta":false,"boss_relics":[{"not_picked":["Philosopher\u0027s Stone","Runic Dome"],"picked":"Orrery"},{"not_picked":["Coffee Dripper","Astrolabe"],"picked":"Busted Crown"}],"items_purged_floors":[],"is_endless":false,"potions_floor_spawned":[7,10,14,20,22,25,35],"killed_by":"Orb Walker","ascension_level":6}