{"gold_per_floor":[112,131,143,143,143,143,173,173,173,185,217,232,58,77,77,173,173,185,185,201,151,151],"floor_reached":22,"playtime":993,"items_purged":["Regret"],"score":294,"play_id":"f3541ed3-363e-4ca8-b870-0fc0efda8df5","local_time":"20190330115727","is_ascension_mode":true,"campfire_choices":[{"data":"Zap","floor":6,"key":"SMITH"},{"floor":8,"key":"REST"},{"floor":15,"key":"REST"}],"neow_cost":"NONE","seed_source_timestamp":1254366390103502,"circlet_count":0,"master_deck":["AscendersBane","Strike_B","Strike_B","Strike_B+1","Strike_B+1","Defend_B","Defend_B","Defend_B","Defend_B","Zap+1","Dualcast","Streamline","Cold Snap","Darkness","Ball Lightning","Conserve Battery","Echo Form","Capacitor","Defragment","Buffer","Defragment","FTL+1"],"relics":["Cracked Core","Whetstone","Emotion Chip","Omamori","Ancient Tea Set","The Courier","Cables","Inserter"],"potions_floor_usage":[14,14,14],"damage_taken":[{"damage":2,"enemies":"Jaw Worm","floor":1,"turns":3},{"damage":1,"enemies":"Cultist","floor":2,"turns":3},{"damage":0,"enemies":"2 Louse","floor":3,"turns":2},{"damage":41,"enemies":"Gremlin Nob","floor":7,"turns":5},{"damage":14,"enemies":"Lots of Slimes","floor":10,"turns":3},{"damage":20,"enemies":"3 Sentries","floor":11,"turns":5},{"damage":7,"enemies":"Red Slaver","floor":12,"turns":2},{"damage":4,"enemies":"Looter","floor":14,"turns":2},{"damage":17,"enemies":"Slime Boss","floor":16,"turns":8},{"damage":13,"enemies":"3 Byrds","floor":18,"turns":5},{"damage":41,"enemies":"2 Thieves","floor":20,"turns":4},{"damage":11,"enemies":"Snake Plant","floor":22,"turns":2}],"seed_played":"2818929127358452157","potions_obtained":[{"floor":2,"key":"PowerPotion"},{"floor":7,"key":"PowerPotion"},{"floor":11,"key":"Weak Potion"},{"floor":12,"key":"Fruit Juice"}],"is_trial":false,"path_per_floor":["?","?","M","?"],"character_chosen":"DEFECT","items_purchased":["Echo Form","Capacitor"],"campfire_rested":2,"item_purchase_floors":[13,13],"current_hp_per_floor":[66,65,65,65,62,62,21,43,43,29,9,2,2,3,27,10,63,50,50,9,9,0],"gold":151,"neow_bonus":"RANDOM_COMMON_RELIC","is_prod":false,"is_daily":false,"chose_seed":false,"campfire_upgraded":1,"win_rate":0,"timestamp":1553961447,"path_taken":["M","M","M","?","?","R","E","R","T","M","E","M","$","?","R","BOSS","M","$","M","?","M"],"build_version":"2019-01-23","purchased_purges":1,"victory":false,"max_hp_per_floor":[75,75,75,75,75,75,75,75,75,75,75,75,75,80,80,80,80,80,80,80,80,80],"card_choices":[{"not_picked":["Rebound","Heatsinks"],"picked":"Streamline","floor":1},{"not_picked":["Stack","Scrape","Double Energy"],"picked":"SKIP","floor":2},{"not_picked":["Chaos","Sweeping Beam"],"picked":"Cold Snap","floor":3},{"not_picked":["Rebound","Compile Driver"],"picked":"Darkness","floor":7},{"not_picked":["Conserve Battery","Sweeping Beam"],"picked":"Ball Lightning","floor":10},{"not_picked":["Hologram","Compile Driver"],"picked":"Conserve Battery","floor":11},{"not_picked":["Streamline","Gash","Turbo"],"picked":"SKIP","floor":12},{"not_picked":["Streamline","Sunder"],"picked":"Defragment","floor":14},{"not_picked":["Thunder Strike","All For One"],"picked":"Buffer","floor":16},{"not_picked":["Coolheaded","Capacitor"],"picked":"Defragment","floor":18},{"not_picked":["Compile Driver","Storm"],"picked":"FTL+1","floor":20}],"player_experience":1281341,"relics_obtained":[{"floor":7,"key":"Ancient Tea Set"},{"floor":9,"key":"The Courier"},{"floor":11,"key":"Cables"}],"event_choices":[{"damage_healed":0,"gold_gain":0,"player_choice":"Box","damage_taken":0,"relics_obtained":["Emotion Chip"],"max_hp_gain":0,"max_hp_loss":0,"event_name":"Big Fish","floor":4,"gold_loss":0,"cards_obtained":["Regret"]},{"damage_healed":0,"gold_gain":0,"player_choice":"Success","damage_taken":3,"relics_obtained":["Omamori"],"max_hp_gain":0,"max_hp_loss":0,"event_name":"Scrap Ooze","floor":5,"gold_loss":0},{"damage_healed":0,"gold_gain":0,"player_choice":"Bet on Murderer","damage_taken":0,"max_hp_gain":0,"max_hp_loss":0,"event_name":"The Joust","floor":21,"gold_loss":50}],"is_beta":false,"boss_relics":[{"not_picked":["Lizard Tail","Ectoplasm"],"picked":"Inserter"}],"items_purged_floors":[13],"is_endless":false,"potions_floor_spawned":[2,7,11,12],"killed_by":"Snake Plant","ascension_level":10}