{"gold_per_floor":[111,111,126,74,74,74,103,123,123,123,134,151,151,226,226,226],"floor_reached":16,"playtime":530,"items_purged":[],"score":140,"play_id":"afdbac66-5dd0-4831-84b7-9d18a1a8d201","local_time":"20181029231507","is_ascension_mode":true,"campfire_choices":[{"data":"Armaments","floor":6,"key":"SMITH"},{"floor":10,"key":"REST"},{"floor":15,"key":"REST"}],"neow_cost":"NONE","seed_source_timestamp":1661680189604849,"circlet_count":0,"master_deck":["Strike_R","Strike_R","Strike_R","Strike_R","Defend_R","Defend_R","Defend_R","Defend_R","Bash","Armaments","Armaments+1","Flex","Warcry","Pommel Strike","Flex","Headbutt","Injury"],"relics":["Burning Blood","Ornamental Fan","Anchor","Golden Idol"],"potions_floor_usage":[7,16],"damage_taken":[{"damage":1,"enemies":"Cultist","floor":1,"turns":4},{"damage":9,"enemies":"Jaw Worm","floor":3,"turns":4},{"damage":40,"enemies":"Lagavulin","floor":7,"turns":9},{"damage":1,"enemies":"Small Slimes","floor":8,"turns":4},{"damage":9,"enemies":"3 Louse","floor":11,"turns":5},{"damage":6,"enemies":"Looter","floor":12,"turns":3},{"damage":78,"enemies":"Hexaghost","floor":16,"turns":14}],"seed_played":"-2582640856481191616","potions_obtained":[{"floor":3,"key":"Fire Potion"},{"floor":8,"key":"Weak Potion"},{"floor":11,"key":"Explosive Potion"},{"floor":12,"key":"Energy Potion"}],"is_trial":false,"path_per_floor":["M","?","M","$","?","R","E","M","T","R","M","M","?","?","R"],"character_chosen":"IRONCLAD","items_purchased":["Flex"],"campfire_rested":2,"item_purchase_floors":[4],"current_hp_per_floor":[77,80,77,77,70,70,36,41,41,65,62,62,62,51,75,0],"gold":226,"neow_bonus":"THREE_CARDS","is_prod":false,"is_daily":false,"chose_seed":false,"campfire_upgraded":1,"win_rate":0,"timestamp":1540876507,"path_taken":["M","?","M","$","?","R","E","M","T","R","?","M","?","?","R","BOSS"],"build_version":"2018-10-25v2","purchased_purges":0,"victory":false,"max_hp_per_floor":[80,80,80,80,80,80,80,80,80,80,80,80,80,80,80,80],"card_choices":[{"not_picked":["Clothesline","Evolve"],"picked":"Armaments","floor":0},{"not_picked":["Blood for Blood","Corruption"],"picked":"Clothesline","floor":1},{"not_picked":["Infernal Blade","Headbutt"],"picked":"Armaments","floor":3},{"not_picked":["Perfected Strike","True Grit"],"picked":"Warcry","floor":7},{"not_picked":["Bloodletting","Hemokinesis"],"picked":"Pommel Strike","floor":8},{"not_picked":["Havoc","Perfected Strike"],"picked":"Flex","floor":11},{"not_picked":["Iron Wave","Sword Boomerang"],"picked":"Headbutt","floor":12}],"player_experience":968423,"relics_obtained":[{"floor":7,"key":"Ornamental Fan"},{"floor":9,"key":"Anchor"}],"event_choices":[{"cards_removed":["Clothesline"],"damage_healed":5,"gold_gain":0,"player_choice":"Offered Common","damage_taken":0,"max_hp_gain":0,"max_hp_loss":0,"event_name":"Bonfire Elementals","floor":2,"gold_loss":0},{"cards_removed":["Clothesline"],"damage_healed":5,"gold_gain":0,"player_choice":"Offered Special","damage_taken":0,"max_hp_gain":0,"max_hp_loss":0,"event_name":"Bonfire Elementals","floor":2,"gold_loss":0},{"cards_removed":["Strike_R"],"damage_healed":0,"gold_gain":0,"player_choice":"Card Removal","damage_taken":7,"max_hp_gain":0,"max_hp_loss":0,"event_name":"Golden Wing","floor":5,"gold_loss":0},{"damage_healed":0,"gold_gain":0,"player_choice":"Take Wound","damage_taken":0,"relics_obtained":["Golden Idol"],"max_hp_gain":0,"max_hp_loss":0,"event_name":"Golden Idol","floor":13,"gold_loss":0,"cards_obtained":["Injury"]},{"damage_healed":0,"gold_gain":75,"player_choice":"Gather Gold","damage_taken":11,"max_hp_gain":0,"max_hp_loss":0,"event_name":"World of Goop","floor":14,"gold_loss":0}],"is_beta":false,"boss_relics":[],"items_purged_floors":[],"is_endless":false,"potions_floor_spawned":[3,8,11,12],"killed_by":"Hexaghost","ascension_level":8}