{"gold_per_floor":[109,109,119,78,253,284,284,314,314,39,59,13,33,52,52,149,149,161,172,182,43,56,91,91,122,122,322,355,355,355,372,372,468,468,483,3,49,66,15,15,41,41,41,68,68,68,79,114,114,114],"floor_reached":51,"playtime":2699,"items_purged":[],"score":1006,"play_id":"5a83e99d-9fad-4805-bf0e-1aa59d388eb9","local_time":"20180802140759","is_ascension_mode":false,"campfire_choices":[{"floor":7,"key":"REST"},{"floor":15,"key":"REST"},{"data":"Bandage Up","floor":24,"key":"SMITH"},{"data":"Infinite Blades","floor":29,"key":"SMITH"},{"data":"Backstab","floor":32,"key":"SMITH"},{"data":"Prepared","floor":40,"key":"SMITH"},{"data":"Accuracy","floor":42,"key":"SMITH"},{"data":"Storm of Steel","floor":49,"key":"SMITH"}],"neow_cost":"NONE","seed_source_timestamp":99936435308382,"circlet_count":0,"master_deck":["Defend_G+1","Defend_G+1","Defend_G+1","Defend_G+1","Defend_G+1","Strike_G+1","Strike_G+1","Strike_G+1","Strike_G+1","Strike_G+1","Survivor","Neutralize","Blade Dance","Regret","Prepared","Doubt","Finisher","Infinite Blades+1","Poisoned Stab","Acrobatics","Sucker Punch","Backflip","Choke","Glass Knife","Dodge and Roll+1","Blade Dance","Backstab","Bandage Up+1","Deflect","Poisoned Stab","Footwork","Cloak And Dagger+1","Slice","Backstab+1","Storm of Steel+1","Predator","Distraction+1","Slice+1","Cloak And Dagger","Slice+1","Dagger Throw+1","Accuracy+1","Bandage Up","Dagger Throw","Deadly Poison","Dagger Throw+1","Prepared+1","Backstab+1","Riddle With Holes","Neutralize","Prepared","Flying Knee+1","Slice"],"relics":["Black Star","Ginger","Darkstone Periapt","Mercury Hourglass","Kunai","Mummified Hand","Paper Crane","Ninja Scroll","WristBlade","Bottled Flame","Bottled Lightning","Red Mask","Pantograph","Ice Cream","Unceasing Top","Orrery","Shuriken","Tough Bandages","Strawberry","Omamori","Dream Catcher","Bottled Tornado","Pear","Nunchaku","Blood Vial","Potion Belt"],"potions_floor_usage":[6,13,16,20,25,28,33,33,44,47,50],"damage_taken":[{"damage":5,"enemies":"Jaw Worm","floor":1,"turns":5},{"damage":10,"enemies":"2 Louse","floor":3,"turns":2},{"damage":34,"enemies":"Gremlin Nob","floor":6,"turns":5},{"damage":8,"enemies":"3 Sentries","floor":8,"turns":6},{"damage":0,"enemies":"Cultist","floor":11,"turns":2},{"damage":0,"enemies":"3 Louse","floor":13,"turns":1},{"damage":3,"enemies":"Exordium Wildlife","floor":14,"turns":2},{"damage":22,"enemies":"Slime Boss","floor":16,"turns":6},{"damage":7,"enemies":"3 Byrds","floor":18,"turns":4},{"damage":1,"enemies":"Spheric Guardian","floor":19,"turns":3},{"damage":0,"enemies":"Snecko","floor":20,"turns":3},{"damage":7,"enemies":"3 Cultists","floor":22,"turns":5},{"damage":21,"enemies":"Slavers","floor":23,"turns":5},{"damage":0,"floor":25,"turns":3},{"damage":0,"enemies":"Gremlin Leader","floor":28,"turns":4},{"damage":6,"enemies":"Centurion and Healer","floor":31,"turns":3},{"damage":67,"enemies":"Collector","floor":33,"turns":9},{"damage":13,"enemies":"3 Shapes","floor":35,"turns":2},{"damage":0,"floor":37,"turns":2},{"damage":8,"enemies":"3 Darklings","floor":38,"turns":3},{"damage":25,"enemies":"2 Orb Walkers","floor":41,"turns":3},{"damage":0,"enemies":"Giant Head","floor":44,"turns":4},{"damage":8,"floor":46,"turns":7},{"damage":6,"enemies":"4 Shapes","floor":47,"turns":2},{"damage":6,"enemies":"2 Orb Walkers","floor":48,"turns":3},{"damage":21,"enemies":"Donu and Deca","floor":50,"turns":5}],"seed_played":"-2287135563009540050","potions_obtained":[{"floor":1,"key":"Strength Potion"},{"floor":11,"key":"Explosive Potion"},{"floor":13,"key":"FearPotion"},{"floor":14,"key":"FearPotion"},{"floor":19,"key":"FearPotion"},{"floor":20,"key":"Swift Potion"},{"floor":25,"key":"AttackPotion"},{"floor":28,"key":"Poison Potion"},{"floor":35,"key":"Energy Potion"},{"floor":38,"key":"GhostInAJar"},{"floor":41,"key":"PowerPotion"},{"floor":46,"key":"EssenceOfSteel"}],"is_trial":false,"path_per_floor":["M","?","M","?","?","E","R","E","T","$","M","$","M","M","R","B",null,"M","M","M","$","M","E","R","?","T","?","E","R","?","M","R","B",null,"M","$","?","M","$","R","E","R","T","E","?","?","M","E","R","B"],"character_chosen":"THE_SILENT","items_purchased":["Ninja Scroll","Poisoned Stab","Sucker Punch","Bandage Up","Deflect","Accuracy","Shuriken","Bandage Up","Dagger Throw","Prepared"],"campfire_rested":2,"item_purchase_floors":[10,10,12,21,21,36,36,36,36,39],"current_hp_per_floor":[65,65,55,55,55,21,42,34,34,34,34,34,34,31,52,30,70,63,62,62,62,59,38,38,44,44,44,50,50,50,50,50,9,70,63,63,69,61,61,61,49,49,49,69,69,79,79,83,83,70],"gold":114,"neow_bonus":"BOSS_RELIC","is_prod":false,"is_daily":false,"chose_seed":false,"campfire_upgraded":6,"win_rate":0.0,"timestamp":1533240479,"path_taken":["M","?","M","?","?","E","R","E","T","$","M","?","M","M","R","BOSS","M","?","M","$","M","E","R","?","T","?","E","R","?","M","R","BOSS","M","$","?","M","?","R","E","R","T","E","?","?","M","E","R","BOSS"],"build_version":"2018-07-26","purchased_purges":0,"victory":true,"max_hp_per_floor":[70,70,70,70,70,70,70,70,70,70,70,70,70,70,70,70,70,70,70,70,70,70,70,70,70,70,70,70,70,70,70,70,70,70,70,70,70,70,70,70,77,77,77,87,87,87,87,87,87,87],"card_choices":[{"not_picked":["Acrobatics","Dagger Spray"],"picked":"Blade Dance","floor":1},{"not_picked":["Quick Slash","Tactician"],"picked":"Prepared","floor":3},{"not_picked":["Corpse Explosion","PiercingWail"],"picked":"Finisher","floor":6},{"not_picked":["Endless Agony","Dagger Throw"],"picked":"Infinite Blades","floor":8},{"not_picked":["Tactician","Expertise"],"picked":"Acrobatics","floor":11},{"not_picked":["Dagger Throw","PiercingWail"],"picked":"Backflip","floor":13},{"not_picked":["Deadly Poison","Sucker Punch"],"picked":"Choke","floor":14},{"not_picked":["Tools of the Trade","Wraith Form v2"],"picked":"Glass Knife","floor":16},{"not_picked":["Prepared+1","All Out Attack+1"],"picked":"Dodge and Roll+1","floor":18},{"not_picked":["Sucker Punch","Predator"],"picked":"Blade Dance","floor":19},{"not_picked":["Flying Knee+1","Dodge and Roll"],"picked":"Backstab","floor":20},{"not_picked":["Bouncing Flask","Reflex"],"picked":"Poisoned Stab","floor":22},{"not_picked":["PiercingWail+1","Acrobatics+1"],"picked":"Footwork","floor":23},{"not_picked":["Distraction","Dagger Throw+1"],"picked":"Cloak And Dagger+1","floor":25},{"not_picked":["Deadly Poison","Catalyst"],"picked":"Slice","floor":28},{"not_picked":["Predator","Bouncing Flask"],"picked":"Backstab","floor":31},{"not_picked":["Envenom","Wraith Form v2"],"picked":"Storm of Steel","floor":33},{"not_picked":["Quick Slash","Deadly Poison"],"picked":"Predator","floor":34},{"not_picked":["Deadly Poison","Footwork"],"picked":"Distraction+1","floor":34},{"not_picked":["Sucker Punch+1","Skewer+1"],"picked":"Slice+1","floor":34},{"not_picked":["Dodge and Roll","All Out Attack+1"],"picked":"Cloak And Dagger","floor":34},{"not_picked":["PiercingWail","Bane"],"picked":"Slice+1","floor":34},{"not_picked":["Tools of the Trade","Quick Slash"],"picked":"Dagger Throw+1","floor":35},{"not_picked":["PiercingWail","Masterful Stab"],"picked":"Deadly Poison","floor":37},{"not_picked":["Catalyst","PiercingWail+1"],"picked":"Dagger Throw+1","floor":38},{"not_picked":["Backflip","Dagger Spray"],"picked":"Backstab+1","floor":41},{"not_picked":["Finisher","Distraction"],"picked":"Riddle With Holes","floor":44},{"not_picked":["Acrobatics","Deflect+1"],"picked":"Prepared","floor":46},{"not_picked":["Catalyst","Backflip"],"picked":"Flying Knee+1","floor":47},{"not_picked":["Quick Slash+1","Outmaneuver"],"picked":"Slice","floor":48}],"player_experience":156625,"relics_obtained":[{"floor":6,"key":"Darkstone Periapt"},{"floor":6,"key":"Mercury Hourglass"},{"floor":8,"key":"Kunai"},{"floor":8,"key":"Mummified Hand"},{"floor":9,"key":"Paper Crane"},{"floor":23,"key":"Bottled Flame"},{"floor":23,"key":"Bottled Lightning"},{"floor":25,"key":"Red Mask"},{"floor":26,"key":"Pantograph"},{"floor":28,"key":"Ice Cream"},{"floor":28,"key":"Unceasing Top"},{"floor":37,"key":"Tough Bandages"},{"floor":41,"key":"Strawberry"},{"floor":41,"key":"Omamori"},{"floor":43,"key":"Dream Catcher"},{"floor":44,"key":"Bottled Tornado"},{"floor":44,"key":"Pear"},{"floor":46,"key":"Nunchaku"},{"floor":48,"key":"Blood Vial"},{"floor":48,"key":"Potion Belt"}],"event_choices":[{"event_name":"Big Fish","player_choice":"Box","floor":2,"damage_taken":0},{"event_name":"World of Goop","player_choice":"Left","floor":4,"damage_taken":0},{"event_name":"Liars Game","player_choice":"agreed","floor":5,"damage_taken":0},{"event_name":"Masked Bandits","player_choice":"Fought over 91 gold","floor":25,"damage_taken":0},{"event_name":"Wheel of Change","player_choice":"Gold","floor":27,"damage_taken":0},{"event_name":"Back to Basics","player_choice":"Simplicity","floor":30,"damage_taken":0},{"event_name":"Mysterious Sphere","player_choice":"Fight","floor":37,"damage_taken":0},{"event_name":"Match and Keep!","player_choice":"1 cards matched","floor":45,"damage_taken":0},{"event_name":"MindBloom","player_choice":"Fight","floor":46,"damage_taken":0}],"is_beta":false,"boss_relics":[{"not_picked":["White Beast Statue","Runic Dome"],"picked":"WristBlade"},{"not_picked":["Snecko Eye","Fusion Hammer"],"picked":"Orrery"}],"items_purged_floors":[],"is_endless":false,"potions_floor_spawned":[1,11,13,14,19,20,25,28,35,38,41,46],"ascension_level":0}