{"gold_per_floor":[118,133,148,148,118,118,130,147,170,50,50,64,84,104,104,104],"floor_reached":16,"playtime":1514,"items_purged":["Strike_R"],"score":106,"play_id":"4354a792-c933-409a-b573-d66a604cc589","local_time":"20190406210145","is_ascension_mode":true,"campfire_choices":[{"data":"Body Slam","floor":6,"key":"SMITH"},{"data":"Bash","floor":15,"key":"SMITH"}],"neow_cost":"NONE","seed_source_timestamp":639010711453400,"circlet_count":0,"master_deck":["Strike_R","Strike_R","Strike_R","Defend_R","Defend_R","Defend_R","Defend_R","Bash+1","Headbutt","Body Slam+1","Headbutt","Pommel Strike"],"relics":["Burning Blood","Oddly Smooth Stone"],"potions_floor_usage":[7,7,8,12,13,16],"damage_taken":[{"damage":1,"enemies":"Cultist","floor":1,"turns":4},{"damage":16,"enemies":"Jaw Worm","floor":2,"turns":5},{"damage":4,"enemies":"2 Louse","floor":3,"turns":3},{"damage":4,"enemies":"Gremlin Gang","floor":7,"turns":4},{"damage":15,"enemies":"3 Louse","floor":8,"turns":4},{"damage":2,"enemies":"Lots of Slimes","floor":12,"turns":5},{"damage":6,"enemies":"Large Slime","floor":13,"turns":5},{"damage":11,"enemies":"Red Slaver","floor":14,"turns":3},{"damage":66,"enemies":"The Guardian","floor":16,"turns":10}],"seed_played":"-1903960051141842161","potions_obtained":[{"floor":3,"key":"Weak Potion"},{"floor":5,"key":"BloodPotion"},{"floor":5,"key":"Explosive Potion"},{"floor":8,"key":"Energy Potion"},{"floor":12,"key":"Poison Potion"},{"floor":13,"key":"SpeedPotion"},{"floor":14,"key":"SkillPotion"}],"is_trial":false,"path_per_floor":["M","M","M","?","?","R","M","M","T","$","?","M","M","M","R","B"],"character_chosen":"IRONCLAD","items_purchased":["Pommel Strike"],"campfire_rested":0,"item_purchase_floors":[10],"current_hp_per_floor":[88,78,80,62,62,62,72,63,63,63,63,67,67,62,62,0],"gold":104,"neow_bonus":"TEN_PERCENT_HP_BONUS","is_prod":false,"is_daily":false,"chose_seed":false,"campfire_upgraded":2,"win_rate":0,"timestamp":1554598905,"path_taken":["M","M","?","?","?","R","M","?","T","$","?","M","?","M","R","BOSS"],"build_version":"2019-01-23","purchased_purges":1,"victory":false,"max_hp_per_floor":[88,88,88,88,88,88,88,88,88,88,88,88,88,88,88,88],"card_choices":[{"not_picked":["Uppercut","True Grit"],"picked":"Headbutt","floor":1},{"not_picked":["Clothesline","Thunderclap","Perfected Strike"],"picked":"SKIP","floor":2},{"not_picked":["Sever Soul","Combust"],"picked":"Body Slam","floor":3},{"not_picked":["Wild Strike","Berserk","Warcry"],"picked":"SKIP","floor":7},{"not_picked":["Armaments","Heavy Blade"],"picked":"Headbutt","floor":8},{"not_picked":["Feel No Pain","Whirlwind","Carnage"],"picked":"SKIP","floor":12},{"not_picked":["Twin Strike","Perfected Strike","Power Through"],"picked":"SKIP","floor":13},{"not_picked":["Power Through","Intimidate","Havoc"],"picked":"SKIP","floor":14}],"player_experience":197169,"relics_obtained":[],"event_choices":[{"damage_healed":0,"gold_gain":0,"player_choice":"Success","damage_taken":18,"relics_obtained":["Oddly Smooth Stone"],"max_hp_gain":0,"max_hp_loss":0,"event_name":"Scrap Ooze","floor":4,"gold_loss":0},{"damage_healed":0,"gold_gain":0,"player_choice":"Bought 2 Potions","damage_taken":0,"max_hp_gain":0,"max_hp_loss":0,"event_name":"The Woman in Blue","floor":5,"gold_loss":0},{"cards_removed":["Strike_R"],"damage_healed":0,"gold_gain":0,"player_choice":"Offered Basic","damage_taken":0,"max_hp_gain":0,"max_hp_loss":0,"event_name":"Bonfire Elementals","floor":11,"gold_loss":0}],"is_beta":false,"boss_relics":[],"items_purged_floors":[10],"is_endless":false,"potions_floor_spawned":[3,8,12,13,14],"killed_by":"The Guardian","ascension_level":2}