{"gold_per_floor":[114,129,129,144,144,174,189,219,219,234,249,264,279,294,294,394,394,409,424,439,40,75,105,105,12,87,102,132,132,147,182,182,282,282,297,312,327,32,67,97,112,162,162,192,207,222,555,570,570,590],"floor_reached":51,"playtime":14326,"items_purged":[],"score":1078,"play_id":"212fc665-b8a9-4305-87a5-6aa65b07383f","local_time":"20190223181607","daily_mods":["Cursed Run","Vintage","Lethality"],"is_ascension_mode":false,"campfire_choices":[{"floor":15,"key":"REST"},{"floor":29,"key":"REST"},{"floor":32,"key":"REST"},{"floor":49,"key":"REST"}],"neow_cost":"","seed_source_timestamp":0,"circlet_count":0,"master_deck":["Defend_G+1","Defend_G","Defend_G","Defend_G","Defend_G","Strike_G","Strike_G","Strike_G","Strike_G","Strike_G","Survivor+1","Neutralize","Flechettes","Night Terror","Dash+1","Poisoned Stab+1","Pain","Slice","Doubt","Doppelganger","HandOfGreed","Caltrops","Poisoned Stab","Cloak And Dagger+1","Flying Knee","Normality","Bouncing Flask+1","Venomology+1","Dagger Spray","Regret","Adrenaline+1","Dramatic Entrance","Deadly Poison+1","PiercingWail+1","Dagger Throw","Accuracy","Poisoned Stab+1"],"special_seed":17950,"relics":["Cursed Key","Darkstone Periapt","Du-Vu Doll","FossilizedHelix","Orichalcum","Shuriken","Regal Pillow","Smiling Mask","Torii","Kunai","Boot","Pen Nib","Dream Catcher","Thread and Needle","Ancient Tea Set","Fusion Hammer","Gremlin Horn","Dead Branch","MawBank","HandDrill","Incense Burner","Toxic Egg 2","PreservedInsect","Letter Opener","Whetstone","Bag of Marbles","Singing Bowl","War Paint","Lizard Tail","Omamori","The Courier","Bottled Lightning","Mercury Hourglass","Anchor","Lantern","Art of War","Prayer Wheel","Mummified Hand","Bottled Tornado","Oddly Smooth Stone","Juzu Bracelet","Old Coin","Unceasing Top"],"potions_floor_usage":[6,8,8,8,12,16,16,19,19,23,33,33,33,36,37,41,41,41,42,42,45,45,46,47,48,48,48,50,50,50],"damage_taken":[{"damage":0,"enemies":"Jaw Worm","floor":1,"turns":3},{"damage":0,"enemies":"2 Louse","floor":2,"turns":3},{"damage":0,"enemies":"Cultist","floor":4,"turns":3},{"damage":0,"enemies":"Lagavulin","floor":6,"turns":4},{"damage":0,"enemies":"Blue Slaver","floor":7,"turns":3},{"damage":0,"enemies":"3 Sentries","floor":8,"turns":4},{"damage":2,"enemies":"Exordium Thugs","floor":10,"turns":2},{"damage":0,"enemies":"Looter","floor":11,"turns":2},{"damage":1,"enemies":"Gremlin Gang","floor":12,"turns":4},{"damage":0,"enemies":"3 Louse","floor":13,"turns":2},{"damage":0,"enemies":"Exordium Thugs","floor":14,"turns":3},{"damage":43,"enemies":"Hexaghost","floor":16,"turns":6},{"damage":0,"enemies":"Spheric Guardian","floor":18,"turns":3},{"damage":0,"enemies":"2 Thieves","floor":19,"turns":4},{"damage":15,"enemies":"Snecko","floor":20,"turns":5},{"damage":0,"enemies":"Sentry and Sphere","floor":22,"turns":3},{"damage":9,"enemies":"Gremlin Leader","floor":23,"turns":5},{"damage":0,"enemies":"Chosen and Byrds","floor":27,"turns":3},{"damage":0,"enemies":"Book of Stabbing","floor":28,"turns":2},{"damage":0,"enemies":"Snake Plant","floor":30,"turns":1},{"damage":4,"enemies":"3 Cultists","floor":31,"turns":2},{"damage":15,"enemies":"Automaton","floor":33,"turns":5},{"damage":6,"enemies":"Orb Walker","floor":35,"turns":1},{"damage":9,"enemies":"3 Shapes","floor":36,"turns":1},{"damage":0,"enemies":"Jaw Worm Horde","floor":37,"turns":2},{"damage":5,"enemies":"Maw","floor":39,"turns":5},{"damage":4,"enemies":"Giant Head","floor":40,"turns":5},{"damage":7,"enemies":"Spire Growth","floor":41,"turns":2},{"damage":7,"enemies":"Nemesis","floor":42,"turns":3},{"damage":0,"enemies":"Giant Head","floor":44,"turns":4},{"damage":0,"enemies":"Jaw Worm Horde","floor":45,"turns":3},{"damage":0,"enemies":"Writhing Mass","floor":46,"turns":2},{"damage":0,"enemies":"2 Orb Walkers","floor":47,"turns":2},{"damage":4,"enemies":"Transient","floor":48,"turns":5},{"damage":29,"enemies":"Donu and Deca","floor":50,"turns":6}],"seed_played":"7047609916602226335","potions_obtained":[{"floor":2,"key":"GhostInAJar"},{"floor":6,"key":"PowerPotion"},{"floor":7,"key":"EntropicBrew"},{"floor":10,"key":"Poison Potion"},{"floor":13,"key":"Fire Potion"},{"floor":16,"key":"Energy Potion"},{"floor":18,"key":"PowerPotion"},{"floor":20,"key":"SpeedPotion"},{"floor":23,"key":"LiquidBronze"},{"floor":28,"key":"Fire Potion"},{"floor":30,"key":"Weak Potion"},{"floor":33,"key":"PowerPotion"},{"floor":37,"key":"Weak Potion"},{"floor":39,"key":"EssenceOfSteel"},{"floor":41,"key":"Weak Potion"},{"floor":44,"key":"SkillPotion"},{"floor":45,"key":"SpeedPotion"},{"floor":48,"key":"PowerPotion"}],"is_trial":false,"path_per_floor":["M","M","?","M","?","E","M","E","T","M","M","M","M","M","R","B",null,"M","M","M","$","M","E","?","$","T","M","E","R","M","M","R","B",null,"M","M","M","$","M","E","M","E","T","E","M","M","?","M","R","B",null],"character_chosen":"THE_SILENT","items_purchased":["HandDrill","HandOfGreed","Caltrops","Cloak And Dagger+1","Flying Knee","Mercury Hourglass","Dramatic Entrance","Deadly Poison+1"],"campfire_rested":4,"item_purchase_floors":[21,21,21,25,25,38,38,38],"current_hp_per_floor":[70,70,70,70,70,70,70,70,76,74,74,73,73,73,76,39,82,82,82,67,67,67,58,58,58,64,64,64,88,88,84,88,79,94,88,79,79,79,74,70,63,56,56,56,56,56,56,52,96,67],"gold":590,"neow_bonus":"","is_prod":false,"is_daily":true,"chose_seed":false,"campfire_upgraded":0,"win_rate":0.0,"timestamp":1550945767,"path_taken":["M","M","?","M","?","E","M","E","T","M","M","M","M","M","R","BOSS","M","M","M","?","M","E","?","$","T","M","E","R","M","?","R","BOSS","M","M","M","$","M","E","M","E","T","E","M","M","?","M","R","BOSS"],"build_version":"2019-01-23","purchased_purges":0,"victory":true,"max_hp_per_floor":[70,70,70,70,70,70,70,70,76,76,76,76,76,76,76,82,82,82,82,82,82,82,82,82,82,88,88,88,88,88,88,88,94,94,94,94,94,94,94,94,94,94,94,94,94,94,94,94,96,96],"card_choices":[{"not_picked":["Finisher","All Out Attack"],"picked":"Dash","floor":6},{"not_picked":["Choke","Footwork"],"picked":"Poisoned Stab","floor":8},{"not_picked":["Blade Dance","Finisher"],"picked":"Slice","floor":15},{"not_picked":["Adrenaline","Wraith Form v2"],"picked":"Doppelganger","floor":16},{"not_picked":["Deflect","Prepared"],"picked":"Poisoned Stab","floor":23},{"not_picked":["Deflect+1","Underhanded Strike"],"picked":"Bouncing Flask+1","floor":28},{"not_picked":["Outmaneuver+1","Riddle With Holes+1"],"picked":"Venomology+1","floor":29},{"not_picked":["Dagger Throw","Backstab+1"],"picked":"Dagger Spray","floor":32},{"not_picked":["Wraith Form v2","Unload"],"picked":"Adrenaline+1","floor":33},{"not_picked":["Adrenaline+1","Quick Slash+1"],"picked":"PiercingWail+1","floor":40},{"not_picked":["Underhanded Strike","Eviscerate"],"picked":"Dagger Throw","floor":42},{"not_picked":["Sucker Punch+1","Deadly Poison+1"],"picked":"Accuracy","floor":44},{"not_picked":["Sucker Punch","Quick Slash+1"],"picked":"Poisoned Stab+1","floor":47},{"not_picked":["Calculated Gamble+1","Well Laid Plans+1","Underhanded Strike+1"],"picked":"Singing Bowl","floor":49}],"player_experience":212655,"relics_obtained":[{"floor":1,"key":"FossilizedHelix"},{"floor":2,"key":"Orichalcum"},{"floor":4,"key":"Shuriken"},{"floor":6,"key":"Regal Pillow"},{"floor":7,"key":"Smiling Mask"},{"floor":8,"key":"Torii"},{"floor":9,"key":"Kunai"},{"floor":10,"key":"Boot"},{"floor":11,"key":"Pen Nib"},{"floor":12,"key":"Dream Catcher"},{"floor":13,"key":"Thread and Needle"},{"floor":14,"key":"Ancient Tea Set"},{"floor":18,"key":"Gremlin Horn"},{"floor":19,"key":"Dead Branch"},{"floor":20,"key":"MawBank"},{"floor":22,"key":"Incense Burner"},{"floor":23,"key":"Toxic Egg 2"},{"floor":26,"key":"Letter Opener"},{"floor":27,"key":"Whetstone"},{"floor":28,"key":"Bag of Marbles"},{"floor":30,"key":"Singing Bowl"},{"floor":31,"key":"War Paint"},{"floor":35,"key":"Omamori"},{"floor":36,"key":"The Courier"},{"floor":37,"key":"Bottled Lightning"},{"floor":39,"key":"Anchor"},{"floor":40,"key":"Lantern"},{"floor":41,"key":"Art of War"},{"floor":42,"key":"Prayer Wheel"},{"floor":43,"key":"Mummified Hand"},{"floor":44,"key":"Bottled Tornado"},{"floor":45,"key":"Oddly Smooth Stone"},{"floor":46,"key":"Juzu Bracelet"},{"floor":47,"key":"Old Coin"},{"floor":48,"key":"Unceasing Top"}],"event_choices":[{"damage_healed":0,"gold_gain":0,"player_choice":"Ignored","damage_taken":0,"max_hp_gain":0,"max_hp_loss":0,"event_name":"Shining Light","floor":3,"gold_loss":0},{"damage_healed":0,"gold_gain":0,"player_choice":"2 cards matched","damage_taken":0,"max_hp_gain":0,"max_hp_loss":0,"event_name":"Match and Keep!","floor":5,"gold_loss":0,"cards_obtained":["Flechettes","Night Terror"]},{"damage_healed":0,"gold_gain":0,"player_choice":"Gave Potion","damage_taken":0,"relics_obtained":["PreservedInsect"],"max_hp_gain":0,"max_hp_loss":0,"event_name":"WeMeetAgain","floor":24,"gold_loss":0},{"damage_healed":0,"gold_gain":0,"player_choice":"Fight","damage_taken":0,"max_hp_gain":0,"max_hp_loss":0,"event_name":"Mysterious Sphere","floor":47,"gold_loss":0}],"is_beta":false,"boss_relics":[{"not_picked":["Velvet Choker","Orrery"],"picked":"Fusion Hammer"},{"not_picked":["Empty Cage","Busted Crown"],"picked":"Lizard Tail"}],"items_purged_floors":[],"is_endless":false,"potions_floor_spawned":[2,6,7,10,13,16,18,20,23,28,30,33,37,39,41,44,45,48],"ascension_level":0}