{"gold_per_floor":[119,119,136,166,166,166,19,19,70,88,88,122,122,132,132,233,283,299,309,104,124,124,124,148,148,171,187,187,187,104,134,134,239,239,257,257,235,289,302,302,319,335,360,360],"floor_reached":44,"playtime":4425,"items_purged":[],"score":424,"play_id":"de4b4736-44b7-4989-a0ed-8ee6dcafe55c","local_time":"20181024211341","is_ascension_mode":false,"campfire_choices":[{"data":"Streamline","floor":6,"key":"SMITH"},{"data":"Leap","floor":8,"key":"SMITH"},{"data":"Redo","floor":11,"key":"SMITH"},{"data":"Dualcast","floor":13,"key":"SMITH"},{"floor":15,"key":"REST"},{"floor":23,"key":"REST"},{"data":"Fission","floor":25,"key":"SMITH"},{"data":"Hologram","floor":29,"key":"SMITH"},{"floor":32,"key":"REST"},{"floor":40,"key":"REST"}],"neow_cost":"NONE","seed_source_timestamp":1218481055901090,"circlet_count":0,"master_deck":["Strike_B+1","Strike_B","Strike_B","Strike_B","Defend_B","Defend_B","Defend_B","Defend_B","Zap","Dualcast+1","Rainbow+1","Streamline+1","Leap+1","Redo+1","Steam","Darkness","Fission+1","Genetic Algorithm","Barrage+1","Hologram+1","Lockon+1","Static Discharge+1","Enlightenment","Go for the Eyes","Rainbow","Compile Driver","Ball Lightning","Stack+1","Go for the Eyes+1","Leap+1","Cold Snap"],"relics":["Cracked Core","Tiny Chest","Boot","Ancient Tea Set","Bag of Preparation","Pen Nib","Tiny House","TheAbacus","Unceasing Top","Oddly Smooth Stone","Smiling Mask","Bottled Lightning","Inserter","Dead Branch","DataDisk"],"potions_floor_usage":[16,16,41,42,42],"damage_taken":[{"damage":1,"enemies":"Small Slimes","floor":1,"turns":2},{"damage":0,"enemies":"Cultist","floor":3,"turns":3},{"damage":0,"enemies":"Jaw Worm","floor":10,"turns":2},{"damage":12,"enemies":"Gremlin Nob","floor":12,"turns":3},{"damage":0,"enemies":"3 Louse","floor":14,"turns":2},{"damage":34,"enemies":"Hexaghost","floor":16,"turns":6},{"damage":13,"enemies":"Spheric Guardian","floor":18,"turns":4},{"damage":8,"enemies":"Chosen","floor":19,"turns":6},{"damage":26,"enemies":"Shelled Parasite and Fungi","floor":21,"turns":6},{"damage":0,"enemies":"Snake Plant","floor":27,"turns":2},{"damage":10,"enemies":"Book of Stabbing","floor":31,"turns":5},{"damage":59,"enemies":"Automaton","floor":33,"turns":9},{"damage":0,"enemies":"3 Shapes","floor":35,"turns":4},{"damage":42,"enemies":"2 Orb Walkers","floor":38,"turns":5},{"damage":24,"enemies":"3 Darklings","floor":39,"turns":5},{"damage":5,"enemies":"Jaw Worm Horde","floor":41,"turns":4},{"damage":24,"enemies":"Writhing Mass","floor":42,"turns":6},{"damage":20,"enemies":"4 Shapes","floor":44,"turns":5}],"seed_played":"2212824613884584229","potions_obtained":[{"floor":1,"key":"Weak Potion"},{"floor":14,"key":"AttackPotion"},{"floor":16,"key":"Regen Potion"},{"floor":17,"key":"FairyPotion"},{"floor":21,"key":"FocusPotion"},{"floor":33,"key":"FocusPotion"},{"floor":41,"key":"SkillPotion"}],"is_trial":false,"path_per_floor":["M","?","M","T","?","R","$","R","T","M","R","E","R","M","R","B",null,"M","M","$","M","T","R","T","R","T","M","$","R","$","E","R","B",null,"M","?","$","?","M","R","M","M","T"],"character_chosen":"DEFECT","items_purchased":["Ancient Tea Set","TheAbacus","Enlightenment","Ball Lightning"],"campfire_rested":4,"item_purchase_floors":[7,20,30,37],"current_hp_per_floor":[74,74,74,74,62,62,62,62,62,62,62,50,50,50,72,38,80,67,59,59,33,33,57,57,57,57,57,57,57,57,47,71,12,80,80,76,76,34,10,32,27,3,3,0],"gold":360,"neow_bonus":"ONE_RANDOM_RARE_CARD","is_prod":false,"is_daily":false,"chose_seed":false,"campfire_upgraded":6,"win_rate":0,"timestamp":1540437221,"path_taken":["M","?","M","?","?","R","$","R","T","M","R","E","R","M","R","BOSS","M","M","$","M","?","R","?","R","T","M","$","R","?","E","R","BOSS","M","?","$","?","M","R","M","M","T","?"],"build_version":"2018-10-18","purchased_purges":0,"victory":false,"max_hp_per_floor":[75,75,75,75,75,75,75,75,75,75,75,75,75,75,75,75,80,80,80,80,80,80,80,80,80,80,80,80,80,80,80,80,80,80,80,76,76,76,76,76,76,76,76,76],"card_choices":[{"not_picked":["Aggregate","Rebound"],"picked":"Streamline","floor":1},{"not_picked":["Steam","Heatsinks"],"picked":"Leap","floor":3},{"not_picked":["Lockon","Heatsinks"],"picked":"Redo","floor":10},{"not_picked":["FTL","Cold Snap"],"picked":"Steam","floor":12},{"not_picked":["Streamline","Compile Driver"],"picked":"Darkness","floor":14},{"not_picked":["Multi-Cast","Reboot"],"picked":"Fission","floor":16},{"not_picked":["Compile Driver","Hologram"],"picked":"Genetic Algorithm","floor":17},{"not_picked":["Turbo","Sweeping Beam"],"picked":"Barrage+1","floor":18},{"not_picked":["Go for the Eyes","White Noise"],"picked":"Hologram","floor":19},{"not_picked":["Steam Power+1","Barrage"],"picked":"Lockon+1","floor":21},{"not_picked":["Creative AI","Compile Driver"],"picked":"Static Discharge+1","floor":27},{"not_picked":["Hello World","Sunder"],"picked":"Go for the Eyes","floor":31},{"not_picked":["Meteor Strike","All For One"],"picked":"Rainbow","floor":33},{"not_picked":["Storm","Force Field"],"picked":"Compile Driver","floor":35},{"not_picked":["Steam Power","Streamline+1"],"picked":"Stack+1","floor":38},{"not_picked":["Rebound","Turbo"],"picked":"Go for the Eyes+1","floor":39},{"not_picked":["Ball Lightning+1","Conserve Battery"],"picked":"Leap+1","floor":41},{"not_picked":["Melter+1","Heatsinks+1"],"picked":"Cold Snap","floor":42}],"player_experience":808393,"relics_obtained":[{"floor":4,"key":"Tiny Chest"},{"floor":9,"key":"Bag of Preparation"},{"floor":12,"key":"Pen Nib"},{"floor":22,"key":"Unceasing Top"},{"floor":24,"key":"Oddly Smooth Stone"},{"floor":26,"key":"Smiling Mask"},{"floor":31,"key":"Bottled Lightning"},{"floor":38,"key":"Dead Branch"},{"floor":43,"key":"DataDisk"}],"event_choices":[{"damage_healed":0,"gold_gain":0,"player_choice":"Grow","damage_taken":0,"max_hp_gain":0,"max_hp_loss":0,"event_name":"Living Wall","floor":2,"gold_loss":0,"cards_upgraded":["Rainbow"]},{"damage_healed":0,"gold_gain":0,"player_choice":"Success","damage_taken":12,"relics_obtained":["Boot"],"max_hp_gain":0,"max_hp_loss":0,"event_name":"Scrap Ooze","floor":5,"gold_loss":0},{"damage_healed":0,"gold_gain":0,"player_choice":"Max HP","damage_taken":0,"max_hp_gain":0,"max_hp_loss":4,"event_name":"Winding Halls","floor":36,"gold_loss":0},{"damage_healed":0,"gold_gain":0,"player_choice":"Fight","damage_taken":0,"max_hp_gain":0,"max_hp_loss":0,"event_name":"Mysterious Sphere","floor":38,"gold_loss":0}],"is_beta":false,"boss_relics":[{"not_picked":["Lizard Tail","Eternal Feather"],"picked":"Tiny House"},{"not_picked":["FrozenCore","Black Star"],"picked":"Inserter"}],"items_purged_floors":[],"is_endless":false,"potions_floor_spawned":[1,14,16,21,33,39,41],"killed_by":"4 Shapes","ascension_level":0}