{"gold_per_floor":[117,117,67,67,82,110,110,138,138,156,156,156,195,219,219,219],"floor_reached":16,"playtime":919,"items_purged":[],"score":150,"play_id":"ef3178f7-eb0a-4b34-92b3-7f1e50e9268b","local_time":"20181026181718","is_ascension_mode":true,"campfire_choices":[{"data":"Flechettes","floor":7,"key":"SMITH"},{"floor":12,"key":"REST"},{"floor":15,"key":"REST"}],"neow_cost":"NONE","seed_source_timestamp":1384212311171582,"circlet_count":0,"master_deck":["Defend_G","Defend_G","Defend_G","Defend_G","Defend_G","Strike_G","Strike_G","Strike_G","Strike_G","Survivor","Neutralize","Flying Knee+1","Dodge and Roll","Flechettes+1","Blade Dance","Flying Knee","Injury","Choke","Unload"],"relics":["Ring of the Snake","NeowsBlessing","Sundial","Bag of Marbles","Mummified Hand","Golden Idol","Letter Opener"],"potions_floor_usage":[8,16,16],"damage_taken":[{"damage":0,"enemies":"2 Louse","floor":1,"turns":1},{"damage":0,"enemies":"Jaw Worm","floor":5,"turns":1},{"damage":0,"enemies":"3 Sentries","floor":6,"turns":1},{"damage":34,"enemies":"Lagavulin","floor":8,"turns":9},{"damage":0,"enemies":"Cultist","floor":10,"turns":3},{"damage":6,"enemies":"Gremlin Nob","floor":13,"turns":3},{"damage":0,"enemies":"Looter","floor":14,"turns":1},{"damage":70,"enemies":"The Guardian","floor":16,"turns":14}],"seed_played":"-5694950647149586030","potions_obtained":[{"floor":5,"key":"FearPotion"},{"floor":8,"key":"Energy Potion"},{"floor":10,"key":"SpeedPotion"}],"is_trial":false,"path_per_floor":["M","?","$","?","M","E","R","E","T","M","?","R","E","M","R"],"character_chosen":"THE_SILENT","items_purchased":["Dodge and Roll"],"campfire_rested":2,"item_purchase_floors":[3],"current_hp_per_floor":[70,70,70,70,70,70,70,36,36,36,36,57,51,51,70,0],"gold":219,"neow_bonus":"THREE_ENEMY_KILL","is_prod":false,"is_daily":false,"chose_seed":false,"campfire_upgraded":1,"win_rate":0,"timestamp":1540599438,"path_taken":["M","?","$","?","?","E","R","E","T","M","?","R","E","M","R","BOSS"],"build_version":"2018-10-25v2","purchased_purges":0,"victory":false,"max_hp_per_floor":[70,70,70,70,70,70,70,70,70,70,70,70,70,70,70,70],"card_choices":[{"not_picked":["Tactician","PiercingWail"],"picked":"Flying Knee","floor":1},{"not_picked":["Catalyst","Heel Hook"],"picked":"Flechettes","floor":5},{"not_picked":["Sucker Punch","Glass Knife"],"picked":"Blade Dance","floor":6},{"not_picked":["Bane","Calculated Gamble"],"picked":"Flying Knee","floor":8},{"not_picked":["Outmaneuver","Underhanded Strike","Sucker Punch"],"picked":"SKIP","floor":10},{"not_picked":["Setup","Heel Hook"],"picked":"Choke","floor":13},{"not_picked":["Caltrops","Catalyst"],"picked":"Unload","floor":14}],"player_experience":876057,"relics_obtained":[{"floor":6,"key":"Sundial"},{"floor":8,"key":"Bag of Marbles"},{"floor":9,"key":"Mummified Hand"},{"floor":13,"key":"Letter Opener"}],"event_choices":[{"damage_healed":0,"gold_gain":0,"player_choice":"Grow","damage_taken":0,"max_hp_gain":0,"max_hp_loss":0,"event_name":"Living Wall","floor":2,"gold_loss":0,"cards_upgraded":["Flying Knee"]},{"cards_removed":["Strike_G"],"damage_healed":0,"gold_gain":0,"player_choice":"Offered Basic","damage_taken":0,"max_hp_gain":0,"max_hp_loss":0,"event_name":"Bonfire Elementals","floor":4,"gold_loss":0},{"damage_healed":0,"gold_gain":0,"player_choice":"Take Wound","damage_taken":0,"relics_obtained":["Golden Idol"],"max_hp_gain":0,"max_hp_loss":0,"event_name":"Golden Idol","floor":11,"gold_loss":0,"cards_obtained":["Injury"]}],"is_beta":false,"boss_relics":[],"items_purged_floors":[],"is_endless":false,"potions_floor_spawned":[5,8,10],"killed_by":"The Guardian","ascension_level":1}