{"gold_per_floor":[115,115,115,130,130,130,164,164,191,207,226,261,272,291,291,391,391,409,424,424,524,537,572,585,585,585,620,620,298,314,348,348,447,447,457,457,473,6,22,22,22,22,74,74],"floor_reached":44,"playtime":3583,"items_purged":[],"score":780,"play_id":"3cc6287a-8337-4589-aa09-8dcee560f33f","local_time":"20190326225211","is_ascension_mode":true,"campfire_choices":[{"data":"Neutralize","floor":6,"key":"SMITH"},{"data":"After Image","floor":8,"key":"SMITH"},{"data":"Noxious Fumes","floor":15,"key":"SMITH"},{"data":"Decay","floor":28,"key":"PURGE"},{"data":"Dodge and Roll","floor":32,"key":"SMITH"},{"data":"Caltrops","floor":40,"key":"SMITH"}],"neow_cost":"NONE","seed_source_timestamp":945460020733573,"circlet_count":0,"master_deck":["AscendersBane","Defend_G+1","Defend_G+1","Defend_G","Defend_G","Defend_G","Survivor","Neutralize+1","Dodge and Roll+1","Infinite Blades","Outmaneuver","After Image+1","Noxious Fumes+1","Blur","Malaise","PiercingWail+1","Bite","Bite","Bite","Bite","Bite","Cloak And Dagger","Dodge and Roll+1","Backflip","Caltrops+1","Caltrops+1","Wraith Form v2+1","Backflip+1","Cloak And Dagger+1","Noxious Fumes+1","Leg Sweep","Backflip","Cloak And Dagger+1"],"relics":["Ring of the Snake","NeowsBlessing","War Paint","Mercury Hourglass","Sozu","Peace Pipe","Question Card","Ancient Tea Set","Frozen Egg 2","Pantograph","Mummified Hand","Blue Candle","WristBlade","Ninja Scroll","Vajra"],"potions_floor_usage":[21,33,33],"damage_taken":[{"damage":0,"enemies":"Jaw Worm","floor":1,"turns":1},{"damage":0,"enemies":"Cultist","floor":4,"turns":1},{"damage":0,"enemies":"Lagavulin","floor":7,"turns":3},{"damage":0,"enemies":"2 Louse","floor":10,"turns":6},{"damage":0,"enemies":"2 Fungi Beasts","floor":11,"turns":6},{"damage":24,"enemies":"3 Sentries","floor":12,"turns":10},{"damage":0,"enemies":"Blue Slaver","floor":13,"turns":5},{"damage":2,"enemies":"3 Louse","floor":14,"turns":4},{"damage":16,"enemies":"Slime Boss","floor":16,"turns":12},{"damage":15,"enemies":"Spheric Guardian","floor":18,"turns":7},{"damage":2,"enemies":"3 Byrds","floor":19,"turns":5},{"damage":12,"enemies":"Colosseum Slavers","floor":21,"turns":6},{"damage":51,"enemies":"Colosseum Nobs","floor":21,"turns":7},{"damage":13,"enemies":"Shelled Parasite and Fungi","floor":22,"turns":10},{"damage":7,"enemies":"Gremlin Leader","floor":23,"turns":11},{"damage":2,"enemies":"Centurion and Healer","floor":24,"turns":8},{"damage":25,"enemies":"Book of Stabbing","floor":27,"turns":8},{"damage":13,"enemies":"Sentry and Sphere","floor":30,"turns":6},{"damage":18,"enemies":"Slavers","floor":31,"turns":5},{"damage":56,"enemies":"Champ","floor":33,"turns":22},{"damage":2,"enemies":"3 Shapes","floor":35,"turns":8},{"damage":29,"enemies":"3 Darklings","floor":37,"turns":6},{"damage":0,"enemies":"Sphere and 2 Shapes","floor":39,"turns":5},{"damage":67,"enemies":"Giant Head","floor":44,"turns":8}],"seed_played":"94537719498741180","potions_obtained":[{"floor":4,"key":"SkillPotion"},{"floor":11,"key":"Strength Potion"},{"floor":12,"key":"Energy Potion"},{"floor":14,"key":"Block Potion"}],"is_trial":false,"path_per_floor":["?","M","?","?","?","?","?","?"],"character_chosen":"THE_SILENT","items_purchased":["Mummified Hand","Caltrops+1","Noxious Fumes+1","Ninja Scroll","Leg Sweep","Backflip"],"campfire_rested":0,"item_purchase_floors":[29,29,38,38,38,38],"current_hp_per_floor":[63,63,63,63,63,63,63,63,63,63,63,39,39,37,37,21,58,43,41,41,4,15,34,49,49,49,28,28,28,33,25,25,8,39,47,47,28,28,36,36,36,36,36,0],"gold":74,"neow_bonus":"THREE_ENEMY_KILL","is_prod":false,"is_daily":false,"chose_seed":false,"campfire_upgraded":5,"win_rate":0,"timestamp":1553655131,"path_taken":["M","$","?","?","?","R","E","R","T","M","M","E","M","M","R","BOSS","M","M","?","?","M","E","M","?","T","E","R","$","M","E","R","BOSS","M","?","M","$","M","R","?","$","T","E"],"build_version":"2019-01-23","purchased_purges":0,"victory":false,"max_hp_per_floor":[70,70,70,70,70,70,70,70,70,70,70,70,70,70,70,70,70,70,70,49,49,49,49,49,49,49,49,49,49,49,49,49,49,49,49,47,47,47,47,47,47,47,47,47],"card_choices":[{"not_picked":["Cloak And Dagger","Underhanded Strike"],"picked":"Dodge and Roll","floor":1},{"not_picked":["Calculated Gamble","Bane"],"picked":"Infinite Blades","floor":4},{"not_picked":["Underhanded Strike","Crippling Poison"],"picked":"After Image","floor":7},{"not_picked":["Tactician","Accuracy","Predator"],"picked":"SKIP","floor":10},{"not_picked":["Sucker Punch","Poisoned Stab"],"picked":"Noxious Fumes","floor":11},{"not_picked":["Flying Knee","Slice","Sucker Punch"],"picked":"SKIP","floor":12},{"not_picked":["Bane","Eviscerate","Night Terror"],"picked":"SKIP","floor":13},{"not_picked":["Backstab","Setup"],"picked":"Blur","floor":14},{"not_picked":["Night Terror","After Image"],"picked":"Malaise","floor":16},{"not_picked":["Calculated Gamble","Flying Knee","Slice"],"picked":"SKIP","floor":18},{"not_picked":["Catalyst","Choke"],"picked":"PiercingWail+1","floor":19},{"not_picked":["Eviscerate+1","Finisher"],"picked":"Cloak And Dagger","floor":21},{"not_picked":["Predator+1","Leg Sweep","Poisoned Stab+1"],"picked":"Dodge and Roll+1","floor":22},{"not_picked":["Poisoned Stab+1","Infinite Blades+1","Night Terror","Outmaneuver"],"picked":"SKIP","floor":23},{"not_picked":["Poisoned Stab+1","Terror","Flying Knee"],"picked":"Backflip","floor":24},{"not_picked":["All Out Attack","Deadly Poison+1","Outmaneuver+1","Heel Hook"],"picked":"SKIP","floor":27},{"not_picked":["Dagger Spray+1","PiercingWail","Deflect","Dodge and Roll"],"picked":"SKIP","floor":30},{"not_picked":["Choke","Quick Slash","Flying Knee","Dagger Spray"],"picked":"SKIP","floor":31},{"not_picked":["Unload","Grand Finale","Die Die Die"],"picked":"Wraith Form v2+1","floor":33},{"not_picked":["Underhanded Strike","Expertise+1","Eviscerate"],"picked":"Backflip+1","floor":35},{"not_picked":["Eviscerate","Tactician+1","Backflip"],"picked":"Cloak And Dagger+1","floor":37},{"not_picked":["Quick Slash+1","Poisoned Stab","Acrobatics"],"picked":"Cloak And Dagger+1","floor":39}],"player_experience":1042462,"relics_obtained":[{"floor":7,"key":"War Paint"},{"floor":12,"key":"Mercury Hourglass"},{"floor":21,"key":"Peace Pipe"},{"floor":21,"key":"Question Card"},{"floor":23,"key":"Ancient Tea Set"},{"floor":26,"key":"Frozen Egg 2"},{"floor":27,"key":"Pantograph"},{"floor":31,"key":"Blue Candle"},{"floor":43,"key":"Vajra"}],"event_choices":[{"damage_healed":0,"gold_gain":0,"player_choice":"Cursed","damage_taken":0,"max_hp_gain":0,"max_hp_loss":0,"event_name":"Wheel of Change","floor":3,"gold_loss":0,"cards_obtained":["Decay"]},{"damage_healed":0,"gold_gain":0,"cards_transformed":["Strike_G"],"player_choice":"Transformed","damage_taken":0,"max_hp_gain":0,"max_hp_loss":0,"event_name":"Transmorgrifier","floor":5,"gold_loss":0,"cards_obtained":["Outmaneuver"]},{"damage_healed":0,"gold_gain":0,"player_choice":"Became a vampire","damage_taken":0,"max_hp_gain":0,"max_hp_loss":21,"event_name":"Vampires","floor":20,"gold_loss":0,"cards_obtained":["Bite","Bite","Bite","Bite","Bite"]},{"damage_healed":0,"gold_gain":0,"player_choice":"Fight","damage_taken":0,"max_hp_gain":0,"max_hp_loss":0,"event_name":"Colosseum","floor":21,"gold_loss":0},{"damage_healed":0,"gold_gain":0,"player_choice":"Fought Nobs","damage_taken":0,"max_hp_gain":0,"max_hp_loss":0,"event_name":"Colosseum","floor":21,"gold_loss":0},{"damage_healed":0,"gold_gain":0,"player_choice":"Read","damage_taken":0,"max_hp_gain":0,"max_hp_loss":0,"event_name":"The Library","floor":25,"gold_loss":0,"cards_obtained":["Caltrops"]},{"damage_healed":0,"gold_gain":0,"player_choice":"Max HP","damage_taken":0,"max_hp_gain":0,"max_hp_loss":2,"event_name":"Winding Halls","floor":36,"gold_loss":0},{"damage_healed":0,"gold_gain":0,"player_choice":"Memory 1","damage_taken":0,"max_hp_gain":0,"max_hp_loss":0,"event_name":"SensoryStone","floor":41,"gold_loss":0}],"is_beta":false,"boss_relics":[{"not_picked":["Velvet Choker","Calling Bell"],"picked":"Sozu"},{"not_picked":["Snecko Eye","White Beast Statue"],"picked":"WristBlade"}],"items_purged_floors":[],"is_endless":false,"potions_floor_spawned":[4,11,12,14,18,23,27,33,35],"killed_by":"Giant Head","ascension_level":10}