{"gold_per_floor":[115,115,115,66,80,80,150,150,150,189,226,238,283,321,333,466,478,514,546,558,591,624,636],"floor_reached":23,"playtime":1279,"items_purged":[],"score":272,"play_id":"dad7273b-2e9d-47ac-9a0a-dbc613e7cf7b","local_time":"20190321201653","is_ascension_mode":true,"campfire_choices":[{"floor":6,"key":"REST"},{"floor":8,"key":"REST"},{"floor":15,"key":"REST"}],"neow_cost":"TEN_PERCENT_HP_LOSS","seed_source_timestamp":506448516604555,"circlet_count":0,"master_deck":["Strike_R","Strike_R","Strike_R","Defend_R","Defend_R","Defend_R","Defend_R","Bash","Carnage","True Grit","Anger","Bloodletting","Armaments","Rampage","Impervious+1","Shrug It Off+1","Metallicize"],"relics":["Burning Blood","Golden Idol","Regal Pillow","Tiny Chest","Incense Burner","MawBank","Mercury Hourglass","Toxic Egg 2","Bronze Scales","Velvet Choker"],"potions_floor_usage":[7,23],"damage_taken":[{"damage":8,"enemies":"Small Slimes","floor":1,"turns":5},{"damage":5,"enemies":"Jaw Worm","floor":5,"turns":4},{"damage":55,"enemies":"Lagavulin","floor":7,"turns":7},{"damage":24,"enemies":"Gremlin Nob","floor":10,"turns":4},{"damage":0,"enemies":"2 Louse","floor":11,"turns":4},{"damage":23,"enemies":"3 Sentries","floor":13,"turns":7},{"damage":9,"enemies":"Slime Boss","floor":16,"turns":11},{"damage":0,"enemies":"Chosen","floor":18,"turns":3},{"damage":21,"enemies":"2 Thieves","floor":19,"turns":4},{"damage":3,"enemies":"Centurion and Healer","floor":21,"turns":7},{"damage":8,"enemies":"Chosen and Byrds","floor":22,"turns":5},{"damage":61,"enemies":"Gremlin Leader","floor":23,"turns":8}],"seed_played":"-2067234626328240135","potions_obtained":[{"floor":1,"key":"FearPotion"},{"floor":5,"key":"Weak Potion"},{"floor":11,"key":"SkillPotion"},{"floor":19,"key":"Ancient Potion"}],"is_trial":false,"path_per_floor":["?","?","T","T"],"character_chosen":"IRONCLAD","items_purchased":["True Grit"],"campfire_rested":3,"item_purchase_floors":[4],"current_hp_per_floor":[70,52,27,27,28,64,15,51,51,33,39,39,22,22,58,55,68,72,57,57,60,58,0],"gold":636,"neow_bonus":"REMOVE_TWO","is_prod":false,"is_daily":false,"chose_seed":false,"campfire_upgraded":0,"win_rate":0,"timestamp":1553213813,"path_taken":["M","?","?","$","M","R","E","R","T","E","M","?","E","?","R","BOSS","M","M","$","M","M","E"],"build_version":"2019-01-23","purchased_purges":0,"victory":false,"max_hp_per_floor":[72,72,72,72,72,72,72,72,72,72,72,72,72,72,72,72,72,72,72,72,72,72,72],"card_choices":[{"not_picked":["Bloodletting","Havoc"],"picked":"Carnage","floor":1},{"not_picked":["Cleave","Blood for Blood"],"picked":"Anger","floor":5},{"not_picked":["Entrench","Rupture"],"picked":"Bloodletting","floor":7},{"not_picked":["Bloodletting","Body Slam"],"picked":"Armaments","floor":10},{"not_picked":["Havoc","Clash"],"picked":"Rampage","floor":11},{"not_picked":["Perfected Strike","Thunderclap","Pummel"],"picked":"SKIP","floor":13},{"not_picked":["Double Tap+1","Dark Embrace"],"picked":"Impervious+1","floor":16},{"not_picked":["Thunderclap","Evolve","Armaments+1"],"picked":"SKIP","floor":18},{"not_picked":["Sword Boomerang","Flex+1"],"picked":"Shrug It Off+1","floor":19},{"not_picked":["Inflame","Armaments+1","Dual Wield+1"],"picked":"SKIP","floor":21},{"not_picked":["Juggernaut","Armaments+1"],"picked":"Metallicize","floor":22}],"player_experience":856591,"relics_obtained":[{"floor":7,"key":"Tiny Chest"},{"floor":9,"key":"Incense Burner"},{"floor":10,"key":"MawBank"},{"floor":12,"key":"Mercury Hourglass"},{"floor":13,"key":"Toxic Egg 2"},{"floor":14,"key":"Bronze Scales"}],"event_choices":[{"damage_healed":0,"gold_gain":0,"player_choice":"Take Damage","damage_taken":18,"relics_obtained":["Golden Idol"],"max_hp_gain":0,"max_hp_loss":0,"event_name":"Golden Idol","floor":2,"gold_loss":0},{"damage_healed":0,"gold_gain":0,"player_choice":"Success","damage_taken":25,"relics_obtained":["Regal Pillow"],"max_hp_gain":0,"max_hp_loss":0,"event_name":"Scrap Ooze","floor":3,"gold_loss":0}],"is_beta":false,"boss_relics":[{"not_picked":["Sozu","Mark of Pain"],"picked":"Velvet Choker"}],"items_purged_floors":[],"is_endless":false,"potions_floor_spawned":[1,5,11,19],"killed_by":"Gremlin Leader","ascension_level":6}