{"gold_per_floor":[109,109,59,9,23,50,60,80,80,80,92,104,131,146,146,242,242,256,256,271,291,241,266,291,313,325,118,118,134,134,152,152,248,248,263,263,77,157,157,157],"floor_reached":40,"playtime":1818,"items_purged":[],"score":605,"play_id":"632dba0b-3243-4bf2-a543-4b18e0389394","local_time":"20181027105516","is_ascension_mode":true,"campfire_choices":[{"floor":15,"key":"REST"},{"data":"Apotheosis","floor":28,"key":"SMITH"},{"floor":32,"key":"REST"}],"neow_cost":"NONE","seed_source_timestamp":1443191454672084,"circlet_count":0,"master_deck":["Strike_R","Strike_R","Strike_R","Defend_R","Defend_R","Defend_R","Defend_R","Bash","Disarm","Flex","Demon Form","Wild Strike","Power Through","Sentinel","Anger","Metallicize","Inflame","Twin Strike","Impervious","Evolve","Intimidate","Rampage+1","Twin Strike","Spot Weakness","Rage+1","Apotheosis+1","Anger","Iron Wave","Immolate","Burning Pact","Reaper","Warcry","Sentinel"],"relics":["Burning Blood","NeowsBlessing","Omamori","Meat on the Bone","Darkstone Periapt","Calling Bell","Lantern","Self Forming Clay","Pocketwatch","MawBank","Torii","Mark of Pain","Bag of Marbles","Pantograph"],"potions_floor_usage":[7,14,23,24,25,30,30,40],"damage_taken":[{"damage":0,"enemies":"2 Louse","floor":1,"turns":1},{"damage":0,"enemies":"Small Slimes","floor":5,"turns":2},{"damage":0,"enemies":"Gremlin Nob","floor":6,"turns":1},{"damage":4,"enemies":"Jaw Worm","floor":7,"turns":4},{"damage":14,"enemies":"Blue Slaver","floor":8,"turns":5},{"damage":14,"enemies":"Exordium Wildlife","floor":11,"turns":6},{"damage":14,"enemies":"Large Slime","floor":12,"turns":8},{"damage":36,"enemies":"3 Sentries","floor":13,"turns":13},{"damage":13,"enemies":"Exordium Thugs","floor":14,"turns":5},{"damage":28,"enemies":"Slime Boss","floor":16,"turns":10},{"damage":8,"enemies":"Chosen","floor":18,"turns":4},{"damage":18,"enemies":"2 Thieves","floor":20,"turns":5},{"damage":28,"enemies":"3 Cultists","floor":21,"turns":6},{"damage":45,"enemies":"Slavers","floor":23,"turns":6},{"damage":0,"enemies":"Snecko","floor":24,"turns":3},{"damage":12,"enemies":"Snake Plant","floor":25,"turns":5},{"damage":12,"enemies":"Cultist and Chosen","floor":29,"turns":6},{"damage":15,"enemies":"Gremlin Leader","floor":30,"turns":5},{"damage":10,"enemies":"Centurion and Healer","floor":31,"turns":6},{"damage":75,"enemies":"Automaton","floor":33,"turns":10},{"damage":11,"enemies":"Orb Walker","floor":35,"turns":4},{"damage":81,"enemies":"Giant Head","floor":40,"turns":7}],"seed_played":"5414319269311604118","potions_obtained":[{"floor":1,"key":"Explosive Potion"},{"floor":12,"key":"Block Potion"},{"floor":13,"key":"FearPotion"},{"floor":14,"key":"SmokeBomb"},{"floor":20,"key":"PowerPotion"},{"floor":23,"key":"Block Potion"},{"floor":24,"key":"SpeedPotion"},{"floor":25,"key":"SmokeBomb"},{"floor":31,"key":"FearPotion"}],"is_trial":false,"path_per_floor":["M","?","$","?","M","E","M","M","T","?","M","M","E","M","R","B",null,"M","?","M","M","?","E","M","M","T","$","R","M","E","M","R","B",null,"M","?","$","T","?"],"character_chosen":"IRONCLAD","items_purchased":["Flex","Apotheosis","Anger","Sentinel","Bag of Marbles"],"campfire_rested":2,"item_purchase_floors":[3,27,27,37,37],"current_hp_per_floor":[78,78,78,78,80,80,80,72,72,80,72,64,46,51,75,53,79,77,77,65,55,55,28,46,52,52,52,52,58,61,57,82,25,71,66,66,66,66,58,0],"gold":157,"neow_bonus":"THREE_ENEMY_KILL","is_prod":false,"is_daily":false,"chose_seed":false,"campfire_upgraded":1,"win_rate":0,"timestamp":1540659316,"path_taken":["M","?","$","?","M","E","M","M","T","?","M","M","E","M","R","BOSS","M","?","?","M","?","E","M","?","T","?","R","M","E","M","R","BOSS","M","?","$","?","?","E"],"build_version":"2018-10-25v2","purchased_purges":0,"victory":false,"max_hp_per_floor":[80,80,80,80,80,80,80,80,80,80,80,80,80,80,80,80,86,86,86,86,86,86,86,86,86,86,86,86,86,86,86,86,86,86,86,86,86,86,86,86],"card_choices":[{"not_picked":["Flex","Combust"],"picked":"Disarm","floor":1},{"not_picked":["Cleave","Heavy Blade"],"picked":"Demon Form","floor":5},{"not_picked":["Sentinel","Iron Wave"],"picked":"Wild Strike","floor":6},{"not_picked":["Reckless Charge","Feel No Pain"],"picked":"Power Through","floor":7},{"not_picked":["Pummel","Shockwave"],"picked":"Sentinel","floor":8},{"not_picked":["Sword Boomerang","Clothesline"],"picked":"Anger","floor":11},{"not_picked":["Clothesline","Combust"],"picked":"Metallicize","floor":12},{"not_picked":["Body Slam","Twin Strike"],"picked":"Inflame","floor":13},{"not_picked":["Sentinel","Battle Trance"],"picked":"Twin Strike","floor":14},{"not_picked":["Offering","Barricade"],"picked":"Impervious","floor":16},{"not_picked":["Iron Wave","Clothesline"],"picked":"Evolve","floor":18},{"not_picked":["Sentinel","Clash+1"],"picked":"Intimidate","floor":20},{"not_picked":["Corruption","Clothesline"],"picked":"Rampage+1","floor":21},{"not_picked":["Headbutt","Searing Blow"],"picked":"Twin Strike","floor":23},{"not_picked":["Power Through","Battle Trance"],"picked":"Spot Weakness","floor":24},{"not_picked":["Inflame","Intimidate"],"picked":"Rage+1","floor":25},{"not_picked":["Double Tap","Intimidate"],"picked":"Iron Wave","floor":29},{"not_picked":["Perfected Strike","Feel No Pain+1","Hemokinesis"],"picked":"SKIP","floor":31},{"not_picked":["Berserk","Brutality"],"picked":"Immolate","floor":33},{"not_picked":["Intimidate+1","Inflame"],"picked":"Burning Pact","floor":35}],"player_experience":895152,"relics_obtained":[{"floor":6,"key":"Omamori"},{"floor":9,"key":"Meat on the Bone"},{"floor":13,"key":"Darkstone Periapt"},{"floor":17,"key":"Lantern"},{"floor":17,"key":"Self Forming Clay"},{"floor":17,"key":"Pocketwatch"},{"floor":23,"key":"MawBank"},{"floor":26,"key":"Torii"},{"floor":38,"key":"Pantograph"}],"event_choices":[{"cards_removed":["Strike_R"],"damage_healed":0,"gold_gain":0,"player_choice":"Forget","damage_taken":0,"max_hp_gain":0,"max_hp_loss":0,"event_name":"Living Wall","floor":2,"gold_loss":0},{"cards_removed":["Strike_R"],"damage_healed":0,"gold_gain":0,"player_choice":"Card Removal","damage_taken":0,"max_hp_gain":0,"max_hp_loss":0,"event_name":"The Cleric","floor":4,"gold_loss":50},{"damage_healed":8,"gold_gain":0,"player_choice":"Full Heal","damage_taken":0,"max_hp_gain":0,"max_hp_loss":0,"event_name":"Wheel of Change","floor":10,"gold_loss":0},{"cards_removed":["Regret"],"damage_healed":0,"gold_gain":0,"player_choice":"Elegance","damage_taken":0,"max_hp_gain":0,"max_hp_loss":0,"event_name":"Back to Basics","floor":19,"gold_loss":0},{"damage_healed":0,"gold_gain":0,"player_choice":"Bet on Murderer","damage_taken":0,"max_hp_gain":0,"max_hp_loss":0,"event_name":"The Joust","floor":22,"gold_loss":50},{"damage_healed":0,"gold_gain":0,"player_choice":"2 cards matched","damage_taken":0,"max_hp_gain":0,"max_hp_loss":0,"event_name":"Match and Keep!","floor":36,"gold_loss":0,"cards_obtained":["Reaper","Warcry"]},{"damage_healed":0,"gold_gain":0,"player_choice":"Damaged","damage_taken":8,"max_hp_gain":0,"max_hp_loss":0,"event_name":"Wheel of Change","floor":39,"gold_loss":0}],"is_beta":false,"boss_relics":[{"not_picked":["Runic Cube","Runic Dome"],"picked":"Calling Bell"},{"not_picked":["Velvet Choker","Black Star"],"picked":"Mark of Pain"}],"items_purged_floors":[],"is_endless":false,"potions_floor_spawned":[1,12,13,14,20,23,24,25,31],"killed_by":"Giant Head","ascension_level":6}