{"gold_per_floor":[111,126,139,139,64,97,97,107,159,159,72,72,102,102,102,205,205,205,120,120,18,18,18,18,18,18,18,18,18,18,18,18,18,18,18,18,18],"floor_reached":37,"playtime":6446,"items_purged":["Strike_G"],"score":438,"play_id":"3556eb5b-95f5-4d94-8ed1-0b521eabc4ab","local_time":"20190403193713","is_ascension_mode":true,"campfire_choices":[{"floor":7,"key":"REST"},{"data":"Footwork","floor":10,"key":"SMITH"},{"data":"Dagger Spray","floor":12,"key":"SMITH"},{"floor":15,"key":"REST"},{"floor":24,"key":"REST"},{"floor":28,"key":"REST"},{"data":"Leg Sweep","floor":32,"key":"SMITH"}],"neow_cost":"NONE","seed_source_timestamp":369794057758200,"circlet_count":0,"master_deck":["Defend_G","Defend_G","Defend_G","Defend_G","Defend_G","Strike_G","Strike_G","Survivor","Neutralize","Quick Slash","Dagger Spray+1","Footwork+1","Finesse","Glass Knife","Leg Sweep+1","Backflip","Caltrops","Bouncing Flask","Escape Plan+1","Malaise","Footwork","Madness","Madness"],"relics":["Ring of the Snake","Gremlin Horn","Vajra","Pen Nib","Sundial","Ectoplasm","Ornamental Fan","Nilry\u0027s Codex","Gambling Chip","Smiling Mask","Meat on the Bone","Empty Cage"],"potions_floor_usage":[16,18,18,23,23,25,33,37],"damage_taken":[{"damage":0,"enemies":"2 Louse","floor":1,"turns":3},{"damage":1,"enemies":"Cultist","floor":2,"turns":4},{"damage":7,"enemies":"Jaw Worm","floor":3,"turns":5},{"damage":24,"enemies":"Gremlin Nob","floor":6,"turns":6},{"damage":6,"enemies":"3 Louse","floor":8,"turns":3},{"damage":4,"enemies":"Lagavulin","floor":13,"turns":7},{"damage":41,"enemies":"The Guardian","floor":16,"turns":19},{"damage":0,"enemies":"Spheric Guardian","floor":18,"turns":3},{"damage":16,"enemies":"Slavers","floor":23,"turns":5},{"damage":0,"enemies":"3 Byrds","floor":25,"turns":3},{"damage":0,"enemies":"Centurion and Healer","floor":29,"turns":6},{"damage":0,"enemies":"Snecko","floor":31,"turns":4},{"damage":34,"enemies":"Champ","floor":33,"turns":13},{"damage":5,"enemies":"3 Darklings","floor":35,"turns":5},{"damage":81,"enemies":"2 Orb Walkers","floor":37,"turns":5}],"seed_played":"-6767730645820179342","potions_obtained":[{"floor":3,"key":"PowerPotion"},{"floor":8,"key":"SpeedPotion"},{"floor":16,"key":"EntropicBrew"},{"floor":23,"key":"PowerPotion"},{"floor":29,"key":"SkillPotion"},{"floor":33,"key":"LiquidBronze"}],"is_trial":false,"path_per_floor":["M","M","M","?","$","E","R","M","T","R","$","R","E","?","R","B",null,"M","?","?","$","?","E","R","M","T","?","R","M","T","M","R","B",null,"M","?","?"],"character_chosen":"THE_SILENT","items_purchased":["Finesse","Backflip","Caltrops"],"campfire_rested":4,"item_purchase_floors":[11,21,21],"current_hp_per_floor":[77,76,69,69,69,45,68,62,62,62,62,62,58,63,82,41,82,82,82,66,66,50,34,60,60,60,60,86,86,86,86,86,52,87,82,71,0],"gold":18,"neow_bonus":"TEN_PERCENT_HP_BONUS","is_prod":false,"is_daily":false,"chose_seed":false,"campfire_upgraded":3,"win_rate":0,"timestamp":1554334633,"path_taken":["M","M","M","?","$","E","R","?","T","R","$","R","E","?","R","BOSS","M","?","?","$","?","E","R","M","T","?","R","M","?","M","R","BOSS","M","?","?"],"build_version":"2019-01-23","purchased_purges":1,"victory":false,"max_hp_per_floor":[77,77,77,77,77,77,77,77,77,77,77,77,77,82,82,82,82,82,82,87,87,87,87,87,87,87,87,87,87,87,87,87,87,87,87,87,87],"card_choices":[{"not_picked":["Blade Dance","Deadly Poison"],"picked":"Quick Slash","floor":1},{"not_picked":["Dodge and Roll","Prepared"],"picked":"Dagger Spray","floor":2},{"not_picked":["Endless Agony","All Out Attack"],"picked":"Footwork","floor":3},{"not_picked":["Deadly Poison","Slice","Reflex"],"picked":"SKIP","floor":6},{"not_picked":["PiercingWail","Dagger Spray","Deadly Poison"],"picked":"SKIP","floor":8},{"not_picked":["Calculated Gamble","Blade Dance","Heel Hook"],"picked":"SKIP","floor":13},{"not_picked":["Doppelganger","Envenom"],"picked":"Glass Knife","floor":16},{"not_picked":["Flying Knee+1","Acrobatics"],"picked":"Leg Sweep","floor":18},{"not_picked":["Leg Sweep","Expertise"],"picked":"Bouncing Flask","floor":23},{"not_picked":["Poisoned Stab+1","Slice+1","Leg Sweep"],"picked":"SKIP","floor":25},{"not_picked":["Poisoned Stab","Dagger Throw","Sucker Punch"],"picked":"SKIP","floor":29},{"not_picked":["Distraction","Quick Slash+1"],"picked":"Escape Plan+1","floor":31},{"not_picked":["Unload","Phantasmal Killer"],"picked":"Malaise","floor":33},{"not_picked":["Cloak And Dagger","Dagger Spray+1"],"picked":"Footwork","floor":35}],"player_experience":103724,"relics_obtained":[{"floor":6,"key":"Vajra"},{"floor":9,"key":"Pen Nib"},{"floor":13,"key":"Sundial"},{"floor":22,"key":"Nilry\u0027s Codex"},{"floor":23,"key":"Gambling Chip"},{"floor":26,"key":"Smiling Mask"},{"floor":30,"key":"Meat on the Bone"}],"event_choices":[{"damage_healed":0,"gold_gain":0,"player_choice":"Gave Potion","damage_taken":0,"relics_obtained":["Gremlin Horn"],"max_hp_gain":0,"max_hp_loss":0,"event_name":"WeMeetAgain","floor":4,"gold_loss":0},{"damage_healed":0,"gold_gain":0,"player_choice":"Donut","damage_taken":0,"max_hp_gain":5,"max_hp_loss":0,"event_name":"Big Fish","floor":14,"gold_loss":0},{"damage_healed":0,"gold_gain":0,"player_choice":"Obtained Relic","damage_taken":0,"relics_obtained":["Ornamental Fan"],"max_hp_gain":0,"max_hp_loss":0,"event_name":"Addict","floor":19,"gold_loss":85},{"damage_healed":0,"gold_gain":0,"player_choice":"Shed Blood","damage_taken":21,"max_hp_gain":5,"max_hp_loss":0,"event_name":"Forgotten Altar","floor":20,"gold_loss":0},{"damage_healed":0,"gold_gain":0,"player_choice":"Obtained Book","damage_taken":16,"max_hp_gain":0,"max_hp_loss":0,"event_name":"Cursed Tome","floor":22,"gold_loss":0},{"damage_healed":0,"gold_gain":0,"player_choice":"Ignored","damage_taken":0,"max_hp_gain":0,"max_hp_loss":0,"event_name":"Ghosts","floor":27,"gold_loss":0},{"damage_healed":0,"gold_gain":0,"player_choice":"Embrace Madness","damage_taken":11,"max_hp_gain":0,"max_hp_loss":0,"event_name":"Winding Halls","floor":36,"gold_loss":0,"cards_obtained":["Madness","Madness"]},{"damage_healed":0,"gold_gain":0,"player_choice":"Fight","damage_taken":0,"max_hp_gain":0,"max_hp_loss":0,"event_name":"Mysterious Sphere","floor":37,"gold_loss":0}],"is_beta":false,"boss_relics":[{"not_picked":["WristBlade","HoveringKite"],"picked":"Ectoplasm"},{"not_picked":["Pandora\u0027s Box","Cursed Key"],"picked":"Empty Cage"}],"items_purged_floors":[5],"is_endless":false,"potions_floor_spawned":[3,8,16,23,29,33],"killed_by":"2 Orb Walkers","ascension_level":1}