{"gold_per_floor":[119,139,60,60,140,140,175,190,243,270,293,332,344,412,424,436],"floor_reached":16,"playtime":825,"items_purged":[],"score":174,"play_id":"7e60f063-8705-47df-aede-6f282cbed519","local_time":"20190326152755","is_ascension_mode":true,"campfire_choices":[{"data":"Carnage","floor":6,"key":"SMITH"},{"data":"Shockwave","floor":13,"key":"SMITH"},{"data":"Disarm","floor":15,"key":"SMITH"}],"neow_cost":"NONE","seed_source_timestamp":921565813622583,"circlet_count":0,"master_deck":["Strike_R","Strike_R","Strike_R","Strike_R","Strike_R","Defend_R","Defend_R","Defend_R","Defend_R","Bash","Panacea","Carnage+1","Shockwave+1","Corruption","Dropkick","Disarm+1","Spot Weakness","Dropkick","Evolve"],"relics":["Burning Blood","Bag of Preparation","Bottled Lightning","Centennial Puzzle","MawBank","Meat on the Bone","Tiny Chest"],"potions_floor_usage":[12,14],"damage_taken":[{"damage":2,"enemies":"2 Louse","floor":1,"turns":3},{"damage":4,"enemies":"Jaw Worm","floor":2,"turns":4},{"damage":30,"enemies":"3 Sentries","floor":7,"turns":7},{"damage":0,"enemies":"Cultist","floor":8,"turns":2},{"damage":10,"enemies":"Exordium Thugs","floor":10,"turns":4},{"damage":18,"enemies":"3 Louse","floor":11,"turns":4},{"damage":20,"enemies":"Gremlin Nob","floor":12,"turns":4},{"damage":21,"enemies":"3 Sentries","floor":14,"turns":7},{"damage":33,"enemies":"The Guardian","floor":16,"turns":9}],"seed_played":"-6395686764128806373","potions_obtained":[{"floor":1,"key":"SmokeBomb"},{"floor":8,"key":"Explosive Potion"},{"floor":10,"key":"Block Potion"},{"floor":12,"key":"Regen Potion"}],"is_trial":false,"path_per_floor":["?","T"],"character_chosen":"IRONCLAD","items_purchased":["Corruption"],"campfire_rested":0,"item_purchase_floors":[3],"current_hp_per_floor":[76,78,78,66,66,66,42,48,48,44,32,18,18,30,30,0],"gold":436,"neow_bonus":"RANDOM_COLORLESS","is_prod":false,"is_daily":false,"chose_seed":false,"campfire_upgraded":3,"win_rate":0,"timestamp":1553628475,"path_taken":["M","M","$","?","?","R","E","M","T","M","M","E","R","E","R","BOSS"],"build_version":"2019-01-23","purchased_purges":0,"victory":false,"max_hp_per_floor":[80,80,80,80,80,80,80,80,80,80,80,80,80,80,80,80],"card_choices":[{"not_picked":["Flex","Heavy Blade"],"picked":"Carnage","floor":1},{"not_picked":["Hemokinesis","Pommel Strike"],"picked":"Shockwave","floor":2},{"not_picked":["Clash","Sever Soul"],"picked":"Dropkick","floor":7},{"not_picked":["Carnage","Cleave"],"picked":"Disarm","floor":8},{"not_picked":["Rage","Power Through","Burning Pact"],"picked":"SKIP","floor":10},{"not_picked":["Body Slam","Infernal Blade"],"picked":"Spot Weakness","floor":11},{"not_picked":["Iron Wave","Pommel Strike"],"picked":"Dropkick","floor":12},{"not_picked":["Bludgeon","Flex"],"picked":"Evolve","floor":14}],"player_experience":1034737,"relics_obtained":[{"floor":5,"key":"Bottled Lightning"},{"floor":7,"key":"Centennial Puzzle"},{"floor":9,"key":"MawBank"},{"floor":12,"key":"Meat on the Bone"},{"floor":14,"key":"Tiny Chest"}],"event_choices":[{"damage_healed":0,"gold_gain":0,"player_choice":"Success","damage_taken":12,"relics_obtained":["Bag of Preparation"],"max_hp_gain":0,"max_hp_loss":0,"event_name":"Scrap Ooze","floor":4,"gold_loss":0}],"is_beta":false,"boss_relics":[],"items_purged_floors":[],"is_endless":false,"potions_floor_spawned":[1,8,10,12],"killed_by":"The Guardian","ascension_level":9}