{"gold_per_floor":[111,111,72,86,101,101,112,144,144,171,171,196,212,212,212,286,286,300,312,312,312,332,332,366,366,366,366,392,408,281,281,281,281],"floor_reached":33,"playtime":1424,"items_purged":["Anger"],"score":606,"play_id":"43a32ac7-b349-4b33-9e2e-6b595641dd15","local_time":"20190407234024","is_ascension_mode":true,"campfire_choices":[{"data":"Uppercut","floor":6.0,"key":"SMITH"},{"data":"Uppercut","floor":11.0,"key":"SMITH"},{"data":"Battle Trance","floor":15.0,"key":"SMITH"},{"data":"Feed","floor":23.0,"key":"SMITH"},{"floor":27.0,"key":"REST"},{"floor":32,"key":"REST"}],"neow_cost":"CURSE","seed_source_timestamp":2228124599318552,"circlet_count":0,"master_deck":["AscendersBane","Strike_R+1","Strike_R+1","Strike_R+1","Strike_R+1","Strike_R+1","Defend_R+1","Defend_R+1","Defend_R+1","Defend_R+1","Bash","Carnage","Uppercut+1","Uppercut+1","Battle Trance+1","Reaper","True Grit+1","Feed+1","Disarm","Corruption","Shockwave","Shockwave"],"special_seed":0,"relics":["Burning Blood","Incense Burner","Bronze Scales","Darkstone Periapt","The Courier","Bag of Marbles","Blue Candle","Snecko Eye","Magic Flower","Turnip","Omamori"],"potions_floor_usage":[28,28],"damage_taken":[{"damage":19.0,"enemies":"Small Slimes","floor":1.0,"turns":4.0},{"damage":0.0,"enemies":"Cultist","floor":4.0,"turns":3.0},{"damage":0.0,"enemies":"2 Louse","floor":5.0,"turns":2.0},{"damage":11.0,"enemies":"2 Fungi Beasts","floor":7.0,"turns":4.0},{"damage":1.0,"enemies":"Lagavulin","floor":8.0,"turns":7.0},{"damage":26.0,"enemies":"Gremlin Nob","floor":10.0,"turns":4.0},{"damage":20.0,"enemies":"3 Sentries","floor":12.0,"turns":8.0},{"damage":9.0,"enemies":"3 Louse","floor":13.0,"turns":4.0},{"damage":22.0,"enemies":"The Guardian","floor":16.0,"turns":11.0},{"damage":16.0,"enemies":"Spheric Guardian","floor":18.0,"turns":4.0},{"damage":21.0,"enemies":"Shell Parasite","floor":19.0,"turns":3.0},{"damage":5.0,"enemies":"Snecko","floor":22.0,"turns":5.0},{"damage":25.0,"enemies":"Book of Stabbing","floor":24.0,"turns":4.0},{"damage":47,"enemies":"Gremlin Leader","floor":28,"turns":5},{"damage":0,"enemies":"Centurion and Healer","floor":29,"turns":5},{"damage":56,"enemies":"Champ","floor":33,"turns":18}],"seed_played":"7105920221418851309","potions_obtained":[{"floor":4.0,"key":"SpeedPotion"},{"floor":5.0,"key":"Dexterity Potion"},{"floor":16.0,"key":"GamblersBrew"},{"floor":18.0,"key":"Swift Potion"},{"floor":28,"key":"Weak Potion"}],"is_trial":false,"path_per_floor":["M","?","$","M","M","R","M","E","T","E","R","E","M","?","R","B",null,"M","M","?","?","M","R","E","?","T","R","E","M","$","?","R","B"],"character_chosen":"IRONCLAD","items_purchased":["Uppercut","Shockwave"],"campfire_rested":2,"item_purchase_floors":[3,30],"current_hp_per_floor":[55,55,55,61,67,67,62,67,67,47,47,33,30,30,30,14,60,56,41,41,41,48,48,35,35,35,57,25,46,46,46,70,23],"gold":281,"neow_bonus":"ONE_RARE_RELIC","is_prod":false,"is_daily":false,"chose_seed":false,"campfire_upgraded":4,"win_rate":0,"timestamp":1554694824,"path_taken":["M","?","?","M","?","R","M","E","T","E","R","E","?","?","R","BOSS","M","M","?","?","?","R","E","?","T","R","E","?","$","?","R","BOSS"],"build_version":"2019-04-04","purchased_purges":1,"victory":false,"max_hp_per_floor":[75,75,75,75,75,75,75,75,75,75,75,75,75,75,75,75,75,75,75,75,75,75,75,75,75,75,75,79,83,83,83,83,83],"card_choices":[{"not_picked":["Cleave","Battle Trance"],"picked":"Carnage","floor":1.0},{"not_picked":["Perfected Strike","Sword Boomerang","Body Slam"],"picked":"SKIP","floor":4.0},{"not_picked":["Heavy Blade","Fire Breathing"],"picked":"Anger","floor":5.0},{"not_picked":["Fire Breathing","Hemokinesis","Pummel"],"picked":"SKIP","floor":7.0},{"not_picked":["Burning Pact","Rupture"],"picked":"Uppercut","floor":8.0},{"not_picked":["Anger","Entrench","Cleave"],"picked":"SKIP","floor":10.0},{"not_picked":["Rage","Burning Pact"],"picked":"Battle Trance","floor":12.0},{"not_picked":["Rage","Corruption","Clothesline"],"picked":"SKIP","floor":13.0},{"not_picked":["Immolate","Feed"],"picked":"Reaper","floor":16.0},{"not_picked":["Armaments","Clash"],"picked":"True Grit","floor":18.0},{"not_picked":["Flex","Armaments","Pommel Strike"],"picked":"SKIP","floor":19.0},{"not_picked":["Havoc","Combust"],"picked":"Feed","floor":22.0},{"not_picked":["Havoc","Second Wind","Sword Boomerang"],"picked":"SKIP","floor":24.0},{"not_picked":["Perfected Strike","Pommel Strike"],"picked":"Disarm","floor":28},{"not_picked":["Havoc","Clash"],"picked":"Corruption","floor":29}],"player_experience":1481223,"relics_obtained":[{"floor":8.0,"key":"Bronze Scales"},{"floor":9.0,"key":"Darkstone Periapt"},{"floor":10.0,"key":"The Courier"},{"floor":12.0,"key":"Bag of Marbles"},{"floor":24.0,"key":"Magic Flower"},{"floor":26.0,"key":"Turnip"},{"floor":28,"key":"Omamori"}],"event_choices":[{"cards_removed":["Clumsy"],"damage_healed":0.0,"max_hp_gain":0.0,"max_hp_loss":0.0,"gold_gain":0.0,"event_name":"Fountain of Cleansing","player_choice":"Removed Curses","floor":2.0,"gold_loss":0.0,"damage_taken":0.0},{"damage_healed":0.0,"max_hp_gain":0.0,"max_hp_loss":0.0,"gold_gain":0.0,"event_name":"Dead Adventurer","player_choice":"Searched \u00271\u0027 times","floor":14.0,"gold_loss":0.0,"damage_taken":0.0,"relics_obtained":["Blue Candle"]},{"damage_healed":0.0,"max_hp_gain":0.0,"max_hp_loss":0.0,"gold_gain":0.0,"event_name":"Back to Basics","player_choice":"Simplicity","floor":20.0,"gold_loss":0.0,"damage_taken":0.0,"cards_upgraded":["Strike_R","Strike_R","Strike_R","Strike_R","Strike_R","Defend_R","Defend_R","Defend_R","Defend_R"]},{"damage_healed":0.0,"max_hp_gain":0.0,"max_hp_loss":0.0,"gold_gain":0.0,"event_name":"Accursed Blacksmith","player_choice":"Forge","floor":21.0,"gold_loss":0.0,"damage_taken":0.0,"cards_upgraded":["True Grit"]},{"damage_healed":0.0,"max_hp_gain":0.0,"max_hp_loss":0.0,"gold_gain":0.0,"event_name":"N\u0027loth","player_choice":"Ignored","floor":25.0,"gold_loss":0.0,"damage_taken":0.0},{"damage_healed":0,"gold_gain":0,"player_choice":"Read","damage_taken":0,"max_hp_gain":0,"max_hp_loss":0,"event_name":"The Library","floor":31,"gold_loss":0,"cards_obtained":["Shockwave"]}],"is_beta":true,"boss_relics":[{"not_picked":["Coffee Dripper","Empty Cage"],"picked":"Snecko Eye"}],"items_purged_floors":[30],"is_endless":false,"potions_floor_spawned":[4,5,13,16,18,19,28],"killed_by":"Champ","ascension_level":20}