{"gold_per_floor":[119,119,138,138,138,169,169,24,24,24,24,24,37,56,56,56],"floor_reached":16,"playtime":911,"items_purged":[],"score":103,"play_id":"a7b23127-71c3-43b2-8894-48074beaca68","local_time":"20180817175332","is_ascension_mode":true,"campfire_choices":[{"floor":7,"key":"REST"},{"floor":12,"key":"REST"},{"data":"Footwork","floor":15,"key":"SMITH"}],"neow_cost":"","seed_source_timestamp":59285807909738,"circlet_count":0,"master_deck":["Defend_G","Defend_G","Defend_G","Defend_G","Defend_G","Strike_G","Strike_G","Strike_G","Strike_G","Strike_G","Survivor","Neutralize","Distraction+1","Deadly Poison","Footwork+1","Dagger Spray","Prepared","Slice","Blade Dance"],"relics":["Ring of the Snake","Golden Idol","Singing Bowl","Gambling Chip","Mummified Hand"],"potions_floor_usage":[6,16,16],"damage_taken":[{"damage":0,"enemies":"2 Louse","floor":1,"turns":4},{"damage":1,"enemies":"Small Slimes","floor":3,"turns":4},{"damage":49,"enemies":"3 Sentries","floor":6,"turns":18},{"damage":0,"enemies":"Jaw Worm","floor":13,"turns":4},{"damage":0,"enemies":"2 Fungi Beasts","floor":14,"turns":2},{"damage":45,"enemies":"Slime Boss","floor":16,"turns":9}],"seed_played":"5227844950379834765","potions_obtained":[{"floor":1,"key":"Block Potion"},{"floor":3,"key":"LiquidBronze"},{"floor":14,"key":"Ancient Potion"}],"is_trial":false,"path_per_floor":["M","?","M","?","?","E","R","$","T","$","?","R","M","M","R"],"character_chosen":"THE_SILENT","items_purchased":["Footwork","Dagger Spray","Prepared"],"campfire_rested":2,"item_purchase_floors":[8,8,8],"current_hp_per_floor":[70,53,52,52,52,3,24,24,24,24,24,45,45,45,45,0],"gold":56,"neow_bonus":"","is_prod":false,"is_daily":false,"chose_seed":false,"campfire_upgraded":1,"win_rate":0,"timestamp":1534550012,"path_taken":["M","?","M","?","?","E","R","?","T","$","?","R","?","?","R","BOSS"],"build_version":"2018-08-16","purchased_purges":0,"victory":false,"max_hp_per_floor":[70,70,70,70,70,70,70,70,70,70,70,70,70,70,70,70],"card_choices":[{"not_picked":["Choke","Riddle With Holes"],"picked":"Quick Slash","floor":1},{"not_picked":["PiercingWail","Deflect"],"picked":"Distraction","floor":3},{"not_picked":["Dagger Throw","Eviscerate"],"picked":"Deadly Poison","floor":6},{"not_picked":["Flechettes","Calculated Gamble"],"picked":"Slice","floor":13},{"not_picked":["Prepared","Riddle With Holes"],"picked":"Blade Dance","floor":14}],"player_experience":236576,"relics_obtained":[{"floor":6,"key":"Gambling Chip"},{"floor":9,"key":"Mummified Hand"}],"event_choices":[{"event_name":"Golden Idol","player_choice":"Take Damage","floor":2,"damage_taken":0},{"event_name":"Liars Game","player_choice":"disagreed","floor":4,"damage_taken":0},{"event_name":"WeMeetAgain","player_choice":"Card","floor":5,"damage_taken":0},{"event_name":"Living Wall","player_choice":"Grow","floor":11,"damage_taken":0}],"is_beta":false,"boss_relics":[],"items_purged_floors":[],"is_endless":false,"potions_floor_spawned":[1,3,14],"killed_by":"Slime Boss","ascension_level":1}