{"gold_per_floor":[115,115,131,150,200,200,231,2,25,25,52,67,67,87,87,87],"floor_reached":16,"playtime":487,"items_purged":[],"score":160,"play_id":"3587c587-ffa9-44ae-86c5-fe8fad6e32f8","local_time":"20180906222538","is_ascension_mode":false,"campfire_choices":[{"data":"Perfected Strike","floor":6,"key":"SMITH"},{"data":"Shrug It Off","floor":10,"key":"SMITH"},{"floor":15,"key":"REST"}],"neow_cost":"","seed_source_timestamp":96660774983239,"circlet_count":0,"master_deck":["Strike_R+1","Strike_R","Strike_R","Strike_R","Strike_R","Defend_R","Defend_R","Defend_R","Defend_R","Bash","Perfected Strike+1","Regret","Rampage","Wild Strike","Wild Strike","Shrug It Off+1","Seeing Red+1","Twin Strike","Armaments"],"relics":["Burning Blood","Bag of Preparation","Strawberry","MawBank","Toolbox","Centennial Puzzle","Pen Nib"],"potions_floor_usage":[7,11],"damage_taken":[{"damage":5,"enemies":"2 Louse","floor":1,"turns":3},{"damage":4,"enemies":"Small Slimes","floor":3,"turns":3},{"damage":3,"enemies":"Cultist","floor":4,"turns":3},{"damage":28,"enemies":"Lagavulin","floor":7,"turns":5},{"damage":6,"enemies":"3 Sentries","floor":11,"turns":6},{"damage":5,"enemies":"Exordium Wildlife","floor":12,"turns":4},{"damage":15,"enemies":"Exordium Thugs","floor":14,"turns":3},{"damage":81,"enemies":"The Guardian","floor":16,"turns":13}],"seed_played":"-1550277538937583975","potions_obtained":[{"floor":1,"key":"BloodPotion"},{"floor":4,"key":"Energy Potion"},{"floor":7,"key":"SteroidPotion"}],"is_trial":true,"path_per_floor":["M","?","M","M","T","R","E","$","T","R","E","M","?","M","R"],"character_chosen":"IRONCLAD","items_purchased":["Shrug It Off","Toolbox"],"campfire_rested":1,"item_purchase_floors":[8,8],"current_hp_per_floor":[80,80,80,80,87,87,73,73,73,73,73,74,57,48,74,0],"gold":87,"neow_bonus":"","is_prod":false,"is_daily":false,"chose_seed":false,"campfire_upgraded":2,"win_rate":0,"timestamp":1536294338,"path_taken":["M","?","M","M","?","R","E","$","T","R","E","?","?","M","R","BOSS"],"build_version":"2018-09-06","purchased_purges":0,"victory":false,"max_hp_per_floor":[80,80,80,80,87,87,87,87,87,87,87,87,87,87,87,87],"card_choices":[{"not_picked":["Dual Wield","Searing Blow"],"picked":"Perfected Strike","floor":1},{"not_picked":["True Grit","Body Slam"],"picked":"Rampage","floor":3},{"not_picked":["Havoc","Twin Strike"],"picked":"Wild Strike","floor":4},{"not_picked":["Iron Wave","Corruption"],"picked":"Wild Strike","floor":7},{"not_picked":["Headbutt","Cleave"],"picked":"Seeing Red","floor":11},{"not_picked":["Sentinel","Bloodletting"],"picked":"Twin Strike","floor":12},{"not_picked":["Fire Breathing","Anger"],"picked":"Armaments","floor":14}],"player_experience":480263,"relics_obtained":[{"floor":5,"key":"Strawberry"},{"floor":7,"key":"MawBank"},{"floor":9,"key":"Centennial Puzzle"},{"floor":11,"key":"Pen Nib"}],"event_choices":[{"event_name":"Big Fish","player_choice":"Box","floor":2,"damage_taken":0},{"event_name":"Shining Light","player_choice":"Entered Light","floor":13,"damage_taken":0}],"is_beta":false,"boss_relics":[],"items_purged_floors":[],"is_endless":true,"potions_floor_spawned":[1,4,7],"killed_by":"The Guardian","ascension_level":0}