{"gold_per_floor":[113,76,351,8,19,48,48,48],"floor_reached":8,"playtime":222,"items_purged":[],"score":158,"play_id":"9d8e1f74-3c51-4d41-8849-06533dd9e606","local_time":"20190411105343","is_ascension_mode":true,"campfire_choices":[{"data":"Footwork","floor":7.0,"key":"SMITH"}],"neow_cost":"NONE","seed_source_timestamp":139476069000500,"circlet_count":0,"master_deck":["AscendersBane","Defend_G","Defend_G","Defend_G","Defend_G","Defend_G","Strike_G","Strike_G","Strike_G","Strike_G","Strike_G","Survivor","Neutralize","Calculated Gamble","Footwork+1","Regret","Backflip","Dodge and Roll"],"special_seed":0,"relics":["Ring of the Snake","NeowsBlessing","Membership Card","Paper Crane","Strawberry"],"potions_floor_usage":[8],"damage_taken":[{"damage":0.0,"enemies":"Cultist","floor":1.0,"turns":1.0},{"damage":0.0,"enemies":"Jaw Worm","floor":5.0,"turns":1.0},{"damage":0.0,"enemies":"Lagavulin","floor":6.0,"turns":1.0},{"damage":68,"enemies":"Gremlin Nob","floor":8,"turns":6}],"seed_played":"-3478551659477806477","potions_obtained":[{"floor":1.0,"key":"GhostInAJar"},{"floor":6.0,"key":"LiquidBronze"}],"is_trial":false,"path_per_floor":["M","$","?","$","M","E","R","E"],"character_chosen":"THE_SILENT","items_purchased":["Footwork","Membership Card","Paper Crane"],"campfire_rested":0,"item_purchase_floors":[2,4,4],"current_hp_per_floor":[59,59,59,59,59,66,66,0],"gold":48,"neow_bonus":"THREE_ENEMY_KILL","is_prod":false,"is_daily":false,"chose_seed":false,"campfire_upgraded":1,"win_rate":0,"timestamp":1555005223,"path_taken":["M","$","?","$","M","E","R","E"],"build_version":"2019-01-23","purchased_purges":0,"victory":false,"max_hp_per_floor":[66,66,66,66,66,73,73,73],"card_choices":[{"not_picked":["Flying Knee","Prepared"],"picked":"Calculated Gamble","floor":1.0},{"not_picked":["Underhanded Strike","Bane"],"picked":"Backflip","floor":5.0},{"not_picked":["Dodge and Roll","Blade Dance","Underhanded Strike"],"picked":"SKIP","floor":6.0},{"not_picked":["Blade Dance","Underhanded Strike"],"picked":"Dodge and Roll","floor":6.0}],"player_experience":521397,"relics_obtained":[{"floor":6.0,"key":"Strawberry"}],"event_choices":[{"damage_healed":0.0,"max_hp_gain":0.0,"max_hp_loss":0.0,"gold_gain":275.0,"event_name":"Golden Shrine","player_choice":"Desecrate","floor":3.0,"gold_loss":0.0,"damage_taken":0.0,"cards_obtained":["Regret"]}],"is_beta":false,"boss_relics":[],"items_purged_floors":[],"is_endless":false,"potions_floor_spawned":[1,6],"killed_by":"Gremlin Nob","ascension_level":20}