{"gold_per_floor":[112,112,37,90,104,104,133,146,215,215,231,249,39,52,52,52],"floor_reached":16,"playtime":669,"items_purged":["Parasite","Strike_B"],"score":148,"play_id":"b80c4501-caa1-4d65-b395-49292af8ef35","local_time":"20190325185746","is_ascension_mode":true,"campfire_choices":[{"data":"Zap","floor":6,"key":"SMITH"},{"data":"Coolheaded","floor":10,"key":"SMITH"},{"data":"Sunder","floor":15,"key":"SMITH"}],"neow_cost":"CURSE","seed_source_timestamp":847911498791335,"circlet_count":0,"master_deck":["Strike_B","Strike_B","Strike_B","Defend_B","Defend_B","Defend_B","Defend_B","Zap+1","Dualcast","Coolheaded+1","Conserve Battery","BootSequence","Conserve Battery","Sunder+1","Capacitor","FTL","Doom and Gloom"],"relics":["Cracked Core","Nunchaku","Centennial Puzzle","Tiny Chest","Question Card","Singing Bowl"],"potions_floor_usage":[16],"damage_taken":[{"damage":6,"enemies":"2 Louse","floor":1,"turns":2},{"damage":1,"enemies":"Cultist","floor":5,"turns":3},{"damage":28,"enemies":"Gremlin Nob","floor":7,"turns":4},{"damage":0,"enemies":"Small Slimes","floor":8,"turns":3},{"damage":3,"enemies":"Blue Slaver","floor":11,"turns":3},{"damage":0,"enemies":"Gremlin Gang","floor":12,"turns":6},{"damage":1,"enemies":"Red Slaver","floor":14,"turns":4},{"damage":33,"enemies":"The Guardian","floor":16,"turns":9}],"seed_played":"4053198909554306139","potions_obtained":[{"floor":5,"key":"SpeedPotion"},{"floor":14,"key":"SteroidPotion"}],"is_trial":false,"path_per_floor":["?","T","M","$"],"character_chosen":"DEFECT","items_purchased":["Capacitor","FTL"],"campfire_rested":0,"item_purchase_floors":[13,13],"current_hp_per_floor":[62,62,62,62,61,61,33,33,33,33,30,30,30,29,29,0],"gold":52,"neow_bonus":"ONE_RARE_RELIC","is_prod":false,"is_daily":false,"chose_seed":false,"campfire_upgraded":3,"win_rate":0,"timestamp":1553554666,"path_taken":["M","?","$","?","?","R","E","M","T","R","M","M","?","M","R","BOSS"],"build_version":"2019-01-23","purchased_purges":2,"victory":false,"max_hp_per_floor":[75,75,72,72,72,72,72,72,72,72,72,72,72,72,72,72],"card_choices":[{"not_picked":["Go for the Eyes","Heatsinks"],"picked":"Conserve Battery","floor":1},{"not_picked":["Conserve Battery","Compile Driver"],"picked":"Coolheaded","floor":5},{"not_picked":["Double Energy","Fusion"],"picked":"Conserve Battery","floor":7},{"not_picked":["Compile Driver","Conserve Battery","Hyperbeam"],"picked":"BootSequence","floor":8},{"not_picked":["Barrage","Turbo","Force Field"],"picked":"Conserve Battery","floor":11},{"not_picked":["Force Field","Gash","Hologram"],"picked":"Sunder","floor":12},{"not_picked":["Turbo","Redo","Sunder"],"picked":"Doom and Gloom","floor":14}],"player_experience":1013278,"relics_obtained":[{"floor":4,"key":"Tiny Chest"},{"floor":7,"key":"Question Card"},{"floor":9,"key":"Singing Bowl"}],"event_choices":[{"cards_removed":["Conserve Battery"],"damage_healed":0,"gold_gain":0,"player_choice":"Gave Card","damage_taken":0,"relics_obtained":["Centennial Puzzle"],"max_hp_gain":0,"max_hp_loss":0,"event_name":"WeMeetAgain","floor":2,"gold_loss":0}],"is_beta":false,"boss_relics":[],"items_purged_floors":[3,13],"is_endless":false,"potions_floor_spawned":[5,14],"killed_by":"The Guardian","ascension_level":9}