{"gold_per_floor":[115,128,142,317,105,140,152,192,204,231,256,284,296,335,347,460,472,464,489,501,28,28,57,57,89,89,89,89,122,135,135,135,239,239,255,255,255,273,273,273,304,351,425,46,75,85,6,24,24,24],"floor_reached":51,"playtime":3767,"items_purged":["Doubt"],"score":893,"play_id":"9c1c3827-90b8-4fce-9c08-261e6ba746cf","local_time":"20180823121326","is_ascension_mode":true,"campfire_choices":[{"data":"Rampage","floor":7,"key":"SMITH"},{"floor":13,"key":"REST"},{"data":"Seeing Red","floor":15,"key":"SMITH"},{"floor":24,"key":"REST"},{"data":"Apotheosis","floor":27,"key":"SMITH"},{"data":"Barricade","floor":32,"key":"SMITH"},{"data":"Reaper","floor":40,"key":"SMITH"},{"data":"Enlightenment","floor":49,"key":"SMITH"}],"neow_cost":"PERCENT_DAMAGE","seed_source_timestamp":554415870468038,"circlet_count":0,"master_deck":["Strike_R","Strike_R","Strike_R","Strike_R","Defend_R","Defend_R","Defend_R","Defend_R","Bash","Feed","Rampage+1","Shrug It Off","Dual Wield","Metallicize","Reaper","Headbutt","Thunderclap","Seeing Red+1","Shrug It Off","Iron Wave","Reaper+1","Exhume","Necronomicurse","Apotheosis+1","Clothesline","Shrug It Off","Heavy Blade","Barricade+1","Intimidate","Impervious","Shrug It Off","Heavy Blade","Madness","Madness","Feel No Pain","Shrug It Off","Enlightenment+1","Flex","Clothesline+1","Flex+1","Headbutt+1","Metallicize+1","Pummel+1"],"relics":["Burning Blood","MawBank","Nunchaku","Shuriken","Bag of Preparation","Black Star","Necronomicon","Mercury Hourglass","Ornamental Fan","Bottled Flame","Orichalcum","Regal Pillow","Lantern","Strawberry","Happy Flower","Vajra","Kunai","Matryoshka","Turnip","Bag of Marbles","Molten Egg 2","Lee\u0027s Waffle","Frozen Egg 2","Blue Candle"],"potions_floor_usage":[6,13,14,23,23,33,50,50,50],"damage_taken":[{"damage":10,"enemies":"Cultist","floor":1,"turns":4},{"damage":7,"enemies":"Small Slimes","floor":2,"turns":3},{"damage":6,"enemies":"Jaw Worm","floor":3,"turns":3},{"damage":21,"enemies":"3 Sentries","floor":6,"turns":13},{"damage":24,"enemies":"Gremlin Nob","floor":8,"turns":5},{"damage":12,"enemies":"3 Louse","floor":10,"turns":3},{"damage":14,"enemies":"Gremlin Gang","floor":11,"turns":4},{"damage":17,"enemies":"Red Slaver","floor":12,"turns":6},{"damage":26,"enemies":"Lagavulin","floor":14,"turns":9},{"damage":53,"enemies":"Hexaghost","floor":16,"turns":12},{"damage":18,"enemies":"2 Thieves","floor":18,"turns":4},{"damage":47,"enemies":"3 Byrds","floor":19,"turns":12},{"damage":31,"enemies":"Slavers","floor":23,"turns":4},{"damage":25,"enemies":"Gremlin Leader","floor":25,"turns":8},{"damage":41,"enemies":"Slavers","floor":29,"turns":6},{"damage":9,"enemies":"Centurion and Healer","floor":30,"turns":7},{"damage":43,"enemies":"Automaton","floor":33,"turns":9},{"damage":0,"enemies":"3 Shapes","floor":35,"turns":6},{"damage":2,"enemies":"3 Darklings","floor":38,"turns":5},{"damage":28,"enemies":"2 Orb Walkers","floor":41,"turns":5},{"damage":35,"floor":42,"turns":6},{"damage":6,"enemies":"Nemesis","floor":45,"turns":7},{"damage":26,"enemies":"Flame Bruiser 2 Orb","floor":46,"turns":7},{"damage":12,"enemies":"Sphere and 2 Shapes","floor":48,"turns":4},{"damage":86,"enemies":"Time Eater","floor":50,"turns":17}],"seed_played":"1348318810831692702","potions_obtained":[{"floor":2,"key":"AttackPotion"},{"floor":3,"key":"Block Potion"},{"floor":6,"key":"SmokeBomb"},{"floor":12,"key":"Fruit Juice"},{"floor":16,"key":"Weak Potion"},{"floor":19,"key":"SteroidPotion"},{"floor":25,"key":"BloodPotion"},{"floor":30,"key":"Poison Potion"},{"floor":33,"key":"Swift Potion"},{"floor":41,"key":"BloodPotion"},{"floor":46,"key":"Weak Potion"}],"is_trial":false,"path_per_floor":["M","M","M","?","$","E","R","E","T","M","M","M","R","E","R","B",null,"M","M","?","$","?","E","R","E","T","R","$","E","M","?","R","B",null,"M","?","T","M","?","R","E","?","T","$","E","M","$","M","R","B"],"character_chosen":"IRONCLAD","items_purchased":["Metallicize","Reaper","Apotheosis","Clothesline","Mercury Hourglass","Enlightenment","Flex","Clothesline+1","Lee\u0027s Waffle","Metallicize+1"],"campfire_rested":2,"item_purchase_floors":[5,5,21,21,21,44,44,44,44,47],"current_hp_per_floor":[55,57,57,57,57,60,60,42,42,39,50,46,82,71,71,40,112,102,70,54,54,54,52,86,115,115,115,115,90,123,97,97,117,130,134,134,134,134,117,117,127,126,126,148,148,145,145,143,143,125],"gold":24,"neow_bonus":"THREE_RARE_CARDS","is_prod":false,"is_daily":false,"chose_seed":false,"campfire_upgraded":6,"win_rate":0,"timestamp":1535048006,"path_taken":["M","M","?","?","$","E","R","E","T","M","?","M","R","E","R","BOSS","M","M","?","$","?","E","R","E","T","R","$","E","M","?","R","BOSS","M","?","?","?","?","R","E","?","T","?","E","M","$","M","R","BOSS"],"build_version":"2018-08-16","purchased_purges":1,"victory":true,"max_hp_per_floor":[83,86,86,86,86,92,92,92,92,95,98,101,106,109,109,112,112,112,115,115,115,115,115,115,115,115,115,115,125,125,130,130,130,130,134,134,134,134,134,134,138,141,141,148,148,148,148,152,152,152],"card_choices":[{"not_picked":["Limit Break","Impervious"],"picked":"Feed","floor":0},{"not_picked":["Warcry","Power Through"],"picked":"Rampage","floor":1},{"not_picked":["Sword Boomerang","Clash"],"picked":"Shrug It Off","floor":2},{"not_picked":["Combust","True Grit"],"picked":"Dual Wield","floor":3},{"not_picked":["Double Tap","Armaments"],"picked":"Headbutt","floor":6},{"not_picked":["Barricade","Pommel Strike"],"picked":"Thunderclap","floor":8},{"not_picked":["Ghostly Armor","Bloodletting"],"picked":"Seeing Red","floor":10},{"not_picked":["Warcry","Dropkick"],"picked":"Shrug It Off","floor":11},{"not_picked":["Havoc","Sword Boomerang"],"picked":"Iron Wave","floor":12},{"not_picked":["Power Through","Anger"],"picked":"Reaper","floor":14},{"not_picked":["Double Tap","Juggernaut"],"picked":"Exhume","floor":16},{"not_picked":["Whirlwind","Twin Strike","Anger"],"picked":"SKIP","floor":18},{"not_picked":["Wild Strike","Body Slam","Bloodletting"],"picked":"SKIP","floor":19},{"not_picked":["Heavy Blade","Combust","Shrug It Off"],"picked":"SKIP","floor":23},{"not_picked":["Heavy Blade","Combust"],"picked":"Shrug It Off","floor":23},{"not_picked":["Armaments","Dropkick+1"],"picked":"Heavy Blade","floor":25},{"not_picked":["Body Slam","Perfected Strike+1"],"picked":"Barricade","floor":29},{"not_picked":["Shockwave","Twin Strike"],"picked":"Intimidate","floor":30},{"not_picked":["Bludgeon","Berserk"],"picked":"Impervious","floor":33},{"not_picked":["Warcry+1","Iron Wave"],"picked":"Shrug It Off","floor":35},{"not_picked":["Pommel Strike","Feel No Pain"],"picked":"Heavy Blade","floor":38},{"not_picked":["Sword Boomerang","True Grit+1"],"picked":"Feel No Pain","floor":41},{"not_picked":["Anger","Havoc"],"picked":"Shrug It Off","floor":42},{"not_picked":["Perfected Strike+1","Dual Wield+1"],"picked":"Flex+1","floor":45},{"not_picked":["Rampage+1","Flex"],"picked":"Headbutt+1","floor":46},{"not_picked":["Iron Wave+1","Rupture+1"],"picked":"Pummel+1","floor":48}],"player_experience":317719,"relics_obtained":[{"floor":6,"key":"MawBank"},{"floor":8,"key":"Nunchaku"},{"floor":9,"key":"Shuriken"},{"floor":14,"key":"Bag of Preparation"},{"floor":20,"key":"Necronomicon"},{"floor":23,"key":"Ornamental Fan"},{"floor":23,"key":"Bottled Flame"},{"floor":25,"key":"Orichalcum"},{"floor":25,"key":"Regal Pillow"},{"floor":26,"key":"Lantern"},{"floor":29,"key":"Strawberry"},{"floor":29,"key":"Happy Flower"},{"floor":37,"key":"Vajra"},{"floor":41,"key":"Kunai"},{"floor":41,"key":"Matryoshka"},{"floor":42,"key":"Turnip"},{"floor":43,"key":"Bag of Marbles"},{"floor":43,"key":"Molten Egg 2"},{"floor":45,"key":"Frozen Egg 2"},{"floor":45,"key":"Blue Candle"}],"event_choices":[{"event_name":"Liars Game","player_choice":"agreed","floor":4,"damage_taken":0},{"event_name":"Cursed Tome","player_choice":"Obtained Book","floor":20,"damage_taken":0},{"event_name":"Purifier","player_choice":"One Purge","floor":22,"damage_taken":0},{"event_name":"Forgotten Altar","player_choice":"Shed Blood","floor":31,"damage_taken":0},{"event_name":"SecretPortal","player_choice":"Rejected Portal.","floor":36,"damage_taken":0},{"event_name":"Winding Halls","player_choice":"Embrace Madness","floor":39,"damage_taken":0},{"event_name":"Mysterious Sphere","player_choice":"Fight","floor":42,"damage_taken":0}],"is_beta":false,"boss_relics":[{"not_picked":["Eternal Feather","Sozu"],"picked":"Black Star"},{"not_picked":["Runic Dome","Cursed Key","Snecko Eye"]}],"items_purged_floors":[5],"is_endless":false,"potions_floor_spawned":[2,3,6,12,16,19,25,30,33,41,42,46,48],"ascension_level":1}