{"gold_per_floor":[109,121,121,121,121,121,149,166,190,190,190],"floor_reached":11,"playtime":518,"items_purged":[],"score":99,"play_id":"08f7b4e1-e13e-4e85-87a4-28b5826bcfde","local_time":"20190323200046","is_ascension_mode":true,"campfire_choices":[{"data":"True Grit","floor":6,"key":"SMITH"},{"floor":10,"key":"REST"}],"neow_cost":"NONE","seed_source_timestamp":679042182176263,"circlet_count":0,"master_deck":["Strike_R+1","Strike_R","Strike_R","Strike_R","Strike_R","Defend_R","Defend_R","Defend_R","Defend_R","Bash","Disarm+1","True Grit+1","Decay","True Grit","Iron Wave"],"relics":["Burning Blood","Happy Flower","Gremlin Horn","Unceasing Top","Red Skull"],"potions_floor_usage":[11],"damage_taken":[{"damage":13,"enemies":"Jaw Worm","floor":1,"turns":4},{"damage":8,"enemies":"2 Louse","floor":2,"turns":4},{"damage":38,"enemies":"Lagavulin","floor":7,"turns":8},{"damage":1,"enemies":"Cultist","floor":8,"turns":4},{"damage":52,"enemies":"3 Sentries","floor":11,"turns":9}],"seed_played":"3859453960558853629","potions_obtained":[{"floor":1,"key":"SpeedPotion"},{"floor":7,"key":"EssenceOfSteel"}],"is_trial":false,"path_per_floor":["?","T","?"],"character_chosen":"IRONCLAD","items_purchased":[],"campfire_rested":1,"item_purchase_floors":[],"current_hp_per_floor":[65,63,47,47,47,47,15,20,20,44,0],"gold":190,"neow_bonus":"RANDOM_COMMON_RELIC","is_prod":false,"is_daily":false,"chose_seed":false,"campfire_upgraded":1,"win_rate":0,"timestamp":1553385646,"path_taken":["M","M","?","?","?","R","E","M","T","R","E"],"build_version":"2019-01-23","purchased_purges":0,"victory":false,"max_hp_per_floor":[80,80,80,80,80,80,80,80,80,80,80],"card_choices":[{"not_picked":["Carnage","Headbutt"],"picked":"Disarm","floor":1},{"not_picked":["Clash","Carnage"],"picked":"True Grit","floor":2},{"not_picked":["Dropkick","Carnage"],"picked":"True Grit","floor":7},{"not_picked":["Flex","Heavy Blade"],"picked":"Iron Wave","floor":8}],"player_experience":951527,"relics_obtained":[{"floor":4,"key":"Gremlin Horn"},{"floor":7,"key":"Unceasing Top"},{"floor":9,"key":"Red Skull"}],"event_choices":[{"damage_healed":0,"gold_gain":0,"player_choice":"Entered Light","damage_taken":16,"max_hp_gain":0,"max_hp_loss":0,"event_name":"Shining Light","floor":3,"gold_loss":0,"cards_upgraded":["Disarm","Strike_R"]},{"damage_healed":0,"gold_gain":0,"player_choice":"Cursed","damage_taken":0,"max_hp_gain":0,"max_hp_loss":0,"event_name":"Wheel of Change","floor":5,"gold_loss":0,"cards_obtained":["Decay"]}],"is_beta":false,"boss_relics":[],"items_purged_floors":[],"is_endless":false,"potions_floor_spawned":[1,7],"killed_by":"3 Sentries","ascension_level":8}