{"gold_per_floor":[118,118,136,211,264,291,301,318,318,340,37,55,55,55,55,55],"floor_reached":16,"playtime":468,"items_purged":[],"score":140,"play_id":"52e67176-39bf-4cc7-8b29-526c4ce15d71","local_time":"20181014161716","is_ascension_mode":true,"campfire_choices":[{"data":"After Image","floor":13,"key":"SMITH"},{"floor":15,"key":"REST"}],"neow_cost":"NONE","seed_source_timestamp":80301919596033,"circlet_count":0,"master_deck":["Defend_G","Defend_G","Defend_G","Defend_G","Defend_G","Strike_G","Strike_G","Strike_G","Strike_G+1","Strike_G","Survivor","Neutralize","Backstab+1","Backflip","Deflect","Footwork","Glass Knife","Blade Dance","After Image+1","Backstab"],"relics":["Ring of the Snake","Whetstone","Question Card","Bottled Flame","Odd Mushroom","Molten Egg 2"],"potions_floor_usage":[6,6,10,16,16,16],"damage_taken":[{"damage":2,"enemies":"Jaw Worm","floor":1,"turns":5},{"damage":1,"enemies":"Cultist","floor":3,"turns":4},{"damage":5,"enemies":"Gremlin Nob","floor":6,"turns":3},{"damage":0,"enemies":"2 Louse","floor":7,"turns":1},{"damage":7,"enemies":"Large Slime","floor":8,"turns":9},{"damage":9,"enemies":"The Mushroom Lair","floor":10,"turns":3},{"damage":0,"enemies":"3 Louse","floor":12,"turns":1},{"damage":91,"enemies":"Hexaghost","floor":16,"turns":16}],"seed_played":"301919339481193100","potions_obtained":[{"floor":0,"key":"PowerPotion"},{"floor":0,"key":"Fire Potion"},{"floor":0,"key":"Block Potion"},{"floor":1,"key":"Explosive Potion"},{"floor":7,"key":"Regen Potion"},{"floor":12,"key":"Swift Potion"}],"is_trial":false,"path_per_floor":["M","?","M","?","T","E","M","M","T","?","$","M","R","?","R"],"character_chosen":"THE_SILENT","items_purchased":["After Image","Regen Potion","Backstab"],"campfire_rested":1,"item_purchase_floors":[11,11,11],"current_hp_per_floor":[61,61,60,49,49,44,44,37,37,28,28,28,28,16,37,1],"gold":55,"neow_bonus":"THREE_SMALL_POTIONS","is_prod":false,"is_daily":false,"chose_seed":false,"campfire_upgraded":1,"win_rate":0,"timestamp":1539548236,"path_taken":["M","?","M","?","?","E","M","?","T","?","$","?","R","?","R","BOSS"],"build_version":"2018-10-11","purchased_purges":0,"victory":false,"max_hp_per_floor":[70,70,70,70,70,70,70,70,70,70,70,70,70,70,70,70],"card_choices":[{"not_picked":["Bane","Dagger Spray"],"picked":"Backstab","floor":1},{"not_picked":["Acrobatics","Accuracy"],"picked":"Backflip","floor":3},{"not_picked":["Skewer","Dagger Throw"],"picked":"Deflect","floor":6},{"not_picked":["Choke","Cloak And Dagger","Underhanded Strike"],"picked":"Footwork","floor":7},{"not_picked":["Dagger Spray","Eviscerate","Reflex"],"picked":"Glass Knife","floor":8},{"not_picked":["Underhanded Strike","Bane","Noxious Fumes"],"picked":"Blade Dance","floor":10},{"not_picked":["Bane","Sucker Punch","Deadly Poison","Skewer"],"picked":"SKIP","floor":12}],"player_experience":335494,"relics_obtained":[{"floor":5,"key":"Whetstone"},{"floor":6,"key":"Question Card"},{"floor":9,"key":"Bottled Flame"},{"floor":10,"key":"Odd Mushroom"}],"event_choices":[{"event_name":"The Lab","player_choice":"Got Potions","floor":2,"damage_taken":0},{"event_name":"World of Goop","player_choice":"Gather Gold","floor":4,"damage_taken":0},{"event_name":"Mushrooms","player_choice":"Fought Mushrooms","floor":10,"damage_taken":0},{"event_name":"Scrap Ooze","player_choice":"success","floor":14,"damage_taken":12}],"is_beta":true,"boss_relics":[],"items_purged_floors":[],"is_endless":false,"potions_floor_spawned":[1,7,12],"killed_by":"Hexaghost","ascension_level":8}