{"gold_per_floor":[211,225,240,256,64,64,75,75,75,2,2,18,33,43,43,148,148,161,174,174,174,174,174,127,143,195,208,208,225,225,240,240,335,335,347,185,196,196,214,214,214,224,224,98,114,114,131,151,151,151],"floor_reached":50,"playtime":2128,"items_purged":[],"score":492,"play_id":"32da7064-1388-4136-95c0-585f8b3360f8","local_time":"20190330110206","is_ascension_mode":false,"campfire_choices":[{"data":"Mayhem","floor":6.0,"key":"SMITH"},{"floor":8.0,"key":"REST"},{"data":"Loop","floor":11.0,"key":"SMITH"},{"floor":15,"key":"REST"},{"data":"Zap","floor":23,"key":"SMITH"},{"data":"Buffer","floor":30,"key":"SMITH"},{"data":"Glacier","floor":32,"key":"SMITH"},{"data":"Buffer","floor":41,"key":"SMITH"},{"floor":46,"key":"REST"},{"floor":49,"key":"REST"}],"neow_cost":"NONE","seed_source_timestamp":873076971798074,"circlet_count":0,"master_deck":["Strike_B","Strike_B","Strike_B","Defend_B","Defend_B","Defend_B","Defend_B","Zap+1","Dualcast","Loop+1","Cold Snap","Electrodynamics","Ball Lightning","Mayhem+1","Coolheaded","FTL","FTL","Auto Shields","Self Repair","Reboot","FTL+1","Glacier+1","Go for the Eyes","Ball Lightning+1","Conserve Battery","Buffer+1","Coolheaded","Buffer+1","Leap+1","Capacitor","Cold Snap","FTL","BootSequence","Steam","White Noise","Auto Shields+1","Coolheaded","Capacitor","Parasite","Barrage+1","Conserve Battery","Hologram+1"],"special_seed":0,"relics":["Cracked Core"],"potions_floor_usage":[14,25,29,33,37,39,48,50,50],"damage_taken":[{"damage":0.0,"enemies":"Cultist","floor":1.0,"turns":4.0},{"damage":12.0,"enemies":"Small Slimes","floor":2.0,"turns":4.0},{"damage":6.0,"enemies":"Jaw Worm","floor":3.0,"turns":3.0},{"damage":8.0,"enemies":"2 Fungi Beasts","floor":4.0,"turns":4.0},{"damage":10.0,"enemies":"3 Louse","floor":7.0,"turns":2.0},{"damage":8,"enemies":"Gremlin Gang","floor":12,"turns":2},{"damage":8,"enemies":"Blue Slaver","floor":13,"turns":3},{"damage":13,"enemies":"Lots of Slimes","floor":14,"turns":3},{"damage":30,"enemies":"The Guardian","floor":16,"turns":10},{"damage":18,"enemies":"Spheric Guardian","floor":18,"turns":4},{"damage":8,"enemies":"Shell Parasite","floor":19,"turns":6},{"damage":11,"enemies":"Snake Plant","floor":25,"turns":5},{"damage":0,"enemies":"Centurion and Healer","floor":27,"turns":7},{"damage":1,"enemies":"3 Cultists","floor":29,"turns":3},{"damage":11,"enemies":"Chosen and Byrds","floor":31,"turns":6},{"damage":34,"enemies":"Champ","floor":33,"turns":18},{"damage":0,"enemies":"3 Shapes","floor":35,"turns":4},{"damage":8,"enemies":"Orb Walker","floor":37,"turns":7},{"damage":35,"enemies":"Transient","floor":39,"turns":5},{"damage":24,"enemies":"Spire Growth","floor":42,"turns":7},{"damage":3,"enemies":"Writhing Mass","floor":45,"turns":12},{"damage":10,"enemies":"Sphere and 2 Shapes","floor":47,"turns":7},{"damage":6,"enemies":"4 Shapes","floor":48,"turns":3},{"damage":61,"enemies":"Donu and Deca","floor":50,"turns":8}],"seed_played":"9079597087721317830","potions_obtained":[{"floor":1.0,"key":"FearPotion"},{"floor":3.0,"key":"Swift Potion"},{"floor":14,"key":"Ancient Potion"},{"floor":16,"key":"EssenceOfSteel"},{"floor":25,"key":"Explosive Potion"},{"floor":33,"key":"AttackPotion"},{"floor":37,"key":"Fire Potion"},{"floor":42,"key":"Strength Potion"},{"floor":45,"key":"Poison Potion"},{"floor":48,"key":"SpeedPotion"}],"is_trial":false,"path_per_floor":["M","M","M","M","$","R","M","R","T","$","R","M","M","M","R","B",null,"M","M","?","$","?","R","$","M","T","M","?","M","R","M","R","B",null,"M","$","M","?","M","?","R","M","T","$","M","R","M","M","R","B"],"character_chosen":"DEFECT","items_purchased":["Mayhem","FTL","Go for the Eyes","Capacitor","Cold Snap","FTL","Coolheaded","Capacitor"],"campfire_rested":4,"item_purchase_floors":[5,10,24,36,36,36,44,44],"current_hp_per_floor":[75,63,57,49,49,49,39,61,61,61,61,53,45,32,54,31,75,57,49,49,49,49,49,49,45,45,52,52,51,51,47,47,20,75,75,75,74,74,39,39,39,22,22,22,26,48,45,39,61,0],"gold":151,"neow_bonus":"HUNDRED_GOLD","is_prod":false,"is_daily":false,"chose_seed":false,"campfire_upgraded":6,"win_rate":0,"timestamp":1553965326,"path_taken":["M","M","M","M","$","R","M","R","T","?","R","M","M","M","R","BOSS","M","M","?","$","?","R","$","M","T","M","?","M","R","M","R","BOSS","M","$","M","?","?","?","R","M","T","$","M","R","M","M","R","BOSS"],"build_version":"2019-01-23","purchased_purges":0,"victory":false,"max_hp_per_floor":[75,75,75,75,75,75,75,75,75,75,75,75,75,75,75,75,75,75,75,75,75,75,75,75,75,75,75,75,75,75,75,75,75,75,75,75,75,75,75,75,75,75,75,75,75,75,75,75,75,75],"card_choices":[{"not_picked":["Chaos","Beam Cell"],"picked":"Loop","floor":1.0},{"not_picked":["Reprogram","Ball Lightning"],"picked":"Cold Snap","floor":2.0},{"not_picked":["Reprogram","Barrage"],"picked":"Electrodynamics","floor":3.0},{"not_picked":["Beam Cell","Recycle"],"picked":"Ball Lightning","floor":4.0},{"not_picked":["Gash","Lockon"],"picked":"Coolheaded","floor":7.0},{"not_picked":["Gash","Beam Cell"],"picked":"FTL","floor":12},{"not_picked":["Streamline","Storm"],"picked":"Auto Shields","floor":13},{"not_picked":["Streamline","Leap"],"picked":"Self Repair","floor":14},{"not_picked":["Thunder Strike","Rainbow"],"picked":"Reboot","floor":16},{"not_picked":["Turbo","Beam Cell","Force Field"],"picked":"SKIP","floor":18},{"not_picked":["Turbo+1","Heatsinks"],"picked":"FTL+1","floor":19},{"not_picked":["Rip and Tear","Leap"],"picked":"Ball Lightning+1","floor":25},{"not_picked":["Skim","Fusion+1"],"picked":"Conserve Battery","floor":27},{"not_picked":["Hologram","Storm"],"picked":"Buffer","floor":29},{"not_picked":["Rebound","Heatsinks"],"picked":"Coolheaded","floor":31},{"not_picked":["Meteor Strike","Fission"],"picked":"Buffer","floor":33},{"not_picked":["Reinforced Body","Sweeping Beam"],"picked":"Leap+1","floor":35},{"not_picked":["Stack+1","Genetic Algorithm+1"],"picked":"BootSequence","floor":37},{"not_picked":["Blizzard+1","Ball Lightning"],"picked":"White Noise","floor":39},{"not_picked":["Ball Lightning","Compile Driver+1"],"picked":"Auto Shields+1","floor":42},{"not_picked":["Sweeping Beam","Redo"],"picked":"Barrage+1","floor":45},{"not_picked":["Buffer","Hello World+1"],"picked":"Conserve Battery","floor":47},{"not_picked":["Turbo+1","Compile Driver+1"],"picked":"Hologram+1","floor":48}],"player_experience":1727286,"relics_obtained":[],"event_choices":[{"damage_healed":0,"gold_gain":0,"player_choice":"Read","damage_taken":0,"max_hp_gain":0,"max_hp_loss":0,"event_name":"The Library","floor":20,"gold_loss":0,"cards_obtained":["Glacier"]},{"damage_healed":0,"gold_gain":0,"player_choice":"Ignored","damage_taken":0,"max_hp_gain":0,"max_hp_loss":0,"event_name":"Cursed Tome","floor":22,"gold_loss":0},{"damage_healed":0,"gold_gain":0,"player_choice":"Ignored","damage_taken":0,"max_hp_gain":0,"max_hp_loss":0,"event_name":"The Mausoleum","floor":28,"gold_loss":0},{"damage_healed":0,"gold_gain":0,"cards_transformed":["Strike_B"],"player_choice":"Transformed","damage_taken":0,"max_hp_gain":0,"max_hp_loss":0,"event_name":"Transmorgrifier","floor":38,"gold_loss":0,"cards_obtained":["Steam"]},{"damage_healed":0,"gold_gain":0,"player_choice":"Ignored","damage_taken":0,"max_hp_gain":0,"max_hp_loss":0,"event_name":"Mysterious Sphere","floor":40,"gold_loss":0}],"is_beta":false,"boss_relics":[{"not_picked":["Empty Cage","Eternal Feather","Ectoplasm"]},{"not_picked":["Calling Bell","Runic Pyramid","Pandora\u0027s Box"]}],"items_purged_floors":[],"is_endless":false,"potions_floor_spawned":[1,3,14,16,19,25,33,37,42,45,48],"killed_by":"Donu and Deca","ascension_level":0}