{"gold_per_floor":[118,131,81,81,81,112,132,132,180,55,66,66,100,110,110,209,209,220,247,247,247,267,267,294,294,370,370,387,406,418,147,147,242,242,258,276,29,29,48,48,48,48,48,48,48,76,6,106,106,106],"floor_reached":50,"playtime":3156,"items_purged":["Pain","Strike_B"],"score":546,"play_id":"2e3a3471-10f0-4bc1-b3fd-dd02706959cd","local_time":"20190214011557","is_ascension_mode":false,"campfire_choices":[{"data":"Zap","floor":12,"key":"SMITH"},{"floor":15,"key":"REST"},{"floor":23,"key":"REST"},{"floor":25,"key":"REST"},{"floor":32,"key":"REST"},{"floor":40,"key":"REST"},{"floor":42,"key":"REST"},{"floor":44,"key":"REST"},{"floor":49,"key":"RECALL"}],"neow_cost":"NONE","seed_source_timestamp":987263825739,"circlet_count":0,"master_deck":["Strike_B","Strike_B","Defend_B+1","Defend_B+1","Zap+1","Dualcast","Conserve Battery","Machine Learning","Storm","Flash of Steel","Defragment","Buffer","Sunder+1","Gash","Capacitor+1","Bandage Up","Hello World+1","Defragment","Creative AI","Master of Strategy","Storm"],"relics":["Cracked Core","NeowsBlessing","Pen Nib","Bird Faced Urn","Bag of Preparation","Ornamental Fan","Empty Cage","Red Mask","WarpedTongs","WingedGreaves","Mercury Hourglass","Tiny Chest","Lizard Tail","Pantograph","Bottled Tornado","Singing Bowl","Nunchaku"],"potions_floor_usage":[18,19,24,33,33,39,50],"damage_taken":[{"damage":0,"enemies":"2 Louse","floor":1,"turns":1},{"damage":0,"enemies":"Small Slimes","floor":2,"turns":1},{"damage":0,"enemies":"Gremlin Nob","floor":6,"turns":1},{"damage":0,"enemies":"Jaw Worm","floor":7,"turns":3},{"damage":5,"enemies":"Blue Slaver","floor":11,"turns":3},{"damage":22,"enemies":"3 Sentries","floor":13,"turns":9},{"damage":0,"enemies":"Exordium Wildlife","floor":14,"turns":3},{"damage":23,"enemies":"The Guardian","floor":16,"turns":11},{"damage":0,"enemies":"Spheric Guardian","floor":18,"turns":4},{"damage":21,"enemies":"Masked Bandits","floor":19,"turns":4},{"damage":33,"enemies":"2 Thieves","floor":22,"turns":4},{"damage":47,"enemies":"Book of Stabbing","floor":24,"turns":6},{"damage":12,"enemies":"Shelled Parasite and Fungi","floor":28,"turns":5},{"damage":13,"enemies":"Cultist and Chosen","floor":29,"turns":5},{"damage":20,"enemies":"Chosen and Byrds","floor":30,"turns":4},{"damage":33,"enemies":"Automaton","floor":33,"turns":7},{"damage":0,"enemies":"3 Shapes","floor":35,"turns":4},{"damage":65,"enemies":"3 Darklings","floor":36,"turns":4},{"damage":53,"enemies":"Jaw Worm Horde","floor":39,"turns":5},{"damage":39,"enemies":"Nemesis","floor":46,"turns":7},{"damage":0,"enemies":"Mind Bloom Boss Battle","floor":48,"turns":4},{"damage":181,"enemies":"Awakened One","floor":50,"turns":7}],"seed_played":"-4941469673518647662","potions_obtained":[{"floor":1,"key":"Strength Potion"},{"floor":6,"key":"EssenceOfSteel"},{"floor":11,"key":"EssenceOfSteel"},{"floor":22,"key":"SpeedPotion"},{"floor":28,"key":"PowerPotion"},{"floor":29,"key":"Dexterity Potion"},{"floor":30,"key":"Fire Potion"},{"floor":35,"key":"FairyPotion"},{"floor":36,"key":"Fire Potion"}],"is_trial":false,"path_per_floor":["?","?","?","?","M","?","?","?","M","?","M","$","T","M","?","?","?"],"character_chosen":"DEFECT","items_purchased":["Storm","Flash of Steel","Defragment","Tiny Chest","Creative AI","Storm"],"campfire_rested":7,"item_purchase_floors":[10,10,31,31,37,47],"current_hp_per_floor":[75,75,75,75,50,50,50,35,35,35,34,34,16,20,42,25,75,75,59,45,45,18,42,3,27,27,27,29,28,22,22,46,35,80,80,33,33,33,4,28,28,52,52,76,76,57,57,84,84,0],"gold":106,"neow_bonus":"THREE_ENEMY_KILL","is_prod":false,"is_daily":false,"chose_seed":false,"campfire_upgraded":1,"win_rate":0,"timestamp":1550124957,"path_taken":["M","M","?","?","?","E","M","?","T","$","?","R","E","M","R","BOSS","M","?","?","?","?","R","E","R","T","?","M","?","M","$","R","BOSS","M","M","?","?","?","R","?","R","T","R","?","E","$","?","R","BOSS"],"build_version":"2019-01-23","purchased_purges":2,"victory":false,"max_hp_per_floor":[75,75,75,75,75,75,75,75,75,75,75,75,75,75,75,75,75,75,75,80,80,80,80,80,80,80,80,80,80,80,80,80,80,80,80,80,80,80,80,80,80,80,80,80,80,82,82,84,84,84],"card_choices":[{"not_picked":["Chaos","Barrage"],"picked":"Conserve Battery","floor":1},{"not_picked":["Coolheaded","Go for the Eyes","Barrage"],"picked":"SKIP","floor":2},{"not_picked":["Force Field","Go for the Eyes","Darkness"],"picked":"SKIP","floor":6},{"not_picked":["Glacier","Barrage"],"picked":"Machine Learning","floor":7},{"not_picked":["Reprogram","Steam Power","Compile Driver"],"picked":"SKIP","floor":11},{"not_picked":["Compile Driver","Steam Power","Go for the Eyes"],"picked":"SKIP","floor":13},{"not_picked":["Force Field","Hello World"],"picked":"Defragment","floor":14},{"not_picked":["Multi-Cast","Thunder Strike"],"picked":"Buffer","floor":16},{"not_picked":["Beam Cell+1","Blizzard"],"picked":"Sunder+1","floor":18},{"not_picked":["Conserve Battery","Stack+1"],"picked":"Gash","floor":19},{"not_picked":["Sunder","Stack"],"picked":"Capacitor+1","floor":22},{"not_picked":["Stack","Turbo+1","All For One"],"picked":"SKIP","floor":24},{"not_picked":["Rebound+1","Blizzard","Turbo"],"picked":"SKIP","floor":28},{"not_picked":["Doom and Gloom+1","Chaos","Coolheaded"],"picked":"SKIP","floor":29},{"not_picked":["Compile Driver","Glacier"],"picked":"Hello World+1","floor":30},{"not_picked":["Hyperbeam","Multi-Cast"],"picked":"Creative AI","floor":33},{"not_picked":["Compile Driver","Beam Cell","Conserve Battery"],"picked":"SKIP","floor":35},{"not_picked":["Consume+1","Steam+1","Rebound+1"],"picked":"SKIP","floor":36},{"not_picked":["Turbo","Tempest+1","Compile Driver+1"],"picked":"SKIP","floor":39},{"not_picked":["PanicButton","The Bomb"],"picked":"Master of Strategy","floor":41},{"not_picked":["Reinforced Body+1","Recycle+1","Auto Shields+1"],"picked":"Singing Bowl","floor":46},{"not_picked":["Coolheaded","Rebound+1","Cold Snap"],"picked":"Singing Bowl","floor":48}],"player_experience":458481,"relics_obtained":[{"floor":6,"key":"Bird Faced Urn"},{"floor":9,"key":"Bag of Preparation"},{"floor":13,"key":"Ornamental Fan"},{"floor":19,"key":"Red Mask"},{"floor":24,"key":"WingedGreaves"},{"floor":26,"key":"Mercury Hourglass"},{"floor":38,"key":"Pantograph"},{"floor":43,"key":"Bottled Tornado"},{"floor":46,"key":"Singing Bowl"},{"floor":48,"key":"Nunchaku"}],"event_choices":[{"cards_removed":["Defend_B"],"damage_healed":0,"gold_gain":0,"player_choice":"Card Removal","damage_taken":0,"max_hp_gain":0,"max_hp_loss":0,"event_name":"The Cleric","floor":3,"gold_loss":50},{"damage_healed":0,"gold_gain":0,"player_choice":"Ignored","damage_taken":0,"max_hp_gain":0,"max_hp_loss":0,"event_name":"Liars Game","floor":4,"gold_loss":0},{"damage_healed":0,"gold_gain":0,"player_choice":"Success","damage_taken":25,"relics_obtained":["Pen Nib"],"max_hp_gain":0,"max_hp_loss":0,"event_name":"Scrap Ooze","floor":5,"gold_loss":0},{"damage_healed":0,"gold_gain":0,"player_choice":"Entered Light","damage_taken":15,"max_hp_gain":0,"max_hp_loss":0,"event_name":"Shining Light","floor":8,"gold_loss":0,"cards_upgraded":["Defend_B","Defend_B"]},{"damage_healed":0,"gold_gain":0,"player_choice":"Fought Bandits","damage_taken":0,"max_hp_gain":0,"max_hp_loss":0,"event_name":"Masked Bandits","floor":19,"gold_loss":0},{"damage_healed":0,"gold_gain":0,"player_choice":"Shed Blood","damage_taken":19,"max_hp_gain":5,"max_hp_loss":0,"event_name":"Forgotten Altar","floor":20,"gold_loss":0},{"damage_healed":0,"gold_gain":0,"player_choice":"Rummage","damage_taken":0,"relics_obtained":["WarpedTongs"],"max_hp_gain":0,"max_hp_loss":0,"event_name":"Accursed Blacksmith","floor":21,"gold_loss":0,"cards_obtained":["Pain"]},{"damage_healed":0,"gold_gain":0,"player_choice":"1 cards matched","damage_taken":0,"max_hp_gain":0,"max_hp_loss":0,"event_name":"Match and Keep!","floor":27,"gold_loss":0,"cards_obtained":["Bandage Up"]},{"damage_healed":0,"gold_gain":0,"player_choice":"Memory 1","damage_taken":0,"max_hp_gain":0,"max_hp_loss":0,"event_name":"SensoryStone","floor":41,"gold_loss":0},{"cards_removed":["Creative AI"],"damage_healed":0,"gold_gain":0,"player_choice":"Removed Power","damage_taken":0,"max_hp_gain":0,"max_hp_loss":0,"event_name":"Falling","floor":45,"gold_loss":0},{"damage_healed":0,"gold_gain":0,"player_choice":"Fight","damage_taken":0,"max_hp_gain":0,"max_hp_loss":0,"event_name":"MindBloom","floor":48,"gold_loss":0}],"is_beta":false,"boss_relics":[{"not_picked":["Cursed Key","Runic Pyramid"],"picked":"Empty Cage"},{"not_picked":["Velvet Choker","Busted Crown"],"picked":"Lizard Tail"}],"items_purged_floors":[31,37],"is_endless":false,"potions_floor_spawned":[1,6,11,16,22,28,29,30,35,36],"killed_by":"Awakened One","ascension_level":0}