{"gold_per_floor":[118,118,293,293,170,187,187,199,223,247,291,320,349,377,389,401],"floor_reached":16,"playtime":584,"items_purged":["Regret"],"score":104,"play_id":"9b9919fa-d970-42b4-a913-a4586dcdb772","local_time":"20190117092428","is_ascension_mode":false,"campfire_choices":[{"data":"blackbeard:Fencing","floor":7,"key":"SMITH"},{"floor":15,"key":"REST"}],"neow_cost":"NONE","seed_source_timestamp":147064502548339,"circlet_count":0,"master_deck":["blackbeard:StrikeBlackbeard","blackbeard:StrikeBlackbeard","blackbeard:StrikeBlackbeard","blackbeard:IntimidatingStrike","blackbeard:DefendBlackbeard","blackbeard:DefendBlackbeard","blackbeard:DefendBlackbeard","blackbeard:DefendBlackbeard","blackbeard:Cutlass","blackbeard:Fencing+1","Doubt","blackbeard:Spear","blackbeard:TacticalRetreat","blackbeard:Halberd","blackbeard:RemoveScurvy","blackbeard:WiseDefend"],"relics":["blackbeard:LoadTheCannons","Centennial Puzzle","Matryoshka","MawBank","Smiling Mask","Bottled Flame"],"potions_floor_usage":[11,12,16,16],"damage_taken":[{"damage":5,"enemies":"Jaw Worm","floor":1,"turns":5},{"damage":0,"enemies":"2 Louse","floor":6,"turns":3},{"damage":2,"enemies":"Cultist","floor":8,"turns":5},{"damage":0,"enemies":"Exordium Wildlife","floor":10,"turns":2},{"damage":8,"enemies":"Lagavulin","floor":11,"turns":7},{"damage":31,"enemies":"Gremlin Gang","floor":12,"turns":5},{"damage":14,"enemies":"Blue Slaver","floor":13,"turns":5},{"damage":10,"enemies":"Looter","floor":14,"turns":5},{"damage":44,"enemies":"Hexaghost","floor":16,"turns":11}],"seed_played":"-860949319807077771","potions_obtained":[{"floor":1,"key":"Explosive Potion"},{"floor":10,"key":"Fire Potion"},{"floor":11,"key":"GamblersBrew"},{"floor":13,"key":"SpeedPotion"}],"is_trial":false,"path_per_floor":["M","?","?","?","$","M","R","M","T","M","E","M","M","M","R","B"],"character_chosen":"BLACKBEARD_CLASS","items_purchased":["PowerPotion"],"campfire_rested":1,"item_purchase_floors":[5],"current_hp_per_floor":[70,70,70,67,67,67,67,65,65,65,57,26,12,9,31,0],"gold":401,"neow_bonus":"REMOVE_CARD","is_prod":false,"is_daily":false,"chose_seed":false,"campfire_upgraded":1,"win_rate":0,"timestamp":1547735068,"path_taken":["M","?","?","?","?","?","R","M","T","M","E","M","M","M","R","BOSS"],"build_version":"2019-01-16","purchased_purges":1,"victory":false,"max_hp_per_floor":[75,75,75,75,75,75,75,75,75,75,75,75,75,75,75,75],"card_choices":[{"not_picked":["blackbeard:GoldenCannonball","blackbeard:Upgrade"],"picked":"blackbeard:Fencing","floor":1},{"not_picked":["blackbeard:GhostInTheRum","blackbeard:VengefulSpirit","blackbeard:BlindAttacks"],"picked":"SKIP","floor":6},{"not_picked":["blackbeard:Dagger","blackbeard:WoodenLeg"],"picked":"blackbeard:Spear","floor":8},{"not_picked":["blackbeard:DelayedPain","blackbeard:PiratesWill"],"picked":"blackbeard:TacticalRetreat","floor":10},{"not_picked":["blackbeard:DelayedPain","blackbeard:BlindAttacks"],"picked":"blackbeard:Halberd","floor":11},{"not_picked":["blackbeard:GoldenDefend","blackbeard:Anchor","blackbeard:RearmingStrike"],"picked":"SKIP","floor":12},{"not_picked":["blackbeard:Dagger","blackbeard:Sword"],"picked":"blackbeard:RemoveScurvy","floor":13},{"not_picked":["blackbeard:IntimidatingStrike","blackbeard:GoldenDefend"],"picked":"blackbeard:WiseDefend","floor":14}],"player_experience":517325,"relics_obtained":[{"floor":9,"key":"MawBank"},{"floor":9,"key":"Smiling Mask"},{"floor":11,"key":"Bottled Flame"}],"event_choices":[{"damage_healed":0,"gold_gain":0,"player_choice":"Box","damage_taken":0,"relics_obtained":["Centennial Puzzle"],"max_hp_gain":0,"max_hp_loss":0,"event_name":"Big Fish","floor":2,"gold_loss":0,"cards_obtained":["Regret"]},{"damage_healed":0,"gold_gain":175,"player_choice":"AGREE","damage_taken":0,"max_hp_gain":0,"max_hp_loss":0,"event_name":"Liars Game","floor":3,"gold_loss":0,"cards_obtained":["Doubt"]},{"damage_healed":0,"gold_gain":0,"player_choice":"Success","damage_taken":3,"relics_obtained":["Matryoshka"],"max_hp_gain":0,"max_hp_loss":0,"event_name":"Scrap Ooze","floor":4,"gold_loss":0}],"is_beta":true,"boss_relics":[],"items_purged_floors":[5],"is_endless":false,"potions_floor_spawned":[1,10,11,13],"killed_by":"Hexaghost","ascension_level":0}