{"gold_per_floor":[109,121,121,28,28,58,58,85,85,119,119,133,150,212,212,317,317,336,251,251,11,23,57,81,109,183,195,195,211,211,226,226,322,322,334,334,334,48,61,80,80,97,146,146],"floor_reached":44,"playtime":1631,"items_purged":[],"score":669,"play_id":"b08ab069-0bd6-4304-a3a0-d95526e2daa5","local_time":"20181112000538","is_ascension_mode":true,"campfire_choices":[{"data":"Redo","floor":7,"key":"SMITH"},{"floor":15,"key":"REST"},{"data":"Electrodynamics","floor":28,"key":"SMITH"},{"data":"Lockon","floor":30,"key":"SMITH"},{"data":"Reinforced Body","floor":32,"key":"SMITH"},{"data":"Storm","floor":41,"key":"SMITH"}],"neow_cost":"NONE","seed_source_timestamp":313932276375354,"circlet_count":0,"master_deck":["Zap","Dualcast","Redo+1","Reinforced Body+1","Bandage Up","Genetic Algorithm+1","Redo+1","Stack+1","Steam+1","Electrodynamics+1","Electrodynamics","Hologram+1","Leap+1","Undo+1","Gash","Beam Cell","Hologram+1","Redo+1","Lockon+1","Stack+1","Purity+1","Tempest+1","Conserve Battery+1","Self Repair","Fusion+1","Echo Form","White Noise+1","Auto Shields+1","Glacier+1","Lockon+1","Gash","Machine Learning","Panache","Sadistic Nature","Discovery+1","Defragment","Redo+1","Mayhem","Hologram+1","Storm+1","Stack+1"],"relics":["Cracked Core","NeowsBlessing","Toxic Egg 2","Orichalcum","DataDisk","Blue Candle","Meat on the Bone","Kunai","Regal Pillow","Pandora\u0027s Box","Pen Nib","MawBank","Bronze Scales","Strawberry","Oddly Smooth Stone","Bottled Tornado","Orrery","Omamori"],"potions_floor_usage":[10,10,14,42,42,44],"damage_taken":[{"damage":0,"enemies":"Small Slimes","floor":1,"turns":1},{"damage":0,"enemies":"Cultist","floor":2,"turns":1},{"damage":0,"enemies":"Gremlin Nob","floor":6,"turns":1},{"damage":24,"enemies":"Lagavulin","floor":8,"turns":6},{"damage":1,"enemies":"3 Sentries","floor":10,"turns":7},{"damage":0,"enemies":"2 Louse","floor":12,"turns":2},{"damage":6,"enemies":"Large Slime","floor":13,"turns":5},{"damage":33,"enemies":"Gremlin Nob","floor":14,"turns":5},{"damage":1,"enemies":"Slime Boss","floor":16,"turns":7},{"damage":14,"enemies":"3 Byrds","floor":18,"turns":2},{"damage":0,"enemies":"Chosen","floor":22,"turns":4},{"damage":22,"enemies":"Slavers","floor":23,"turns":4},{"damage":0,"enemies":"Gremlin Leader","floor":25,"turns":4},{"damage":0,"enemies":"Sentry and Sphere","floor":27,"turns":3},{"damage":1,"enemies":"Cultist and Chosen","floor":29,"turns":4},{"damage":17,"enemies":"Centurion and Healer","floor":31,"turns":2},{"damage":20,"enemies":"Collector","floor":33,"turns":8},{"damage":10,"enemies":"Orb Walker","floor":35,"turns":3},{"damage":20,"enemies":"3 Darklings","floor":39,"turns":3},{"damage":12,"enemies":"Spire Growth","floor":40,"turns":3},{"damage":42,"enemies":"Writhing Mass","floor":42,"turns":4},{"damage":43,"enemies":"Giant Head","floor":44,"turns":6}],"seed_played":"-7930286955000519281","potions_obtained":[{"floor":2,"key":"Strength Potion"},{"floor":3,"key":"EssenceOfSteel"},{"floor":3,"key":"FocusPotion"},{"floor":13,"key":"SpeedPotion"},{"floor":16,"key":"Weak Potion"},{"floor":18,"key":"SkillPotion"},{"floor":25,"key":"Explosive Potion"},{"floor":31,"key":"SkillPotion"},{"floor":35,"key":"PowerPotion"}],"is_trial":false,"path_per_floor":["M","M","?","$","?","E","R","E","T","E","?","M","M","?","R","B",null,"M","?","?","$","M","E","T","E","T","M","R","M","R","M","R","B",null,"M","?","?","$","M","M","R","M","T","E"],"character_chosen":"DEFECT","items_purchased":["Bandage Up","MawBank","Purity+1","Defragment","Redo+1","Mayhem"],"campfire_rested":1,"item_purchase_floors":[4,21,21,38,38,38],"current_hp_per_floor":[75,75,75,75,63,63,63,43,43,46,46,50,48,31,68,71,75,61,61,61,61,65,47,54,58,58,62,62,65,65,48,48,51,82,82,72,72,72,52,52,52,26,26,0],"gold":146,"neow_bonus":"THREE_ENEMY_KILL","is_prod":false,"is_daily":false,"chose_seed":false,"campfire_upgraded":5,"win_rate":0,"timestamp":1541999138,"path_taken":["M","M","?","?","?","E","R","E","T","E","?","?","M","?","R","BOSS","M","?","?","$","M","E","?","E","T","?","R","?","R","M","R","BOSS","M","?","?","$","M","?","R","M","T","E"],"build_version":"2018-11-08","purchased_purges":0,"victory":false,"max_hp_per_floor":[75,75,75,75,75,75,75,75,75,75,75,75,75,75,75,75,75,75,75,75,75,75,75,82,82,82,82,82,82,82,82,82,82,82,82,82,82,82,82,82,82,82,82,82],"card_choices":[{"not_picked":["Consume","Beam Cell"],"picked":"Redo","floor":1},{"not_picked":["Sweeping Beam","Turbo"],"picked":"Reinforced Body","floor":2},{"not_picked":["Hologram+1","Doom and Gloom"],"picked":"Genetic Algorithm+1","floor":6},{"not_picked":["Skim+1","Leap+1"],"picked":"Redo+1","floor":8},{"not_picked":["Barrage","Go for the Eyes","Stack+1"],"picked":"SKIP","floor":10},{"not_picked":["Conserve Battery+1","Sunder"],"picked":"Stack+1","floor":12},{"not_picked":["Streamline","Scrape"],"picked":"Steam+1","floor":13},{"not_picked":["Hologram+1","Chill+1"],"picked":"Electrodynamics","floor":14},{"not_picked":["Buffer","Reboot+1"],"picked":"Electrodynamics","floor":16},{"not_picked":["Force Field+1","Leap+1"],"picked":"Stack+1","floor":18},{"not_picked":["Turbo+1","Steam Power+1","Sweeping Beam"],"picked":"SKIP","floor":22},{"not_picked":["Beam Cell","Rebound"],"picked":"Tempest+1","floor":23},{"not_picked":["FTL","Compile Driver"],"picked":"Conserve Battery+1","floor":25},{"not_picked":["Redo+1","Go for the Eyes"],"picked":"Self Repair","floor":27},{"not_picked":["Beam Cell","Heatsinks","Rebound"],"picked":"SKIP","floor":29},{"not_picked":["Steam+1","Doom and Gloom"],"picked":"Fusion+1","floor":31},{"not_picked":["Amplify+1","Rainbow+1"],"picked":"Echo Form","floor":33},{"not_picked":["Blizzard","Hologram+1"],"picked":"White Noise+1","floor":34},{"not_picked":["Gash+1","Darkness+1"],"picked":"Auto Shields+1","floor":34},{"not_picked":["Go for the Eyes","Hologram+1"],"picked":"Glacier+1","floor":34},{"not_picked":["Compile Driver+1","Genetic Algorithm+1"],"picked":"Lockon","floor":34},{"not_picked":["Heatsinks+1","Self Repair"],"picked":"Gash","floor":34},{"not_picked":["Cold Snap","Sweeping Beam"],"picked":"Machine Learning","floor":35},{"not_picked":["Mayhem","Flash of Steel"],"picked":"Panache","floor":36},{"not_picked":["Thinking Ahead+1","Panacea+1"],"picked":"Sadistic Nature","floor":36},{"not_picked":["Good Instincts+1","Dramatic Entrance"],"picked":"Discovery+1","floor":36},{"not_picked":["Steam+1","Consume+1"],"picked":"Hologram+1","floor":39},{"not_picked":["Lockon","Rebound+1"],"picked":"Storm","floor":40},{"not_picked":["Turbo+1","Redo+1"],"picked":"Stack+1","floor":42}],"player_experience":450460,"relics_obtained":[{"floor":6,"key":"Orichalcum"},{"floor":8,"key":"DataDisk"},{"floor":9,"key":"Blue Candle"},{"floor":10,"key":"Meat on the Bone"},{"floor":14,"key":"Regal Pillow"},{"floor":23,"key":"Bronze Scales"},{"floor":24,"key":"Strawberry"},{"floor":25,"key":"Oddly Smooth Stone"},{"floor":26,"key":"Bottled Tornado"},{"floor":43,"key":"Omamori"}],"event_choices":[{"damage_healed":0,"gold_gain":0,"player_choice":"Got Potions","damage_taken":0,"max_hp_gain":0,"max_hp_loss":0,"event_name":"Lab","floor":3,"gold_loss":0},{"damage_healed":0,"gold_gain":0,"player_choice":"Success","damage_taken":12,"relics_obtained":["Toxic Egg 2"],"max_hp_gain":0,"max_hp_loss":0,"event_name":"Scrap Ooze","floor":5,"gold_loss":0},{"damage_healed":0,"gold_gain":0,"player_choice":"Gave Potion","damage_taken":0,"relics_obtained":["Kunai"],"max_hp_gain":0,"max_hp_loss":0,"event_name":"WeMeetAgain","floor":11,"gold_loss":0},{"damage_healed":0,"gold_gain":0,"player_choice":"Searched \u00271\u0027 times","damage_taken":0,"max_hp_gain":0,"max_hp_loss":0,"event_name":"Dead Adventurer","floor":14,"gold_loss":0},{"damage_healed":0,"gold_gain":0,"player_choice":"Obtained Relic","damage_taken":0,"relics_obtained":["Pen Nib"],"max_hp_gain":0,"max_hp_loss":0,"event_name":"Addict","floor":19,"gold_loss":85},{"damage_healed":0,"gold_gain":0,"player_choice":"Ignored","damage_taken":0,"max_hp_gain":0,"max_hp_loss":0,"event_name":"Vampires","floor":20,"gold_loss":0},{"damage_healed":0,"gold_gain":0,"player_choice":"Memory 3","damage_taken":10,"max_hp_gain":0,"max_hp_loss":0,"event_name":"SensoryStone","floor":36,"gold_loss":0},{"damage_healed":0,"gold_gain":0,"player_choice":"Upgraded","damage_taken":0,"max_hp_gain":0,"max_hp_loss":0,"event_name":"Upgrade Shrine","floor":37,"gold_loss":0,"cards_upgraded":["Lockon"]}],"is_beta":true,"boss_relics":[{"not_picked":["White Beast Statue","Velvet Choker"],"picked":"Pandora\u0027s Box"},{"not_picked":["Tiny House","Nuclear Battery"],"picked":"Orrery"}],"items_purged_floors":[],"is_endless":false,"potions_floor_spawned":[2,8,13,16,18,25,31,35,39],"killed_by":"Giant Head","ascension_level":4}