{"gold_per_floor":[111,111,129,149,149,149,161,161,206,206,222,242,242,255,255,355,355,373,219,237,248,259,259,269,269,269,269,93,93,193,211,211,309,309,319,319,332,125,138,138,154,154,202,222,252,252,252,270,270,270],"floor_reached":51,"playtime":1303,"items_purged":["Doubt","Pain","Injury"],"score":723,"play_id":"ad9dc3e1-0a10-4964-88ca-28d0691f5727","local_time":"20190410201205","is_ascension_mode":false,"campfire_choices":[{"data":"Bash","floor":6,"key":"SMITH"},{"data":"Whirlwind","floor":8,"key":"SMITH"},{"data":"Shockwave","floor":10,"key":"SMITH"},{"data":"Inflame","floor":13,"key":"SMITH"},{"data":"Spot Weakness","floor":15,"key":"SMITH"},{"data":"Limit Break","floor":23,"key":"SMITH"},{"data":"Whirlwind","floor":25,"key":"SMITH"},{"data":"Pummel","floor":27,"key":"SMITH"},{"data":"Disarm","floor":32,"key":"SMITH"},{"data":"Discovery","floor":40,"key":"SMITH"},{"data":"Flame Barrier","floor":42,"key":"SMITH"},{"floor":46,"key":"REST"},{"floor":49,"key":"REST"}],"neow_cost":"NONE","seed_source_timestamp":4123102450614,"circlet_count":0,"master_deck":["Strike_R","Strike_R+1","Defend_R","Defend_R","Defend_R","Defend_R","Bash+1","Shockwave+1","Spot Weakness+1","Whirlwind+1","Pummel+1","Flame Barrier+1","Inflame+1","Pummel+1","Limit Break+1","Whirlwind+1","Thunderclap+1","Sword Boomerang+1","Disarm+1","Clash","Exhume","Infernal Blade+1","Exhume","Discovery+1","Reaper","Doubt","Whirlwind+1","Heavy Blade"],"relics":["Cursed Key","Mummified Hand","Blood Vial","Snecko Eye","Nunchaku","Charon\u0027s Ashes","Mercury Hourglass","Philosopher\u0027s Stone","Whetstone","Torii"],"potions_floor_usage":[7,11,30,33,33,45,50,50],"damage_taken":[{"damage":0,"enemies":"Small Slimes","floor":1,"turns":2},{"damage":1,"enemies":"Jaw Worm","floor":3,"turns":4},{"damage":0,"enemies":"Cultist","floor":4,"turns":4},{"damage":4,"enemies":"Gremlin Gang","floor":7,"turns":3},{"damage":0,"enemies":"Lots of Slimes","floor":11,"turns":2},{"damage":0,"enemies":"3 Louse","floor":12,"turns":1},{"damage":14,"enemies":"Large Slime","floor":14,"turns":5},{"damage":21,"enemies":"The Guardian","floor":16,"turns":7},{"damage":0,"enemies":"3 Byrds","floor":18,"turns":4},{"damage":0,"enemies":"Chosen","floor":20,"turns":3},{"damage":0,"enemies":"Sentry and Sphere","floor":21,"turns":2},{"damage":9,"enemies":"Snake Plant","floor":22,"turns":4},{"damage":11,"enemies":"Shelled Parasite and Fungi","floor":24,"turns":3},{"damage":7,"enemies":"Colosseum Slavers","floor":30,"turns":2},{"damage":15,"enemies":"Colosseum Nobs","floor":30,"turns":3},{"damage":0,"enemies":"Snecko","floor":31,"turns":2},{"damage":0,"enemies":"Collector","floor":33,"turns":4},{"damage":16,"enemies":"3 Darklings","floor":35,"turns":2},{"damage":11,"enemies":"Orb Walker","floor":37,"turns":2},{"damage":0,"enemies":"Sphere and 2 Shapes","floor":39,"turns":2},{"damage":17,"enemies":"Maw","floor":41,"turns":7},{"damage":0,"enemies":"Jaw Worm Horde","floor":44,"turns":1},{"damage":57,"enemies":"Nemesis","floor":45,"turns":7},{"damage":11,"enemies":"3 Darklings","floor":48,"turns":2},{"damage":50,"enemies":"Donu and Deca","floor":50,"turns":6}],"seed_played":"-1747439961196183560","potions_obtained":[{"floor":1,"key":"AttackPotion"},{"floor":7,"key":"Explosive Potion"},{"floor":11,"key":"EssenceOfSteel"},{"floor":16,"key":"FearPotion"},{"floor":18,"key":"Ancient Potion"},{"floor":22,"key":"Strength Potion"},{"floor":30,"key":"Energy Potion"},{"floor":31,"key":"SteroidPotion"},{"floor":37,"key":"Dexterity Potion"},{"floor":39,"key":"FairyPotion"},{"floor":48,"key":"PowerPotion"}],"is_trial":false,"path_per_floor":["M","?","M","M","T","R","M","R","T","R","M","M","R","M","R","B",null,"M","$","M","M","M","R","M","R","T","R","$","?","?","M","R","B",null,"M","$","M","$","M","R","M","R","T","M","E","R","?","M","R","B",null],"character_chosen":"IRONCLAD","items_purchased":["Whirlwind","Disarm","Discovery"],"campfire_rested":2,"item_purchase_floors":[19,28,38],"current_hp_per_floor":[80,73,72,72,72,72,68,68,68,68,70,72,72,60,60,41,80,80,80,80,80,71,71,62,62,62,62,62,62,44,46,46,48,80,64,64,55,55,57,57,58,58,58,60,5,29,29,20,44,8],"gold":270,"neow_bonus":"BOSS_RELIC","is_prod":false,"is_daily":false,"chose_seed":false,"campfire_upgraded":11,"win_rate":0,"timestamp":1554948725,"path_taken":["M","?","M","M","?","R","M","R","T","R","M","M","R","?","R","BOSS","M","$","M","M","?","R","M","R","T","R","?","?","?","M","R","BOSS","M","$","M","$","M","R","M","R","T","M","E","R","?","M","R","BOSS"],"build_version":"2019-01-23","purchased_purges":3,"victory":true,"max_hp_per_floor":[80,80,80,80,80,80,80,80,80,80,80,80,80,80,80,80,80,80,80,80,80,80,80,80,80,80,80,80,80,80,80,80,80,80,80,80,80,80,80,80,80,80,80,80,80,80,80,80,80,80],"card_choices":[{"not_picked":["Havoc","Shrug It Off"],"picked":"Shockwave","floor":1},{"not_picked":["Shrug It Off","Corruption"],"picked":"Spot Weakness","floor":3},{"not_picked":["Clash","Twin Strike"],"picked":"Whirlwind","floor":4},{"not_picked":["Entrench","Dropkick"],"picked":"Pummel","floor":7},{"not_picked":["Carnage","Twin Strike"],"picked":"Flame Barrier","floor":11},{"not_picked":["Iron Wave","Perfected Strike"],"picked":"Inflame","floor":12},{"not_picked":["Thunderclap","Havoc"],"picked":"Pummel","floor":14},{"not_picked":["Dark Embrace","Offering"],"picked":"Limit Break","floor":16},{"not_picked":["Warcry+1","Iron Wave","Havoc"],"picked":"SKIP","floor":18},{"not_picked":["Anger","Clash"],"picked":"Thunderclap+1","floor":20},{"not_picked":["Entrench","Metallicize+1"],"picked":"Sword Boomerang+1","floor":21},{"not_picked":["Sword Boomerang","Shrug It Off","Flex"],"picked":"SKIP","floor":22},{"not_picked":["Sever Soul","Warcry+1","Clash+1"],"picked":"SKIP","floor":24},{"not_picked":["Warcry","Disarm"],"picked":"Infernal Blade+1","floor":31},{"not_picked":["Reaper","Barricade"],"picked":"Exhume","floor":33},{"not_picked":["Havoc","Cleave","Anger+1"],"picked":"SKIP","floor":35},{"not_picked":["Thunderclap","Clash","Metallicize"],"picked":"SKIP","floor":37},{"not_picked":["Shrug It Off+1","Sword Boomerang"],"picked":"Reaper","floor":39},{"not_picked":["Cleave+1","Body Slam+1","Headbutt"],"picked":"SKIP","floor":41},{"not_picked":["Perfected Strike","Thunderclap+1"],"picked":"Whirlwind+1","floor":44},{"not_picked":["Berserk","Body Slam","Burning Pact+1"],"picked":"SKIP","floor":45},{"not_picked":["Reckless Charge","Pummel"],"picked":"Heavy Blade","floor":48}],"player_experience":1181974,"relics_obtained":[{"floor":5,"key":"Mummified Hand"},{"floor":9,"key":"Blood Vial"},{"floor":26,"key":"Nunchaku"},{"floor":30,"key":"Charon\u0027s Ashes"},{"floor":30,"key":"Mercury Hourglass"},{"floor":43,"key":"Whetstone"},{"floor":45,"key":"Torii"}],"event_choices":[{"cards_removed":["Strike_R"],"damage_healed":0,"gold_gain":0,"player_choice":"Card Removal","damage_taken":7,"max_hp_gain":0,"max_hp_loss":0,"event_name":"Golden Wing","floor":2,"gold_loss":0},{"damage_healed":0,"gold_gain":0,"cards_transformed":["Strike_R","Strike_R"],"player_choice":"Became Test Subject","damage_taken":0,"max_hp_gain":0,"max_hp_loss":0,"event_name":"Drug Dealer","floor":29,"gold_loss":0,"cards_obtained":["Clash","Exhume"]},{"damage_healed":0,"gold_gain":0,"player_choice":"Fight","damage_taken":0,"max_hp_gain":0,"max_hp_loss":0,"event_name":"Colosseum","floor":30,"gold_loss":0},{"damage_healed":0,"gold_gain":0,"player_choice":"Fought Nobs","damage_taken":0,"max_hp_gain":0,"max_hp_loss":0,"event_name":"Colosseum","floor":30,"gold_loss":0},{"damage_healed":0,"gold_gain":0,"player_choice":"Ignored","damage_taken":0,"max_hp_gain":0,"max_hp_loss":0,"event_name":"SecretPortal","floor":47,"gold_loss":0}],"is_beta":false,"boss_relics":[{"not_picked":["Mark of Pain","Lizard Tail"],"picked":"Snecko Eye"},{"not_picked":["Pandora\u0027s Box","Velvet Choker"],"picked":"Philosopher\u0027s Stone"}],"items_purged_floors":[19,28,38],"is_endless":false,"potions_floor_spawned":[1,7,11,16,18,22,30,31,37,39,48],"ascension_level":0}