{"gold_per_floor":[114,130,143,143,143,143,156,166,191,60,60,60,76,95,95,193,193,210,210,210,224,157,157,170,188,188,207,224,234,245,245],"floor_reached":31,"playtime":5543,"items_purged":[],"score":235,"play_id":"2c3c99a2-557a-4757-960d-562c0535d90c","local_time":"20190215100544","is_ascension_mode":false,"campfire_choices":[{"data":"Bash","floor":6.0,"key":"SMITH"},{"data":"Armaments","floor":12.0,"key":"SMITH"},{"data":"Flame Barrier","floor":15.0,"key":"SMITH"},{"data":"Hemokinesis","floor":23.0,"key":"SMITH"}],"neow_cost":"NONE","seed_source_timestamp":220886373885812,"circlet_count":0,"master_deck":["Strike_R","Strike_R","Strike_R","Strike_R","Defend_R","Defend_R","Defend_R","Bash+1","Iron Wave","Cleave","Twin Strike","Thunderclap","Flame Barrier+1","Armaments+1","Spot Weakness","Perfected Strike","Iron Wave","True Grit","Limit Break","Shrug It Off+1","Hemokinesis+1","Reckless Charge","Spot Weakness","Sentinel","Cleave+1","Rupture","Searing Blow","Thunderclap"],"special_seed":0,"relics":["Black Blood"],"potions_floor_usage":[31],"damage_taken":[{"damage":10.0,"enemies":"Cultist","floor":1.0,"turns":4.0},{"damage":6.0,"enemies":"Jaw Worm","floor":2.0,"turns":3.0},{"damage":0.0,"enemies":"Small Slimes","floor":3.0,"turns":2.0},{"damage":6.0,"enemies":"Blue Slaver","floor":7.0,"turns":4.0},{"damage":11.0,"enemies":"Red Slaver","floor":8.0,"turns":3.0},{"damage":1.0,"enemies":"3 Louse","floor":13.0,"turns":4.0},{"damage":4.0,"enemies":"2 Fungi Beasts","floor":14.0,"turns":4.0},{"damage":26.0,"enemies":"Slime Boss","floor":16.0,"turns":10.0},{"damage":30.0,"enemies":"Shell Parasite","floor":18.0,"turns":6.0},{"damage":21.0,"enemies":"Colosseum Slavers","floor":19.0,"turns":6.0},{"damage":4.0,"enemies":"Chosen","floor":21.0,"turns":7.0},{"damage":7.0,"enemies":"Snecko","floor":24.0,"turns":4.0},{"damage":9.0,"enemies":"Cultist and Chosen","floor":25.0,"turns":6.0},{"damage":31.0,"enemies":"Snake Plant","floor":27.0,"turns":5.0},{"damage":22.0,"enemies":"Snecko","floor":28.0,"turns":7.0},{"damage":22.0,"enemies":"Cultist and Chosen","floor":29.0,"turns":7.0},{"damage":9.0,"enemies":"Centurion and Healer","floor":30.0,"turns":6.0},{"damage":28,"enemies":"Snecko","floor":31,"turns":4}],"seed_played":"2610501810389700548","potions_obtained":[{"floor":2.0,"key":"Poison Potion"},{"floor":7.0,"key":"Explosive Potion"},{"floor":13.0,"key":"Energy Potion"},{"floor":21.0,"key":"AttackPotion"},{"floor":24.0,"key":"Strength Potion"},{"floor":27.0,"key":"Poison Potion"},{"floor":28.0,"key":"SkillPotion"},{"floor":29.0,"key":"FearPotion"}],"is_trial":false,"path_per_floor":["M","M","M","?","?","R","M","M","T","$","?","R","M","M","R","B",null,"M","?","?","M","$","R","M","M","T","M","M","M","M","M"],"character_chosen":"IRONCLAD","items_purchased":["Armaments","Spot Weakness","Perfected Strike","Reckless Charge"],"campfire_rested":0,"item_purchase_floors":[10,10,10,22],"current_hp_per_floor":[84,84,88,88,81,81,81,76,76,76,81,81,86,88,88,68,93,73,62,62,68,68,68,71,72,72,51,39,27,28,0],"gold":245,"neow_bonus":"TEN_PERCENT_HP_BONUS","is_prod":false,"is_daily":false,"chose_seed":false,"campfire_upgraded":4,"win_rate":0,"timestamp":1550250344,"path_taken":["M","M","M","?","?","R","M","M","T","$","?","R","M","?","R","BOSS","M","?","?","M","$","R","M","M","T","M","M","M","M","?"],"build_version":"2019-01-23","purchased_purges":0,"victory":false,"max_hp_per_floor":[88,88,88,88,88,88,88,88,88,88,93,93,93,93,93,93,93,93,93,93,93,93,93,93,93,93,93,93,93,93,93],"card_choices":[{"not_picked":["Havoc","Sentinel"],"picked":"Iron Wave","floor":1.0},{"not_picked":["Heavy Blade","Clash"],"picked":"Cleave","floor":2.0},{"not_picked":["Dark Embrace","Heavy Blade"],"picked":"Twin Strike","floor":3.0},{"not_picked":["Warcry","Heavy Blade"],"picked":"Thunderclap","floor":7.0},{"not_picked":["Clash","Heavy Blade"],"picked":"Flame Barrier","floor":8.0},{"not_picked":["Sever Soul","Power Through"],"picked":"Iron Wave","floor":13.0},{"not_picked":["Disarm","Burning Pact"],"picked":"True Grit","floor":14.0},{"not_picked":["Offering","Demon Form"],"picked":"Limit Break","floor":16.0},{"not_picked":["Disarm+1","True Grit+1"],"picked":"Shrug It Off+1","floor":18.0},{"not_picked":["Clothesline","Warcry"],"picked":"Hemokinesis","floor":21.0},{"not_picked":["Power Through","Headbutt"],"picked":"Spot Weakness","floor":24.0},{"not_picked":["Cleave","Anger"],"picked":"Sentinel","floor":25.0},{"not_picked":["Sword Boomerang","Armaments"],"picked":"Cleave+1","floor":27.0},{"not_picked":["Cleave","Perfected Strike"],"picked":"Rupture","floor":28.0},{"not_picked":["Havoc+1","Sever Soul+1"],"picked":"Searing Blow","floor":29.0},{"not_picked":["Body Slam","Wild Strike"],"picked":"Thunderclap","floor":30.0}],"player_experience":1481142,"relics_obtained":[],"event_choices":[{"damage_healed":0.0,"max_hp_gain":0.0,"max_hp_loss":0.0,"gold_gain":0.0,"event_name":"Golden Idol","player_choice":"Ignored","floor":4.0,"gold_loss":0.0,"damage_taken":0.0},{"cards_removed":["Strike_R"],"damage_healed":0.0,"max_hp_gain":0.0,"max_hp_loss":0.0,"gold_gain":0.0,"event_name":"Golden Wing","player_choice":"Card Removal","floor":5.0,"gold_loss":0.0,"damage_taken":7.0},{"damage_healed":0.0,"max_hp_gain":5.0,"max_hp_loss":0.0,"gold_gain":0.0,"event_name":"Big Fish","player_choice":"Donut","floor":11.0,"gold_loss":0.0,"damage_taken":0.0},{"damage_healed":0.0,"max_hp_gain":0.0,"max_hp_loss":0.0,"gold_gain":0.0,"event_name":"Colosseum","player_choice":"Fight","floor":19.0,"gold_loss":0.0,"damage_taken":0.0},{"damage_healed":0.0,"max_hp_gain":0.0,"max_hp_loss":0.0,"gold_gain":0.0,"event_name":"Colosseum","player_choice":"Fled From Nobs","floor":19.0,"gold_loss":0.0,"damage_taken":0.0},{"cards_removed":["Defend_R"],"damage_healed":0.0,"max_hp_gain":0.0,"max_hp_loss":0.0,"gold_gain":0.0,"event_name":"Purifier","player_choice":"Purged","floor":20.0,"gold_loss":0.0,"damage_taken":0.0}],"is_beta":false,"boss_relics":[{"not_picked":["Orrery","Calling Bell"],"picked":"Black Blood"}],"items_purged_floors":[],"is_endless":false,"potions_floor_spawned":[2,7,13,21,24,27,28,29],"killed_by":"Snecko","ascension_level":0}