{"gold_per_floor":[111,111,134,149,149,149,183,183,206,206,225,239,263,263,263,383,383,399,399,414,414],"floor_reached":21,"playtime":1499,"items_purged":[],"score":226,"play_id":"a271c5fa-dd5c-4b65-ab29-c7296122decf","local_time":"20181020155459","is_ascension_mode":true,"campfire_choices":[{"data":"Anger","floor":6,"key":"SMITH"},{"data":"Anger","floor":8,"key":"SMITH"},{"floor":10,"key":"REST"},{"data":"Shrug It Off","floor":15,"key":"SMITH"}],"neow_cost":"NONE","seed_source_timestamp":856681880295274,"circlet_count":0,"master_deck":["Strike_R","Strike_R","Strike_R","Strike_R","Defend_R","Defend_R","Defend_R","Defend_R","Bash","Anger+1","Clash","Anger+1","Thunderclap","Shrug It Off+1","Clash","Regret","Reaper","Flex","RitualDagger","Body Slam+1"],"relics":["Burning Blood","Golden Idol","Smiling Mask","Regal Pillow","Ginger","Black Star"],"potions_floor_usage":[7,12,20],"damage_taken":[{"damage":7,"enemies":"Jaw Worm","floor":1,"turns":3},{"damage":0,"enemies":"2 Louse","floor":3,"turns":2},{"damage":0,"enemies":"Cultist","floor":4,"turns":3},{"damage":23,"enemies":"Gremlin Nob","floor":7,"turns":5},{"damage":8,"enemies":"Exordium Thugs","floor":11,"turns":4},{"damage":12,"enemies":"Exordium Wildlife","floor":12,"turns":5},{"damage":0,"enemies":"2 Fungi Beasts","floor":13,"turns":3},{"damage":75,"enemies":"The Guardian","floor":16,"turns":13},{"damage":31,"enemies":"3 Byrds","floor":18,"turns":8},{"damage":19,"enemies":"Spheric Guardian","floor":20,"turns":5},{"damage":37,"enemies":"Chosen and Byrds","floor":21,"turns":5}],"seed_played":"-4599804562783624152","potions_obtained":[{"floor":1,"key":"Energy Potion"},{"floor":4,"key":"Block Potion"},{"floor":13,"key":"Ancient Potion"},{"floor":16,"key":"EssenceOfSteel"},{"floor":18,"key":"Poison Potion"}],"is_trial":false,"path_per_floor":["M","?","M","M","?","R","E","R","T","R","M","M","M","?","R","B",null,"M","?","M"],"character_chosen":"IRONCLAD","items_purchased":[],"campfire_rested":1,"item_purchase_floors":[],"current_hp_per_floor":[79,59,65,71,71,71,54,54,54,80,78,72,78,78,78,9,62,45,39,30,0],"gold":414,"neow_bonus":"THREE_CARDS","is_prod":false,"is_daily":false,"chose_seed":false,"campfire_upgraded":3,"win_rate":0,"timestamp":1540072499,"path_taken":["M","?","M","?","?","R","E","R","T","R","?","M","M","?","R","BOSS","M","?","?","M"],"build_version":"2018-10-18","purchased_purges":0,"victory":false,"max_hp_per_floor":[80,80,80,80,80,80,80,80,80,80,80,80,80,80,80,80,80,80,80,80,80],"card_choices":[{"not_picked":["Heavy Blade","Rage"],"picked":"Anger","floor":0},{"not_picked":["Wild Strike","Pummel"],"picked":"Clash","floor":1},{"not_picked":["Shrug It Off","Uppercut"],"picked":"Anger","floor":3},{"not_picked":["Twin Strike","Wild Strike","Dual Wield"],"picked":"SKIP","floor":4},{"not_picked":["Wild Strike","Dual Wield"],"picked":"Thunderclap","floor":7},{"not_picked":["Thunderclap","Pommel Strike"],"picked":"Shrug It Off","floor":11},{"not_picked":["Heavy Blade","Perfected Strike","Wild Strike"],"picked":"SKIP","floor":12},{"not_picked":["Bloodletting","Rupture"],"picked":"Clash","floor":13},{"not_picked":["Fiend Fire","Immolate"],"picked":"Reaper","floor":16},{"not_picked":["Thunderclap+1","Dual Wield+1"],"picked":"Flex","floor":18},{"not_picked":["Anger","Hemokinesis"],"picked":"Body Slam+1","floor":20}],"player_experience":733556,"relics_obtained":[{"floor":7,"key":"Smiling Mask"},{"floor":9,"key":"Regal Pillow"}],"event_choices":[{"damage_healed":0,"gold_gain":0,"player_choice":"Take Damage","damage_taken":20,"relics_obtained":["Golden Idol"],"max_hp_gain":0,"max_hp_loss":0,"event_name":"Golden Idol","floor":2,"gold_loss":0},{"cards_removed":["Strike_R"],"damage_healed":0,"gold_gain":0,"player_choice":"Forget","damage_taken":0,"max_hp_gain":0,"max_hp_loss":0,"event_name":"Living Wall","floor":5,"gold_loss":0},{"damage_healed":0,"gold_gain":0,"player_choice":"Box","damage_taken":0,"relics_obtained":["Ginger"],"max_hp_gain":0,"max_hp_loss":0,"event_name":"Big Fish","floor":14,"gold_loss":0,"cards_obtained":["Regret"]},{"damage_healed":0,"gold_gain":0,"player_choice":"Joined the Cult","damage_taken":6,"max_hp_gain":0,"max_hp_loss":0,"event_name":"Nest","floor":19,"gold_loss":0,"cards_obtained":["RitualDagger"]}],"is_beta":false,"boss_relics":[{"not_picked":["Orrery","Runic Cube"],"picked":"Black Star"}],"items_purged_floors":[],"is_endless":false,"potions_floor_spawned":[1,4,13,16,18],"killed_by":"Chosen and Byrds","ascension_level":5}