{"gold_per_floor":[115,130,130,32,45,45,65,75,127,154,170,185,202,202,202,202],"floor_reached":16,"playtime":2287,"items_purged":["Strike_G"],"score":96,"play_id":"ff8d1f0d-b56d-4496-808c-690dd380f9de","local_time":"20190328184312","is_ascension_mode":false,"campfire_choices":[{"data":"Survivor","floor":6,"key":"SMITH"},{"data":"Backflip","floor":15,"key":"SMITH"}],"neow_cost":"NONE","seed_source_timestamp":1299683921826900,"circlet_count":0,"master_deck":["Defend_G","Defend_G","Defend_G","Defend_G","Defend_G","Strike_G","Strike_G","Strike_G","Survivor+1","Neutralize+1","Flying Knee","Prepared","Flying Knee","Flying Knee","Backflip+1","Prepared"],"relics":["Ring of the Snake","Blood Vial","Bag of Preparation"],"potions_floor_usage":[],"damage_taken":[{"damage":0,"enemies":"Jaw Worm","floor":1,"turns":6},{"damage":0,"enemies":"Cultist","floor":2,"turns":3},{"damage":0,"enemies":"Small Slimes","floor":5,"turns":2},{"damage":5,"enemies":"3 Louse","floor":7,"turns":4},{"damage":0,"enemies":"2 Fungi Beasts","floor":8,"turns":3},{"damage":0,"enemies":"Large Slime","floor":11,"turns":4},{"damage":0,"enemies":"Looter","floor":12,"turns":3},{"damage":0,"enemies":"Red Slaver","floor":13,"turns":4},{"damage":74,"enemies":"Hexaghost","floor":16,"turns":16}],"seed_played":"310340604419671674","potions_obtained":[{"floor":5,"key":"Block Potion"},{"floor":8,"key":"SneckoOil"},{"floor":11,"key":"Strength Potion"}],"is_trial":false,"path_per_floor":["M","M","?","$","M","R","M","M","T","T","M","M","M","?","R","B"],"character_chosen":"THE_SILENT","items_purchased":["Flying Knee"],"campfire_rested":0,"item_purchase_floors":[4],"current_hp_per_floor":[77,77,77,77,77,77,72,72,72,72,74,76,77,70,70,0],"gold":202,"neow_bonus":"TEN_PERCENT_HP_BONUS","is_prod":false,"is_daily":false,"chose_seed":false,"campfire_upgraded":2,"win_rate":0.0,"timestamp":1553812992,"path_taken":["M","M","?","$","M","R","M","?","T","?","M","?","M","?","R","BOSS"],"build_version":"2019-01-23","purchased_purges":1,"victory":false,"max_hp_per_floor":[77,77,77,77,77,77,77,77,77,77,77,77,77,77,77,77],"card_choices":[{"not_picked":["Prepared","Terror"],"picked":"Flying Knee","floor":1},{"not_picked":["Backstab","Dagger Spray"],"picked":"Prepared","floor":2},{"not_picked":["Backstab","Heel Hook","Crippling Poison"],"picked":"SKIP","floor":5},{"not_picked":["All Out Attack","Leg Sweep"],"picked":"Flying Knee","floor":7},{"not_picked":["Dodge and Roll","Blade Dance"],"picked":"Backflip","floor":8},{"not_picked":["Sucker Punch","Bouncing Flask","Flechettes"],"picked":"SKIP","floor":11},{"not_picked":["Sucker Punch","Deadly Poison"],"picked":"Prepared","floor":12},{"not_picked":["Finisher","Masterful Stab","All Out Attack"],"picked":"SKIP","floor":13}],"player_experience":12698,"relics_obtained":[{"floor":9,"key":"Blood Vial"},{"floor":10,"key":"Bag of Preparation"}],"event_choices":[{"damage_healed":0,"gold_gain":0,"player_choice":"Forge","damage_taken":0,"max_hp_gain":0,"max_hp_loss":0,"event_name":"Accursed Blacksmith","floor":3,"gold_loss":0,"cards_upgraded":["Neutralize"]},{"cards_removed":["Strike_G"],"damage_healed":0,"gold_gain":0,"player_choice":"Card Removal","damage_taken":7,"max_hp_gain":0,"max_hp_loss":0,"event_name":"Golden Wing","floor":14,"gold_loss":0}],"is_beta":false,"boss_relics":[],"items_purged_floors":[4],"is_endless":false,"potions_floor_spawned":[5,8,11],"killed_by":"Hexaghost","ascension_level":0}