{"gold_per_floor":[111,130,130,130,7,7,39,39,39,58,93,109,123,173,173,246,246,262,272,292,72,92,92,104,104,104,121,121],"floor_reached":28,"playtime":1236,"items_purged":[],"score":450,"play_id":"2474957f-f521-49f2-b12c-bee5b202d02c","local_time":"20190410145650","is_ascension_mode":true,"campfire_choices":[{"data":"Zap","floor":6,"key":"SMITH"},{"data":"Sunder","floor":8,"key":"SMITH"},{"data":"Scrape","floor":15,"key":"SMITH"},{"data":"Defragment","floor":23,"key":"SMITH"}],"neow_cost":"NONE","seed_source_timestamp":2215285487739264,"circlet_count":0,"master_deck":["AscendersBane","Strike_B","Strike_B","Strike_B","Defend_B","Defend_B","Defend_B","Defend_B","Zap+1","Dualcast","Scrape+1","Sunder+1","Steam","FTL","Go for the Eyes","Reprogram","Steam","Reinforced Body","Echo Form","Glacier","Go for the Eyes","Gash","Defragment+1","Swift Strike","FTL","Scrape+1"],"relics":["Cracked Core","NeowsBlessing","Anchor","Gremlin Horn","Mercury Hourglass","Nuclear Battery","Singing Bowl"],"potions_floor_usage":[28,28],"damage_taken":[{"damage":0,"enemies":"Cultist","floor":1,"turns":1},{"damage":0,"enemies":"Small Slimes","floor":2,"turns":1},{"damage":0,"enemies":"Gremlin Nob","floor":7,"turns":1},{"damage":0,"enemies":"2 Louse","floor":10,"turns":1},{"damage":14,"enemies":"Lagavulin","floor":11,"turns":6},{"damage":0,"enemies":"Red Slaver","floor":12,"turns":3},{"damage":0,"enemies":"3 Louse","floor":13,"turns":2},{"damage":29,"enemies":"Slime Boss","floor":16,"turns":8},{"damage":6,"enemies":"3 Byrds","floor":18,"turns":3},{"damage":1,"enemies":"Chosen","floor":19,"turns":5},{"damage":14,"enemies":"Shelled Parasite and Fungi","floor":20,"turns":6},{"damage":11,"enemies":"3 Cultists","floor":22,"turns":5},{"damage":17,"enemies":"Snake Plant","floor":24,"turns":4},{"damage":7,"enemies":"Centurion and Healer","floor":27,"turns":5},{"damage":7,"enemies":"Book of Stabbing","floor":28,"turns":2}],"seed_played":"3299926165422086405","potions_obtained":[{"floor":11,"key":"SneckoOil"},{"floor":12,"key":"EssenceOfSteel"},{"floor":19,"key":"Dexterity Potion"},{"floor":24,"key":"LiquidBronze"}],"is_trial":false,"path_per_floor":["?","M","?","M","M","?"],"character_chosen":"DEFECT","items_purchased":["Sunder","Steam","Gash","Defragment","Swift Strike"],"campfire_rested":0,"item_purchase_floors":[5,5,21,21,21],"current_hp_per_floor":[64,64,64,64,64,64,64,64,64,64,50,50,50,50,50,21,59,53,52,38,38,27,27,10,10,10,5,0],"gold":121,"neow_bonus":"THREE_ENEMY_KILL","is_prod":false,"is_daily":false,"chose_seed":false,"campfire_upgraded":4,"win_rate":0,"timestamp":1554922610,"path_taken":["M","M","$","?","$","R","E","R","T","M","E","M","?","?","R","BOSS","M","?","M","$","M","R","?","?","T","M","E"],"build_version":"2019-01-23","purchased_purges":0,"victory":false,"max_hp_per_floor":[71,71,71,71,71,71,71,71,71,71,71,71,71,71,71,71,71,71,71,71,71,71,71,71,71,71,73,73],"card_choices":[{"not_picked":["Rebound","Conserve Battery","Turbo"],"picked":"SKIP","floor":1},{"not_picked":["Turbo","Steam"],"picked":"Scrape","floor":2},{"not_picked":["Leap","Steam Power"],"picked":"FTL","floor":7},{"not_picked":["Self Repair","Meteor Strike"],"picked":"Go for the Eyes","floor":10},{"not_picked":["Streamline","Coolheaded"],"picked":"Reprogram","floor":11},{"not_picked":["Turbo","Coolheaded"],"picked":"Steam","floor":12},{"not_picked":["Conserve Battery","Self Repair"],"picked":"Reinforced Body","floor":13},{"not_picked":["Hyperbeam","Multi-Cast"],"picked":"Echo Form","floor":16},{"not_picked":["Go for the Eyes","Conserve Battery"],"picked":"Glacier","floor":18},{"not_picked":["Heatsinks","Ball Lightning"],"picked":"Go for the Eyes","floor":19},{"not_picked":["Fusion","Stack+1","Conserve Battery"],"picked":"SKIP","floor":20},{"not_picked":["Turbo","Steam"],"picked":"FTL","floor":22},{"not_picked":["Redo","Darkness"],"picked":"Scrape","floor":24},{"not_picked":["Stack","Cold Snap","Leap"],"picked":"Singing Bowl","floor":27}],"player_experience":1730439,"relics_obtained":[{"floor":7,"key":"Anchor"},{"floor":9,"key":"Gremlin Horn"},{"floor":11,"key":"Mercury Hourglass"},{"floor":26,"key":"Singing Bowl"}],"event_choices":[{"cards_removed":["Strike_B"],"damage_healed":0,"gold_gain":0,"player_choice":"Purged","damage_taken":0,"max_hp_gain":0,"max_hp_loss":0,"event_name":"Purifier","floor":4,"gold_loss":0},{"damage_healed":0,"gold_gain":50,"player_choice":"Pray","damage_taken":0,"max_hp_gain":0,"max_hp_loss":0,"event_name":"Golden Shrine","floor":14,"gold_loss":0},{"damage_healed":0,"gold_gain":0,"player_choice":"Forge","damage_taken":0,"max_hp_gain":0,"max_hp_loss":0,"event_name":"Accursed Blacksmith","floor":25,"gold_loss":0,"cards_upgraded":["Scrape"]}],"is_beta":false,"boss_relics":[{"not_picked":["Lizard Tail","Pandora\u0027s Box"],"picked":"Nuclear Battery"}],"items_purged_floors":[],"is_endless":false,"potions_floor_spawned":[11,12,16,19,20,24],"killed_by":"Book of Stabbing","ascension_level":15}