{"gold_per_floor":[119,119,23,36,53,53,88,106,106,134,134,134,169,16,16,119,119,132,149,149,248,248],"floor_reached":22,"playtime":796,"items_purged":[],"score":242,"play_id":"eb7ac78b-5e74-40cc-ac05-7b127214394b","local_time":"20181111185439","is_ascension_mode":true,"campfire_choices":[{"data":"Defragment","floor":6,"key":"SMITH"},{"floor":11,"key":"REST"},{"floor":15,"key":"REST"}],"neow_cost":"NONE","seed_source_timestamp":296109226779280,"circlet_count":0,"master_deck":["Strike_B","Strike_B","Strike_B","Strike_B","Defend_B","Defend_B","Defend_B","Defend_B","Zap","Dualcast","Consume+1","Defragment+1","Leap","Reinforced Body","Blizzard","Chill","Rebound","Rainbow","Conserve Battery","Cold Snap"],"relics":["Cracked Core","NeowsBlessing","Mercury Hourglass","Sundial","Cables","Meat on the Bone","Omamori","Fusion Hammer"],"potions_floor_usage":[8,10,13,22,22],"damage_taken":[{"damage":0,"enemies":"2 Louse","floor":1,"turns":1},{"damage":0,"enemies":"Cultist","floor":4,"turns":1},{"damage":0,"enemies":"Small Slimes","floor":5,"turns":1},{"damage":21,"enemies":"Lagavulin","floor":7,"turns":5},{"damage":19,"enemies":"3 Louse","floor":8,"turns":3},{"damage":22,"enemies":"3 Sentries","floor":10,"turns":6},{"damage":10,"enemies":"Gremlin Nob","floor":13,"turns":3},{"damage":36,"enemies":"The Guardian","floor":16,"turns":12},{"damage":0,"enemies":"Shell Parasite","floor":18,"turns":4},{"damage":12,"enemies":"Spheric Guardian","floor":19,"turns":4},{"damage":10,"enemies":"Colosseum Slavers","floor":22,"turns":5},{"damage":59,"enemies":"Colosseum Nobs","floor":22,"turns":8}],"seed_played":"-8663239856305896868","potions_obtained":[{"floor":5,"key":"SkillPotion"},{"floor":7,"key":"AttackPotion"},{"floor":8,"key":"GamblersBrew"},{"floor":12,"key":"Energy Potion"}],"is_trial":false,"path_per_floor":["M","?","$","M","M","R","E","M","T","E","R","?","E","$","R","B",null,"M","M","?","?","?"],"character_chosen":"DEFECT","items_purchased":["Fruit Juice","Omamori"],"campfire_rested":2,"item_purchase_floors":[3,14],"current_hp_per_floor":[75,75,75,75,75,75,54,40,40,18,42,42,32,32,56,32,80,80,68,68,68,0],"gold":248,"neow_bonus":"THREE_ENEMY_KILL","is_prod":false,"is_daily":false,"chose_seed":false,"campfire_upgraded":1,"win_rate":0,"timestamp":1541980479,"path_taken":["M","?","$","?","M","R","E","M","T","E","R","?","E","?","R","BOSS","M","?","?","?","?"],"build_version":"2018-11-08","purchased_purges":0,"victory":false,"max_hp_per_floor":[75,75,75,75,75,75,75,80,80,80,80,80,80,80,80,80,80,80,80,80,80,80],"card_choices":[{"not_picked":["Stack","Fusion"],"picked":"Consume","floor":1},{"not_picked":["Go for the Eyes","Chill"],"picked":"Defragment","floor":4},{"not_picked":["Sweeping Beam","BootSequence"],"picked":"Leap","floor":5},{"not_picked":["Gash","Stack"],"picked":"Reinforced Body","floor":7},{"not_picked":["Rebound","Gash"],"picked":"Blizzard","floor":8},{"not_picked":["Turbo","Aggregate"],"picked":"Chill","floor":10},{"not_picked":["Steam","Sunder"],"picked":"Rebound","floor":13},{"not_picked":["Fission","Creative AI"],"picked":"Rainbow","floor":16},{"not_picked":["Go for the Eyes+1","Beam Cell+1"],"picked":"Conserve Battery","floor":18},{"not_picked":["Streamline","Barrage+1","Gash"],"picked":"SKIP","floor":19}],"player_experience":447502,"relics_obtained":[{"floor":7,"key":"Mercury Hourglass"},{"floor":9,"key":"Sundial"},{"floor":10,"key":"Cables"},{"floor":13,"key":"Meat on the Bone"}],"event_choices":[{"damage_healed":0,"gold_gain":0,"player_choice":"Upgraded","damage_taken":0,"max_hp_gain":0,"max_hp_loss":0,"event_name":"Upgrade Shrine","floor":2,"gold_loss":0,"cards_upgraded":["Consume"]},{"damage_healed":0,"gold_gain":0,"player_choice":"Got Potions","damage_taken":0,"max_hp_gain":0,"max_hp_loss":0,"event_name":"Lab","floor":12,"gold_loss":0},{"damage_healed":0,"gold_gain":0,"player_choice":"Read","damage_taken":0,"max_hp_gain":0,"max_hp_loss":0,"event_name":"The Library","floor":20,"gold_loss":0,"cards_obtained":["Cold Snap"]},{"damage_healed":0,"gold_gain":99,"player_choice":"Stole From Cult","damage_taken":0,"max_hp_gain":0,"max_hp_loss":0,"event_name":"Nest","floor":21,"gold_loss":0},{"damage_healed":0,"gold_gain":0,"player_choice":"Fight","damage_taken":0,"max_hp_gain":0,"max_hp_loss":0,"event_name":"Colosseum","floor":22,"gold_loss":0},{"damage_healed":0,"gold_gain":0,"player_choice":"Fought Nobs","damage_taken":0,"max_hp_gain":0,"max_hp_loss":0,"event_name":"Colosseum","floor":22,"gold_loss":0}],"is_beta":true,"boss_relics":[{"not_picked":["Cursed Key","Busted Crown"],"picked":"Fusion Hammer"}],"items_purged_floors":[],"is_endless":false,"potions_floor_spawned":[5,7,8],"killed_by":"Colosseum Nobs","ascension_level":4}